Winamax Poker - Tournament "MYSTERY KO" buyIn: 1.80€ + 0.20€ level: 4 - HandId: #3052606855550337208-2-1700335564 - Holdem no limit (40/175/350) - 2023/11/18 19:26:04 UTC
Table: 'MYSTERY KO(710740419)#0183' 6-max (real money) Seat #6 is the button
Seat 1: Ab1sse (22639)
Seat 2: P1xel7 (20000)
Seat 3: polo1235 (19965)
Seat 4: BoubouWx (10693)
Seat 5: roniex (20143)
Seat 6: Ho0kzz (22477)
*** ANTE/BLINDS ***
Ab1sse posts ante 40
P1xel7 posts ante 40
polo1235 posts ante 40
BoubouWx posts ante 40
roniex posts ante 40
Ho0kzz posts ante 40
Ab1sse posts small blind 175
P1xel7 posts big blind 350
Dealt to P1xel7 [7s 7c]
*** PRE-FLOP *** 
polo1235 raises 350 to 700
BoubouWx folds
roniex folds
Ho0kzz folds
Ab1sse folds
P1xel7 calls 350
*** FLOP *** [3s Jc 4d]
P1xel7 checks
polo1235 bets 908
P1xel7 calls 908
*** TURN *** [3s Jc 4d][6h]
P1xel7 checks
polo1235 checks
*** RIVER *** [3s Jc 4d 6h][5h]
P1xel7 bets 2360
polo1235 folds
P1xel7 collected 5991 from pot
*** SUMMARY ***
Total pot 5991 | No rake
Board: [3s Jc 4d 6h 5h]
Seat 2: P1xel7 (big blind) won 5991


Winamax Poker - Tournament "MYSTERY KO" buyIn: 1.80€ + 0.20€ level: 4 - HandId: #3052606855550337208-3-1700335614 - Holdem no limit (40/175/350) - 2023/11/18 19:26:54 UTC
Table: 'MYSTERY KO(710740419)#0183' 6-max (real money) Seat #1 is the button
Seat 1: Ab1sse (22424)
Seat 2: P1xel7 (21983)
Seat 3: polo1235 (18317)
Seat 4: BoubouWx (10653)
Seat 5: roniex (20103)
Seat 6: Ho0kzz (22437)
*** ANTE/BLINDS ***
P1xel7 posts ante 40
polo1235 posts ante 40
Ab1sse posts ante 40
BoubouWx posts ante 40
roniex posts ante 40
Ho0kzz posts ante 40
P1xel7 posts small blind 175
polo1235 posts big blind 350
Dealt to P1xel7 [8c 2h]
*** PRE-FLOP *** 
BoubouWx folds
roniex folds
Ho0kzz folds
Ab1sse folds
P1xel7 folds
polo1235 collected 765 from pot
*** SUMMARY ***
Total pot 765 | No rake
Seat 3: polo1235 (big blind) won 765


Winamax Poker - Tournament "MYSTERY KO" buyIn: 1.80€ + 0.20€ level: 4 - HandId: #3052606855550337208-4-1700335665 - Holdem no limit (40/175/350) - 2023/11/18 19:27:45 UTC
Table: 'MYSTERY KO(710740419)#0183' 6-max (real money) Seat #2 is the button
Seat 1: Ab1sse (22384)
Seat 2: P1xel7 (21768)
Seat 3: polo1235 (18692)
Seat 4: BoubouWx (10613)
Seat 5: roniex (20063)
Seat 6: Ho0kzz (22397)
*** ANTE/BLINDS ***
polo1235 posts ante 40
BoubouWx posts ante 40
Ab1sse posts ante 40
P1xel7 posts ante 40
roniex posts ante 40
Ho0kzz posts ante 40
polo1235 posts small blind 175
BoubouWx posts big blind 350
Dealt to P1xel7 [2s 2d]
*** PRE-FLOP *** 
roniex folds
Ho0kzz folds
Ab1sse folds
P1xel7 raises 525 to 875
polo1235 calls 700
BoubouWx folds
*** FLOP *** [4s 7s Kc]
polo1235 checks
P1xel7 bets 819
polo1235 calls 819
*** TURN *** [4s 7s Kc][Jd]
polo1235 checks
P1xel7 bets 995
polo1235 calls 995
*** RIVER *** [4s 7s Kc Jd][3c]
polo1235 checks
P1xel7 checks
*** SHOW DOWN ***
P1xel7 shows [2s 2d] (One pair : 2)
polo1235 shows [Qh Js] (One pair : Jacks)
polo1235 collected 5968 from pot
*** SUMMARY ***
Total pot 5968 | No rake
Board: [4s 7s Kc Jd 3c]
Seat 2: P1xel7 (button) showed [2s 2d] and lost with One pair : 2
Seat 3: polo1235 (small blind) showed [Qh Js] and won 5968 with One pair : Jacks


Winamax Poker - Tournament "MYSTERY KO" buyIn: 1.80€ + 0.20€ level: 4 - HandId: #3052606855550337208-5-1700335744 - Holdem no limit (40/175/350) - 2023/11/18 19:29:04 UTC
Table: 'MYSTERY KO(710740419)#0183' 6-max (real money) Seat #3 is the button
Seat 1: Ab1sse (22344)
Seat 2: P1xel7 (19039)
Seat 3: polo1235 (21931)
Seat 4: BoubouWx (10223)
Seat 5: roniex (20023)
Seat 6: Ho0kzz (22357)
*** ANTE/BLINDS ***
BoubouWx posts ante 40
roniex posts ante 40
Ab1sse posts ante 40
P1xel7 posts ante 40
polo1235 posts ante 40
Ho0kzz posts ante 40
BoubouWx posts small blind 175
roniex posts big blind 350
Dealt to P1xel7 [Kh 6s]
*** PRE-FLOP *** 
Ho0kzz raises 350 to 700
Ab1sse folds
P1xel7 folds
polo1235 calls 700
BoubouWx folds
roniex calls 350
*** FLOP *** [Kc Ts Qd]
roniex checks
Ho0kzz checks
polo1235 checks
*** TURN *** [Kc Ts Qd][2c]
roniex checks
Ho0kzz checks
polo1235 checks
*** RIVER *** [Kc Ts Qd 2c][Qh]
roniex checks
Ho0kzz checks
polo1235 checks
*** SHOW DOWN ***
polo1235 shows [4d 3h] (One pair : Queens)
roniex shows [7h 6d] (One pair : Queens)
Ho0kzz shows [9s 9h] (Two pairs : Queens and 9)
Ho0kzz collected 2515 from pot
*** SUMMARY ***
Total pot 2515 | No rake
Board: [Kc Ts Qd 2c Qh]
Seat 3: polo1235 (button) showed [4d 3h] and lost with One pair : Queens
Seat 5: roniex (big blind) showed [7h 6d] and lost with One pair : Queens
Seat 6: Ho0kzz showed [9s 9h] and won 2515 with Two pairs : Queens and 9


Winamax Poker - Tournament "MYSTERY KO" buyIn: 1.80€ + 0.20€ level: 4 - HandId: #3052606855550337208-6-1700335831 - Holdem no limit (40/175/350) - 2023/11/18 19:30:31 UTC
Table: 'MYSTERY KO(710740419)#0183' 6-max (real money) Seat #4 is the button
Seat 1: Ab1sse (22304)
Seat 2: P1xel7 (18999)
Seat 3: polo1235 (21191)
Seat 4: BoubouWx (10008)
Seat 5: roniex (19283)
Seat 6: Ho0kzz (24132)
*** ANTE/BLINDS ***
roniex posts ante 40
Ho0kzz posts ante 40
Ab1sse posts ante 40
P1xel7 posts ante 40
polo1235 posts ante 40
BoubouWx posts ante 40
roniex posts small blind 175
Ho0kzz posts big blind 350
Dealt to P1xel7 [2h Ts]
*** PRE-FLOP *** 
Ab1sse folds
P1xel7 folds
polo1235 folds
BoubouWx folds
roniex raises 700 to 1050
Ho0kzz folds
roniex collected 1640 from pot
*** SUMMARY ***
Total pot 1640 | No rake
Seat 5: roniex (small blind) won 1640


Winamax Poker - Tournament "MYSTERY KO" buyIn: 1.80€ + 0.20€ level: 4 - HandId: #3052606855550337208-7-1700335872 - Holdem no limit (40/175/350) - 2023/11/18 19:31:12 UTC
Table: 'MYSTERY KO(710740419)#0183' 6-max (real money) Seat #5 is the button
Seat 1: Ab1sse (22264)
Seat 2: P1xel7 (18959)
Seat 3: polo1235 (21151)
Seat 4: BoubouWx (9968)
Seat 5: roniex (19833)
Seat 6: Ho0kzz (23742)
*** ANTE/BLINDS ***
Ho0kzz posts ante 40
Ab1sse posts ante 40
P1xel7 posts ante 40
polo1235 posts ante 40
BoubouWx posts ante 40
roniex posts ante 40
Ho0kzz posts small blind 175
Ab1sse posts big blind 350
Dealt to P1xel7 [Js 6h]
*** PRE-FLOP *** 
P1xel7 folds
polo1235 folds
BoubouWx folds
roniex folds
Ho0kzz calls 175
Ab1sse raises 875 to 1225
Ho0kzz folds
Ab1sse collected 1815 from pot
*** SUMMARY ***
Total pot 1815 | No rake
Seat 1: Ab1sse (big blind) won 1815


Winamax Poker - Tournament "MYSTERY KO" buyIn: 1.80€ + 0.20€ level: 4 - HandId: #3052606855550337208-8-1700335896 - Holdem no limit (40/175/350) - 2023/11/18 19:31:36 UTC
Table: 'MYSTERY KO(710740419)#0183' 6-max (real money) Seat #6 is the button
Seat 1: Ab1sse (22814)
Seat 2: P1xel7 (18919)
Seat 3: polo1235 (21111)
Seat 4: BoubouWx (9928)
Seat 5: roniex (19793)
Seat 6: Ho0kzz (23352)
*** ANTE/BLINDS ***
Ab1sse posts ante 40
P1xel7 posts ante 40
polo1235 posts ante 40
BoubouWx posts ante 40
roniex posts ante 40
Ho0kzz posts ante 40
Ab1sse posts small blind 175
P1xel7 posts big blind 350
Dealt to P1xel7 [8d 6s]
*** PRE-FLOP *** 
polo1235 folds
BoubouWx folds
roniex raises 385 to 735
Ho0kzz folds
Ab1sse calls 560
P1xel7 folds
*** FLOP *** [3d 3c 2d]
Ab1sse checks
roniex checks
*** TURN *** [3d 3c 2d][6d]
Ab1sse checks
roniex checks
*** RIVER *** [3d 3c 2d 6d][5h]
Ab1sse checks
roniex checks
*** SHOW DOWN ***
roniex shows [Kc Th] (One pair : 3)
Ab1sse shows [Ah Jc] (One pair : 3)
Ab1sse collected 2060 from pot
*** SUMMARY ***
Total pot 2060 | No rake
Board: [3d 3c 2d 6d 5h]
Seat 1: Ab1sse (small blind) showed [Ah Jc] and won 2060 with One pair : 3
Seat 5: roniex showed [Kc Th] and lost with One pair : 3


Winamax Poker - Tournament "MYSTERY KO" buyIn: 1.80€ + 0.20€ level: 5 - HandId: #3052606855550337208-9-1700335949 - Holdem no limit (50/200/400) - 2023/11/18 19:32:29 UTC
Table: 'MYSTERY KO(710740419)#0183' 6-max (real money) Seat #1 is the button
Seat 1: Ab1sse (24099)
Seat 2: P1xel7 (18529)
Seat 3: polo1235 (21071)
Seat 4: BoubouWx (9888)
Seat 5: roniex (19018)
Seat 6: Ho0kzz (23312)
*** ANTE/BLINDS ***
P1xel7 posts ante 50
polo1235 posts ante 50
Ab1sse posts ante 50
BoubouWx posts ante 50
roniex posts ante 50
Ho0kzz posts ante 50
P1xel7 posts small blind 200
polo1235 posts big blind 400
Dealt to P1xel7 [Ks Kc]
*** PRE-FLOP *** 
BoubouWx folds
roniex raises 440 to 840
Ho0kzz folds
Ab1sse folds
P1xel7 raises 2160 to 3000
polo1235 folds
roniex calls 2160
*** FLOP *** [Qc 8c Kh]
P1xel7 bets 2345
roniex raises 4523 to 6868
P1xel7 calls 4523
*** TURN *** [Qc 8c Kh][Jd]
P1xel7 checks
roniex bets 9100 and is all-in
P1xel7 calls 8611 and is all-in
*** RIVER *** [Qc 8c Kh Jd][As]
*** SHOW DOWN ***
P1xel7 shows [Ks Kc] (Trips of Kings)
roniex shows [5s 5h] (One pair : 5)
roniex collected 489 from side pot 1
P1xel7 collected 37658 from main pot
*** SUMMARY ***
Total pot 38147 | No rake
Board: [Qc 8c Kh Jd As]
Seat 2: P1xel7 (small blind) showed [Ks Kc] and won 37658 with Trips of Kings
Seat 5: roniex showed [5s 5h] and won 489 with One pair : 5


Winamax Poker - Tournament "MYSTERY KO" buyIn: 1.80€ + 0.20€ level: 5 - HandId: #3052606855550337208-10-1700336021 - Holdem no limit (50/200/400) - 2023/11/18 19:33:41 UTC
Table: 'MYSTERY KO(710740419)#0183' 6-max (real money) Seat #2 is the button
Seat 1: Ab1sse (24049)
Seat 2: P1xel7 (37658)
Seat 3: polo1235 (20621)
Seat 4: BoubouWx (9838)
Seat 5: roniex (489)
Seat 6: Ho0kzz (23262)
*** ANTE/BLINDS ***
polo1235 posts ante 50
BoubouWx posts ante 50
Ab1sse posts ante 50
P1xel7 posts ante 50
roniex posts ante 50
Ho0kzz posts ante 50
polo1235 posts small blind 200
BoubouWx posts big blind 400
Dealt to P1xel7 [Js 5s]
*** PRE-FLOP *** 
roniex raises 39 to 439 and is all-in
Ho0kzz folds
Ab1sse raises 1778 to 2217
P1xel7 folds
polo1235 raises 18354 to 20571 and is all-in
BoubouWx folds
Ab1sse calls 18354
*** FLOP *** [8c 6s 2c]
*** TURN *** [8c 6s 2c][9s]
*** RIVER *** [8c 6s 2c 9s][3c]
*** SHOW DOWN ***
polo1235 shows [Jd Jc] (One pair : Jacks)
roniex shows [6h Qc] (One pair : 6)
Ab1sse shows [Ks Kh] (One pair : Kings)
Ab1sse collected 42281 from pot
*** SUMMARY ***
Total pot 42281 | No rake
Board: [8c 6s 2c 9s 3c]
Seat 1: Ab1sse showed [Ks Kh] and won 42281 with One pair : Kings
Seat 3: polo1235 (small blind) showed [Jd Jc] and lost with One pair : Jacks
Seat 5: roniex showed [6h Qc] and lost with One pair : 6


Winamax Poker - Tournament "MYSTERY KO" buyIn: 1.80€ + 0.20€ level: 5 - HandId: #3052606855550337208-11-1700336059 - Holdem no limit (50/200/400) - 2023/11/18 19:34:19 UTC
Table: 'MYSTERY KO(710740419)#0183' 6-max (real money) Seat #3 is the button
Seat 1: Ab1sse (45709)
Seat 2: P1xel7 (37608)
Seat 4: BoubouWx (9388)
Seat 6: Ho0kzz (23212)
*** ANTE/BLINDS ***
BoubouWx posts ante 50
Ho0kzz posts ante 50
Ab1sse posts ante 50
P1xel7 posts ante 50
BoubouWx posts small blind 200
Ho0kzz posts big blind 400
Dealt to P1xel7 [Qh Jd]
*** PRE-FLOP *** 
Ab1sse folds
P1xel7 raises 600 to 1000
BoubouWx folds
Ho0kzz folds
P1xel7 collected 1800 from pot
*** SUMMARY ***
Total pot 1800 | No rake
Seat 2: P1xel7 won 1800


Winamax Poker - Tournament "MYSTERY KO" buyIn: 1.80€ + 0.20€ level: 5 - HandId: #3052606855550337208-12-1700336077 - Holdem no limit (50/200/400) - 2023/11/18 19:34:37 UTC
Table: 'MYSTERY KO(710740419)#0183' 6-max (real money) Seat #4 is the button
Seat 1: Ab1sse (45659)
Seat 2: P1xel7 (38358)
Seat 3: skyl1gh7 (20000)
Seat 4: BoubouWx (9138)
Seat 5: dgdg47200 (23860)
Seat 6: Ho0kzz (22762)
*** ANTE/BLINDS ***
Ho0kzz posts ante 50
Ab1sse posts ante 50
P1xel7 posts ante 50
skyl1gh7 posts ante 50
BoubouWx posts ante 50
Ho0kzz posts small blind 200
Ab1sse posts big blind 400
Dealt to P1xel7 [8h Qh]
*** PRE-FLOP *** 
P1xel7 folds
skyl1gh7 folds
BoubouWx folds
Ho0kzz raises 800 to 1200
Ab1sse folds
Ho0kzz collected 1850 from pot
*** SUMMARY ***
Total pot 1850 | No rake
Seat 6: Ho0kzz (small blind) won 1850


Winamax Poker - Tournament "MYSTERY KO" buyIn: 1.80€ + 0.20€ level: 5 - HandId: #3052606855550337208-13-1700336114 - Holdem no limit (50/200/400) - 2023/11/18 19:35:14 UTC
Table: 'MYSTERY KO(710740419)#0183' 6-max (real money) Seat #6 is the button
Seat 1: Ab1sse (45209)
Seat 2: P1xel7 (38308)
Seat 3: skyl1gh7 (19950)
Seat 4: BoubouWx (9088)
Seat 5: dgdg47200 (23860)
Seat 6: Ho0kzz (23362)
*** ANTE/BLINDS ***
Ab1sse posts ante 50
P1xel7 posts ante 50
skyl1gh7 posts ante 50
BoubouWx posts ante 50
dgdg47200 posts ante 50
Ho0kzz posts ante 50
Ab1sse posts small blind 200
P1xel7 posts big blind 400
Dealt to P1xel7 [6s 8d]
*** PRE-FLOP *** 
skyl1gh7 folds
BoubouWx folds
dgdg47200 folds
Ho0kzz folds
Ab1sse calls 200
P1xel7 checks
*** FLOP *** [Kd 7d As]
Ab1sse checks
P1xel7 bets 550
Ab1sse folds
P1xel7 collected 1650 from pot
*** SUMMARY ***
Total pot 1650 | No rake
Board: [Kd 7d As]
Seat 2: P1xel7 (big blind) won 1650


Winamax Poker - Tournament "MYSTERY KO" buyIn: 1.80€ + 0.20€ level: 5 - HandId: #3052606855550337208-14-1700336187 - Holdem no limit (50/200/400) - 2023/11/18 19:36:27 UTC
Table: 'MYSTERY KO(710740419)#0183' 6-max (real money) Seat #1 is the button
Seat 1: Ab1sse (44759)
Seat 2: P1xel7 (38958)
Seat 3: skyl1gh7 (19900)
Seat 4: BoubouWx (9038)
Seat 5: dgdg47200 (23810)
Seat 6: Ho0kzz (23312)
*** ANTE/BLINDS ***
P1xel7 posts ante 50
skyl1gh7 posts ante 50
Ab1sse posts ante 50
BoubouWx posts ante 50
dgdg47200 posts ante 50
Ho0kzz posts ante 50
P1xel7 posts small blind 200
skyl1gh7 posts big blind 400
Dealt to P1xel7 [8c 3d]
*** PRE-FLOP *** 
BoubouWx folds
dgdg47200 folds
Ho0kzz folds
Ab1sse folds
P1xel7 folds
skyl1gh7 collected 900 from pot
*** SUMMARY ***
Total pot 900 | No rake
Seat 3: skyl1gh7 (big blind) won 900


Winamax Poker - Tournament "MYSTERY KO" buyIn: 1.80€ + 0.20€ level: 5 - HandId: #3052606855550337208-15-1700336200 - Holdem no limit (50/200/400) - 2023/11/18 19:36:40 UTC
Table: 'MYSTERY KO(710740419)#0183' 6-max (real money) Seat #2 is the button
Seat 1: Ab1sse (44709)
Seat 2: P1xel7 (38708)
Seat 3: skyl1gh7 (20350)
Seat 4: BoubouWx (8988)
Seat 5: dgdg47200 (23760)
Seat 6: Ho0kzz (23262)
*** ANTE/BLINDS ***
skyl1gh7 posts ante 50
BoubouWx posts ante 50
Ab1sse posts ante 50
P1xel7 posts ante 50
dgdg47200 posts ante 50
Ho0kzz posts ante 50
skyl1gh7 posts small blind 200
BoubouWx posts big blind 400
Dealt to P1xel7 [Ks Qh]
*** PRE-FLOP *** 
dgdg47200 folds
Ho0kzz folds
Ab1sse raises 600 to 1000
P1xel7 calls 1000
skyl1gh7 folds
BoubouWx folds
*** FLOP *** [8s 7s 2s]
Ab1sse bets 957
P1xel7 folds
Ab1sse collected 3857 from pot
*** SUMMARY ***
Total pot 3857 | No rake
Board: [8s 7s 2s]
Seat 1: Ab1sse won 3857


Winamax Poker - Tournament "MYSTERY KO" buyIn: 1.80€ + 0.20€ level: 5 - HandId: #3052606855550337208-16-1700336229 - Holdem no limit (50/200/400) - 2023/11/18 19:37:09 UTC
Table: 'MYSTERY KO(710740419)#0183' 6-max (real money) Seat #3 is the button
Seat 1: Ab1sse (46559)
Seat 2: P1xel7 (37658)
Seat 3: skyl1gh7 (20100)
Seat 4: BoubouWx (8538)
Seat 5: dgdg47200 (23710)
Seat 6: Ho0kzz (23212)
*** ANTE/BLINDS ***
BoubouWx posts ante 50
dgdg47200 posts ante 50
Ab1sse posts ante 50
P1xel7 posts ante 50
skyl1gh7 posts ante 50
Ho0kzz posts ante 50
BoubouWx posts small blind 200
dgdg47200 posts big blind 400
Dealt to P1xel7 [9h Ac]
*** PRE-FLOP *** 
Ho0kzz folds
Ab1sse raises 600 to 1000
P1xel7 folds
skyl1gh7 folds
BoubouWx folds
dgdg47200 folds
Ab1sse collected 1900 from pot
*** SUMMARY ***
Total pot 1900 | No rake
Seat 1: Ab1sse won 1900


Winamax Poker - Tournament "MYSTERY KO" buyIn: 1.80€ + 0.20€ level: 5 - HandId: #3052606855550337208-17-1700336249 - Holdem no limit (50/200/400) - 2023/11/18 19:37:29 UTC
Table: 'MYSTERY KO(710740419)#0183' 6-max (real money) Seat #4 is the button
Seat 1: Ab1sse (47409)
Seat 2: P1xel7 (37608)
Seat 3: skyl1gh7 (20050)
Seat 4: BoubouWx (8288)
Seat 5: dgdg47200 (23260)
Seat 6: Ho0kzz (23162)
*** ANTE/BLINDS ***
dgdg47200 posts ante 50
Ho0kzz posts ante 50
Ab1sse posts ante 50
P1xel7 posts ante 50
skyl1gh7 posts ante 50
BoubouWx posts ante 50
dgdg47200 posts small blind 200
Ho0kzz posts big blind 400
Dealt to P1xel7 [3d Ah]
*** PRE-FLOP *** 
Ab1sse folds
P1xel7 folds
skyl1gh7 folds
BoubouWx raises 440 to 840
dgdg47200 folds
Ho0kzz raises 22272 to 23112 and is all-in
BoubouWx folds
Ho0kzz collected 24452 from pot
*** SUMMARY ***
Total pot 24452 | No rake
Seat 6: Ho0kzz (big blind) won 24452


Winamax Poker - Tournament "MYSTERY KO" buyIn: 1.80€ + 0.20€ level: 5 - HandId: #3052606855550337208-18-1700336293 - Holdem no limit (50/200/400) - 2023/11/18 19:38:13 UTC
Table: 'MYSTERY KO(710740419)#0183' 6-max (real money) Seat #5 is the button
Seat 1: Ab1sse (47359)
Seat 2: P1xel7 (37558)
Seat 3: skyl1gh7 (20000)
Seat 4: BoubouWx (7398)
Seat 5: dgdg47200 (23010)
Seat 6: Ho0kzz (24452)
*** ANTE/BLINDS ***
Ho0kzz posts ante 50
Ab1sse posts ante 50
P1xel7 posts ante 50
skyl1gh7 posts ante 50
BoubouWx posts ante 50
dgdg47200 posts ante 50
Ho0kzz posts small blind 200
Ab1sse posts big blind 400
Dealt to P1xel7 [Ts 5d]
*** PRE-FLOP *** 
P1xel7 folds
skyl1gh7 folds
BoubouWx folds
dgdg47200 folds
Ho0kzz calls 200
Ab1sse checks
*** FLOP *** [6d 7c 9h]
Ho0kzz checks
Ab1sse checks
*** TURN *** [6d 7c 9h][8h]
Ho0kzz checks
Ab1sse checks
*** RIVER *** [6d 7c 9h 8h][As]
Ho0kzz checks
Ab1sse checks
*** SHOW DOWN ***
Ab1sse shows [4d 2c] (High card : Ace)
Ho0kzz shows [Qh 3c] (High card : Ace)
Ho0kzz collected 1100 from pot
*** SUMMARY ***
Total pot 1100 | No rake
Board: [6d 7c 9h 8h As]
Seat 1: Ab1sse (big blind) showed [4d 2c] and lost with High card : Ace
Seat 6: Ho0kzz (small blind) showed [Qh 3c] and won 1100 with High card : Ace


Winamax Poker - Tournament "MYSTERY KO" buyIn: 1.80€ + 0.20€ level: 6 - HandId: #3052606855550337208-19-1700336341 - Holdem no limit (60/250/500) - 2023/11/18 19:39:01 UTC
Table: 'MYSTERY KO(710740419)#0183' 6-max (real money) Seat #6 is the button
Seat 1: Ab1sse (46909)
Seat 2: P1xel7 (37508)
Seat 3: skyl1gh7 (19950)
Seat 4: BoubouWx (7348)
Seat 5: dgdg47200 (22960)
Seat 6: Ho0kzz (25102)
*** ANTE/BLINDS ***
Ab1sse posts ante 60
P1xel7 posts ante 60
skyl1gh7 posts ante 60
BoubouWx posts ante 60
dgdg47200 posts ante 60
Ho0kzz posts ante 60
Ab1sse posts small blind 250
P1xel7 posts big blind 500
Dealt to P1xel7 [4c Ac]
*** PRE-FLOP *** 
skyl1gh7 folds
BoubouWx folds
dgdg47200 folds
Ho0kzz folds
Ab1sse calls 250
P1xel7 checks
*** FLOP *** [Ah 6s Jc]
Ab1sse bets 500
P1xel7 calls 500
*** TURN *** [Ah 6s Jc][Ts]
Ab1sse bets 1298
P1xel7 calls 1298
*** RIVER *** [Ah 6s Jc Ts][Js]
Ab1sse checks
P1xel7 bets 3965
Ab1sse folds
P1xel7 collected 8921 from pot
*** SUMMARY ***
Total pot 8921 | No rake
Board: [Ah 6s Jc Ts Js]
Seat 2: P1xel7 (big blind) won 8921


Winamax Poker - Tournament "MYSTERY KO" buyIn: 1.80€ + 0.20€ level: 6 - HandId: #3052606855550337208-20-1700336435 - Holdem no limit (60/250/500) - 2023/11/18 19:40:35 UTC
Table: 'MYSTERY KO(710740419)#0183' 6-max (real money) Seat #1 is the button
Seat 1: Ab1sse (44551)
Seat 2: P1xel7 (40106)
Seat 3: skyl1gh7 (19890)
Seat 4: BoubouWx (7288)
Seat 5: dgdg47200 (22900)
Seat 6: Ho0kzz (25042)
*** ANTE/BLINDS ***
P1xel7 posts ante 60
skyl1gh7 posts ante 60
Ab1sse posts ante 60
BoubouWx posts ante 60
dgdg47200 posts ante 60
Ho0kzz posts ante 60
P1xel7 posts small blind 250
skyl1gh7 posts big blind 500
Dealt to P1xel7 [2h Kh]
*** PRE-FLOP *** 
BoubouWx folds
dgdg47200 folds
Ho0kzz folds
Ab1sse raises 750 to 1250
P1xel7 folds
skyl1gh7 raises 3000 to 4250
Ab1sse calls 3000
*** FLOP *** [9h Jd Jh]
skyl1gh7 bets 2004
Ab1sse folds
skyl1gh7 collected 11114 from pot
*** SUMMARY ***
Total pot 11114 | No rake
Board: [9h Jd Jh]
Seat 3: skyl1gh7 (big blind) won 11114


Winamax Poker - Tournament "MYSTERY KO" buyIn: 1.80€ + 0.20€ level: 6 - HandId: #3052606855550337208-21-1700336486 - Holdem no limit (60/250/500) - 2023/11/18 19:41:26 UTC
Table: 'MYSTERY KO(710740419)#0183' 6-max (real money) Seat #2 is the button
Seat 1: Ab1sse (40241)
Seat 2: P1xel7 (39796)
Seat 3: skyl1gh7 (24690)
Seat 4: BoubouWx (7228)
Seat 5: dgdg47200 (22840)
Seat 6: Ho0kzz (24982)
*** ANTE/BLINDS ***
skyl1gh7 posts ante 60
BoubouWx posts ante 60
Ab1sse posts ante 60
P1xel7 posts ante 60
dgdg47200 posts ante 60
Ho0kzz posts ante 60
skyl1gh7 posts small blind 250
BoubouWx posts big blind 500
Dealt to P1xel7 [6h Qs]
*** PRE-FLOP *** 
dgdg47200 folds
Ho0kzz raises 500 to 1000
Ab1sse folds
P1xel7 folds
skyl1gh7 folds
BoubouWx calls 500
*** FLOP *** [8h As Qc]
BoubouWx checks
Ho0kzz bets 861
BoubouWx folds
Ho0kzz collected 3471 from pot
*** SUMMARY ***
Total pot 3471 | No rake
Board: [8h As Qc]
Seat 6: Ho0kzz won 3471


Winamax Poker - Tournament "MYSTERY KO" buyIn: 1.80€ + 0.20€ level: 6 - HandId: #3052606855550337208-22-1700336547 - Holdem no limit (60/250/500) - 2023/11/18 19:42:27 UTC
Table: 'MYSTERY KO(710740419)#0183' 6-max (real money) Seat #3 is the button
Seat 1: Ab1sse (40181)
Seat 2: P1xel7 (39736)
Seat 3: skyl1gh7 (24380)
Seat 4: BoubouWx (6168)
Seat 5: dgdg47200 (22780)
Seat 6: Ho0kzz (26532)
*** ANTE/BLINDS ***
BoubouWx posts ante 60
dgdg47200 posts ante 60
Ab1sse posts ante 60
P1xel7 posts ante 60
skyl1gh7 posts ante 60
Ho0kzz posts ante 60
BoubouWx posts small blind 250
dgdg47200 posts big blind 500
Dealt to P1xel7 [9c 2c]
*** PRE-FLOP *** 
Ho0kzz folds
Ab1sse folds
P1xel7 folds
skyl1gh7 raises 500 to 1000
BoubouWx raises 5108 to 6108 and is all-in
dgdg47200 folds
skyl1gh7 raises 18212 to 24320 and is all-in
*** FLOP *** [Ah 8d Qc]
*** TURN *** [Ah 8d Qc][2h]
*** RIVER *** [Ah 8d Qc 2h][3d]
*** SHOW DOWN ***
skyl1gh7 shows [4d 4s] (One pair : 4)
BoubouWx shows [Ac Tc] (One pair : Aces)
BoubouWx collected 13076 from main pot
skyl1gh7 collected 18212 from side pot 1
*** SUMMARY ***
Total pot 31288 | No rake
Board: [Ah 8d Qc 2h 3d]
Seat 3: skyl1gh7 (button) showed [4d 4s] and won 18212 with One pair : 4
Seat 4: BoubouWx (small blind) showed [Ac Tc] and won 13076 with One pair : Aces


Winamax Poker - Tournament "MYSTERY KO" buyIn: 1.80€ + 0.20€ level: 6 - HandId: #3052606855550337208-23-1700336585 - Holdem no limit (60/250/500) - 2023/11/18 19:43:05 UTC
Table: 'MYSTERY KO(710740419)#0183' 6-max (real money) Seat #4 is the button
Seat 1: Ab1sse (40121)
Seat 2: P1xel7 (39676)
Seat 3: skyl1gh7 (18212)
Seat 4: BoubouWx (13076)
Seat 5: dgdg47200 (22220)
Seat 6: Ho0kzz (26472)
*** ANTE/BLINDS ***
dgdg47200 posts ante 60
Ho0kzz posts ante 60
Ab1sse posts ante 60
P1xel7 posts ante 60
skyl1gh7 posts ante 60
BoubouWx posts ante 60
dgdg47200 posts small blind 250
Ho0kzz posts big blind 500
Dealt to P1xel7 [9d 8h]
*** PRE-FLOP *** 
Ab1sse raises 750 to 1250
P1xel7 folds
skyl1gh7 folds
BoubouWx folds
dgdg47200 folds
Ho0kzz calls 750
*** FLOP *** [4s 8c 8s]
Ho0kzz checks
Ab1sse bets 1026
Ho0kzz raises 2526 to 3552
Ab1sse calls 2526
*** TURN *** [4s 8c 8s][7h]
Ho0kzz bets 6639
Ab1sse folds
Ho0kzz collected 16853 from pot
*** SUMMARY ***
Total pot 16853 | No rake
Board: [4s 8c 8s 7h]
Seat 6: Ho0kzz (big blind) won 16853


Winamax Poker - Tournament "MYSTERY KO" buyIn: 1.80€ + 0.20€ level: 6 - HandId: #3052606855550337208-24-1700336673 - Holdem no limit (60/250/500) - 2023/11/18 19:44:33 UTC
Table: 'MYSTERY KO(710740419)#0183' 6-max (real money) Seat #5 is the button
Seat 1: Ab1sse (35259)
Seat 2: P1xel7 (39616)
Seat 3: skyl1gh7 (18152)
Seat 4: BoubouWx (13016)
Seat 5: dgdg47200 (21910)
Seat 6: Ho0kzz (31824)
*** ANTE/BLINDS ***
Ho0kzz posts ante 60
Ab1sse posts ante 60
P1xel7 posts ante 60
skyl1gh7 posts ante 60
BoubouWx posts ante 60
dgdg47200 posts ante 60
Ho0kzz posts small blind 250
Ab1sse posts big blind 500
Dealt to P1xel7 [4s 8s]
*** PRE-FLOP *** 
P1xel7 folds
skyl1gh7 raises 500 to 1000
BoubouWx folds
dgdg47200 folds
Ho0kzz folds
Ab1sse calls 500
*** FLOP *** [3s 7d 7h]
Ab1sse checks
skyl1gh7 bets 574
Ab1sse calls 574
*** TURN *** [3s 7d 7h][5h]
Ab1sse checks
skyl1gh7 checks
*** RIVER *** [3s 7d 7h 5h][Ks]
Ab1sse checks
skyl1gh7 checks
*** SHOW DOWN ***
Ab1sse shows [Td Qc] (One pair : 7)
skyl1gh7 shows [4h Ah] (One pair : 7)
skyl1gh7 collected 3758 from pot
*** SUMMARY ***
Total pot 3758 | No rake
Board: [3s 7d 7h 5h Ks]
Seat 1: Ab1sse (big blind) showed [Td Qc] and lost with One pair : 7
Seat 3: skyl1gh7 showed [4h Ah] and won 3758 with One pair : 7


Winamax Poker - Tournament "MYSTERY KO" buyIn: 1.80€ + 0.20€ level: 6 - HandId: #3052606855550337208-25-1700336740 - Holdem no limit (60/250/500) - 2023/11/18 19:45:40 UTC
Table: 'MYSTERY KO(710740419)#0183' 6-max (real money) Seat #6 is the button
Seat 1: Ab1sse (33625)
Seat 2: P1xel7 (39556)
Seat 3: skyl1gh7 (20276)
Seat 4: BoubouWx (12956)
Seat 5: dgdg47200 (21850)
Seat 6: Ho0kzz (31514)
*** ANTE/BLINDS ***
Ab1sse posts ante 60
P1xel7 posts ante 60
skyl1gh7 posts ante 60
BoubouWx posts ante 60
dgdg47200 posts ante 60
Ho0kzz posts ante 60
Ab1sse posts small blind 250
P1xel7 posts big blind 500
Dealt to P1xel7 [Kd 5d]
*** PRE-FLOP *** 
skyl1gh7 raises 500 to 1000
BoubouWx folds
dgdg47200 folds
Ho0kzz folds
Ab1sse folds
P1xel7 calls 500
*** FLOP *** [Th Qh 6h]
P1xel7 checks
skyl1gh7 bets 914
P1xel7 folds
skyl1gh7 collected 3524 from pot
*** SUMMARY ***
Total pot 3524 | No rake
Board: [Th Qh 6h]
Seat 3: skyl1gh7 won 3524


Winamax Poker - Tournament "MYSTERY KO" buyIn: 1.80€ + 0.20€ level: 7 - HandId: #3052606855550337208-26-1700336783 - Holdem no limit (70/300/600) - 2023/11/18 19:46:23 UTC
Table: 'MYSTERY KO(710740419)#0183' 6-max (real money) Seat #1 is the button
Seat 1: Ab1sse (33315)
Seat 2: P1xel7 (38496)
Seat 3: skyl1gh7 (21826)
Seat 4: BoubouWx (12896)
Seat 5: dgdg47200 (21790)
Seat 6: Ho0kzz (31454)
*** ANTE/BLINDS ***
P1xel7 posts ante 70
skyl1gh7 posts ante 70
Ab1sse posts ante 70
BoubouWx posts ante 70
dgdg47200 posts ante 70
Ho0kzz posts ante 70
P1xel7 posts small blind 300
skyl1gh7 posts big blind 600
Dealt to P1xel7 [6c 2c]
*** PRE-FLOP *** 
BoubouWx folds
dgdg47200 folds
Ho0kzz folds
Ab1sse raises 900 to 1500
P1xel7 folds
skyl1gh7 folds
Ab1sse collected 2820 from pot
*** SUMMARY ***
Total pot 2820 | No rake
Seat 1: Ab1sse (button) won 2820


Winamax Poker - Tournament "MYSTERY KO" buyIn: 1.80€ + 0.20€ level: 7 - HandId: #3052606855550337208-27-1700336809 - Holdem no limit (70/300/600) - 2023/11/18 19:46:49 UTC
Table: 'MYSTERY KO(710740419)#0183' 6-max (real money) Seat #2 is the button
Seat 1: Ab1sse (34565)
Seat 2: P1xel7 (38126)
Seat 3: skyl1gh7 (21156)
Seat 4: BoubouWx (12826)
Seat 5: dgdg47200 (21720)
Seat 6: Ho0kzz (31384)
*** ANTE/BLINDS ***
skyl1gh7 posts ante 70
BoubouWx posts ante 70
Ab1sse posts ante 70
P1xel7 posts ante 70
dgdg47200 posts ante 70
Ho0kzz posts ante 70
skyl1gh7 posts small blind 300
BoubouWx posts big blind 600
Dealt to P1xel7 [Ac As]
*** PRE-FLOP *** 
dgdg47200 folds
Ho0kzz folds
Ab1sse folds
P1xel7 raises 900 to 1500
skyl1gh7 raises 19586 to 21086 and is all-in
BoubouWx folds
P1xel7 calls 19586
*** FLOP *** [5h 8d 3h]
*** TURN *** [5h 8d 3h][7h]
*** RIVER *** [5h 8d 3h 7h][Qh]
*** SHOW DOWN ***
P1xel7 shows [Ac As] (One pair : Aces)
skyl1gh7 shows [Ad 9h] (Flush Queen high)
skyl1gh7 collected 43192 from pot
*** SUMMARY ***
Total pot 43192 | No rake
Board: [5h 8d 3h 7h Qh]
Seat 2: P1xel7 (button) showed [Ac As] and lost with One pair : Aces
Seat 3: skyl1gh7 (small blind) showed [Ad 9h] and won 43192 with Flush Queen high


Winamax Poker - Tournament "MYSTERY KO" buyIn: 1.80€ + 0.20€ level: 7 - HandId: #3052606855550337208-28-1700336848 - Holdem no limit (70/300/600) - 2023/11/18 19:47:28 UTC
Table: 'MYSTERY KO(710740419)#0183' 6-max (real money) Seat #3 is the button
Seat 1: Ab1sse (34495)
Seat 2: P1xel7 (16970)
Seat 3: skyl1gh7 (43192)
Seat 4: BoubouWx (12156)
Seat 5: dgdg47200 (21650)
Seat 6: Ho0kzz (31314)
*** ANTE/BLINDS ***
BoubouWx posts ante 70
dgdg47200 posts ante 70
Ab1sse posts ante 70
P1xel7 posts ante 70
skyl1gh7 posts ante 70
Ho0kzz posts ante 70
BoubouWx posts small blind 300
dgdg47200 posts big blind 600
Dealt to P1xel7 [3h 9d]
*** PRE-FLOP *** 
Ho0kzz folds
Ab1sse folds
P1xel7 folds
skyl1gh7 folds
BoubouWx raises 1200 to 1800
dgdg47200 raises 19780 to 21580 and is all-in
BoubouWx calls 10286 and is all-in
*** FLOP *** [4d 9h Qd]
*** TURN *** [4d 9h Qd][5d]
*** RIVER *** [4d 9h Qd 5d][2c]
*** SHOW DOWN ***
BoubouWx shows [Ad Kd] (Flush Ace high)
dgdg47200 shows [7h 7s] (One pair : 7)
dgdg47200 collected 9494 from side pot 1
BoubouWx collected 24592 from main pot
*** SUMMARY ***
Total pot 34086 | No rake
Board: [4d 9h Qd 5d 2c]
Seat 4: BoubouWx (small blind) showed [Ad Kd] and won 24592 with Flush Ace high
Seat 5: dgdg47200 (big blind) showed [7h 7s] and won 9494 with One pair : 7


Winamax Poker - Tournament "MYSTERY KO" buyIn: 1.80€ + 0.20€ level: 7 - HandId: #3052606855550337208-29-1700336893 - Holdem no limit (70/300/600) - 2023/11/18 19:48:13 UTC
Table: 'MYSTERY KO(710740419)#0183' 6-max (real money) Seat #4 is the button
Seat 1: Ab1sse (34425)
Seat 2: P1xel7 (16900)
Seat 3: skyl1gh7 (43122)
Seat 4: BoubouWx (24592)
Seat 5: dgdg47200 (9494)
Seat 6: Ho0kzz (31244)
*** ANTE/BLINDS ***
dgdg47200 posts ante 70
Ho0kzz posts ante 70
Ab1sse posts ante 70
P1xel7 posts ante 70
skyl1gh7 posts ante 70
BoubouWx posts ante 70
dgdg47200 posts small blind 300
Ho0kzz posts big blind 600
Dealt to P1xel7 [6c 4c]
*** PRE-FLOP *** 
Ab1sse raises 900 to 1500
P1xel7 folds
skyl1gh7 folds
BoubouWx folds
dgdg47200 folds
Ho0kzz calls 900
*** FLOP *** [9d 8h 9s]
Ho0kzz checks
Ab1sse checks
*** TURN *** [9d 8h 9s][Qh]
Ho0kzz checks
Ab1sse checks
*** RIVER *** [9d 8h 9s Qh][3s]
Ho0kzz checks
Ab1sse checks
*** SHOW DOWN ***
Ab1sse shows [Ah 7h] (One pair : 9)
Ho0kzz shows [8c Jc] (Two pairs : 9 and 8)
Ho0kzz collected 3720 from pot
*** SUMMARY ***
Total pot 3720 | No rake
Board: [9d 8h 9s Qh 3s]
Seat 1: Ab1sse showed [Ah 7h] and lost with One pair : 9
Seat 6: Ho0kzz (big blind) showed [8c Jc] and won 3720 with Two pairs : 9 and 8


Winamax Poker - Tournament "MYSTERY KO" buyIn: 1.80€ + 0.20€ level: 7 - HandId: #3052606855550337208-31-1700337011 - Holdem no limit (70/300/600) - 2023/11/18 19:50:11 UTC
Table: 'MYSTERY KO(710740419)#0183' 6-max (real money) Seat #6 is the button
Seat 1: Ab1sse (33805)
Seat 2: P1xel7 (16760)
Seat 3: skyl1gh7 (42982)
Seat 4: BoubouWx (24452)
Seat 5: dgdg47200 (9054)
Seat 6: Ho0kzz (32724)
*** ANTE/BLINDS ***
Ab1sse posts ante 70
P1xel7 posts ante 70
skyl1gh7 posts ante 70
BoubouWx posts ante 70
dgdg47200 posts ante 70
Ho0kzz posts ante 70
Ab1sse posts small blind 300
P1xel7 posts big blind 600
Dealt to P1xel7 [4d Ks]
*** PRE-FLOP *** 
skyl1gh7 raises 600 to 1200
BoubouWx folds
dgdg47200 folds
Ho0kzz raises 3000 to 4200
Ab1sse folds
P1xel7 folds
skyl1gh7 calls 3000
*** FLOP *** [Tc 5d Kh]
skyl1gh7 checks
Ho0kzz bets 3208
skyl1gh7 calls 3208
*** TURN *** [Tc 5d Kh][Jh]
skyl1gh7 checks
Ho0kzz checks
*** RIVER *** [Tc 5d Kh Jh][Ad]
skyl1gh7 bets 13393
Ho0kzz folds
skyl1gh7 collected 29529 from pot
*** SUMMARY ***
Total pot 29529 | No rake
Board: [Tc 5d Kh Jh Ad]
Seat 3: skyl1gh7 won 29529


Winamax Poker - Tournament "MYSTERY KO" buyIn: 1.80€ + 0.20€ level: 7 - HandId: #3052606855550337208-32-1700337144 - Holdem no limit (70/300/600) - 2023/11/18 19:52:24 UTC
Table: 'MYSTERY KO(710740419)#0183' 6-max (real money) Seat #1 is the button
Seat 1: Ab1sse (33435)
Seat 2: P1xel7 (16090)
Seat 3: skyl1gh7 (51640)
Seat 4: BoubouWx (24382)
Seat 5: dgdg47200 (8984)
Seat 6: Ho0kzz (25246)
*** ANTE/BLINDS ***
P1xel7 posts ante 70
skyl1gh7 posts ante 70
Ab1sse posts ante 70
BoubouWx posts ante 70
dgdg47200 posts ante 70
Ho0kzz posts ante 70
P1xel7 posts small blind 300
skyl1gh7 posts big blind 600
Dealt to P1xel7 [5d 4h]
*** PRE-FLOP *** 
BoubouWx raises 660 to 1260
dgdg47200 folds
Ho0kzz folds
Ab1sse folds
P1xel7 folds
skyl1gh7 folds
BoubouWx collected 2580 from pot
*** SUMMARY ***
Total pot 2580 | No rake
Seat 4: BoubouWx won 2580


Winamax Poker - Tournament "MYSTERY KO" buyIn: 1.80€ + 0.20€ level: 7 - HandId: #3052606855550337208-33-1700337177 - Holdem no limit (70/300/600) - 2023/11/18 19:52:57 UTC
Table: 'MYSTERY KO(710740419)#0183' 6-max (real money) Seat #2 is the button
Seat 1: Ab1sse (33365)
Seat 2: P1xel7 (15720)
Seat 3: skyl1gh7 (50970)
Seat 4: BoubouWx (25632)
Seat 5: dgdg47200 (8914)
Seat 6: Ho0kzz (25176)
*** ANTE/BLINDS ***
skyl1gh7 posts ante 70
BoubouWx posts ante 70
Ab1sse posts ante 70
P1xel7 posts ante 70
dgdg47200 posts ante 70
Ho0kzz posts ante 70
skyl1gh7 posts small blind 300
BoubouWx posts big blind 600
Dealt to P1xel7 [6h Kd]
*** PRE-FLOP *** 
dgdg47200 folds
Ho0kzz folds
Ab1sse folds
P1xel7 folds
skyl1gh7 raises 1500 to 2100
BoubouWx calls 1500
*** FLOP *** [4h 5s 8s]
skyl1gh7 bets 3835
BoubouWx folds
skyl1gh7 collected 8455 from pot
*** SUMMARY ***
Total pot 8455 | No rake
Board: [4h 5s 8s]
Seat 3: skyl1gh7 (small blind) won 8455


Winamax Poker - Tournament "MYSTERY KO" buyIn: 1.80€ + 0.20€ level: 8 - HandId: #3052606855550337208-34-1700337278 - Holdem no limit (80/350/700) - 2023/11/18 19:54:38 UTC
Table: 'MYSTERY KO(710740419)#0183' 6-max (real money) Seat #3 is the button
Seat 1: Ab1sse (33295)
Seat 2: P1xel7 (15650)
Seat 3: skyl1gh7 (53420)
Seat 4: BoubouWx (23462)
Seat 5: dgdg47200 (8844)
Seat 6: Ho0kzz (25106)
*** ANTE/BLINDS ***
BoubouWx posts ante 80
dgdg47200 posts ante 80
Ab1sse posts ante 80
P1xel7 posts ante 80
skyl1gh7 posts ante 80
Ho0kzz posts ante 80
BoubouWx posts small blind 350
dgdg47200 posts big blind 700
Dealt to P1xel7 [Ts Qs]
*** PRE-FLOP *** 
Ho0kzz folds
Ab1sse folds
P1xel7 raises 1050 to 1750
skyl1gh7 folds
BoubouWx folds
dgdg47200 calls 1050
*** FLOP *** [Qh Qc 5h]
dgdg47200 checks
P1xel7 bets 1516
dgdg47200 folds
P1xel7 collected 5846 from pot
*** SUMMARY ***
Total pot 5846 | No rake
Board: [Qh Qc 5h]
Seat 2: P1xel7 won 5846


Winamax Poker - Tournament "MYSTERY KO" buyIn: 1.80€ + 0.20€ level: 8 - HandId: #3052606855550337208-35-1700337661 - Holdem no limit (80/350/700) - 2023/11/18 20:01:01 UTC
Table: 'MYSTERY KO(710740419)#0183' 6-max (real money) Seat #4 is the button
Seat 1: Ab1sse (33215)
Seat 2: P1xel7 (18150)
Seat 3: skyl1gh7 (53340)
Seat 4: BoubouWx (23032)
Seat 5: dgdg47200 (7014)
Seat 6: Ho0kzz (25026)
*** ANTE/BLINDS ***
dgdg47200 posts ante 80
Ho0kzz posts ante 80
Ab1sse posts ante 80
P1xel7 posts ante 80
skyl1gh7 posts ante 80
BoubouWx posts ante 80
dgdg47200 posts small blind 350
Ho0kzz posts big blind 700
Dealt to P1xel7 [Kh Kc]
*** PRE-FLOP *** 
Ab1sse folds
P1xel7 raises 1400 to 2100
skyl1gh7 folds
BoubouWx folds
dgdg47200 folds
Ho0kzz folds
P1xel7 collected 3630 from pot
*** SUMMARY ***
Total pot 3630 | No rake
Seat 2: P1xel7 won 3630


Winamax Poker - Tournament "MYSTERY KO" buyIn: 1.80€ + 0.20€ level: 8 - HandId: #3052606855550337208-36-1700337717 - Holdem no limit (80/350/700) - 2023/11/18 20:01:57 UTC
Table: 'MYSTERY KO(710740419)#0183' 6-max (real money) Seat #5 is the button
Seat 1: Ab1sse (33135)
Seat 2: P1xel7 (19600)
Seat 3: skyl1gh7 (53260)
Seat 4: BoubouWx (22952)
Seat 5: dgdg47200 (6584)
Seat 6: Ho0kzz (24246)
*** ANTE/BLINDS ***
Ho0kzz posts ante 80
Ab1sse posts ante 80
P1xel7 posts ante 80
skyl1gh7 posts ante 80
BoubouWx posts ante 80
dgdg47200 posts ante 80
Ho0kzz posts small blind 350
Ab1sse posts big blind 700
Dealt to P1xel7 [Ah Kh]
*** PRE-FLOP *** 
P1xel7 raises 1400 to 2100
skyl1gh7 folds
BoubouWx folds
dgdg47200 folds
Ho0kzz folds
Ab1sse folds
P1xel7 collected 3630 from pot
*** SUMMARY ***
Total pot 3630 | No rake
Seat 2: P1xel7 won 3630


Winamax Poker - Tournament "MYSTERY KO" buyIn: 1.80€ + 0.20€ level: 8 - HandId: #3052606855550337208-37-1700337750 - Holdem no limit (80/350/700) - 2023/11/18 20:02:30 UTC
Table: 'MYSTERY KO(710740419)#0183' 6-max (real money) Seat #6 is the button
Seat 1: Ab1sse (32355)
Seat 2: P1xel7 (21050)
Seat 3: skyl1gh7 (53180)
Seat 4: BoubouWx (22872)
Seat 5: dgdg47200 (6504)
Seat 6: Ho0kzz (23816)
*** ANTE/BLINDS ***
Ab1sse posts ante 80
P1xel7 posts ante 80
skyl1gh7 posts ante 80
BoubouWx posts ante 80
dgdg47200 posts ante 80
Ho0kzz posts ante 80
Ab1sse posts small blind 350
P1xel7 posts big blind 700
Dealt to P1xel7 [Ts Qc]
*** PRE-FLOP *** 
skyl1gh7 folds
BoubouWx folds
dgdg47200 raises 5724 to 6424 and is all-in
Ho0kzz raises 17312 to 23736 and is all-in
Ab1sse folds
P1xel7 folds
*** FLOP *** [4c 5c 7d]
*** TURN *** [4c 5c 7d][2h]
*** RIVER *** [4c 5c 7d 2h][6h]
*** SHOW DOWN ***
dgdg47200 shows [Ac Qs] (High card : Ace)
Ho0kzz shows [Ah Qd] (High card : Ace)
Ho0kzz collected 24501 from side pot 1
dgdg47200 collected 7189 from main pot
*** SUMMARY ***
Total pot 31690 | No rake
Board: [4c 5c 7d 2h 6h]
Seat 5: dgdg47200 showed [Ac Qs] and won 7189 with High card : Ace
Seat 6: Ho0kzz (button) showed [Ah Qd] and won 24501 with High card : Ace


Winamax Poker - Tournament "MYSTERY KO" buyIn: 1.80€ + 0.20€ level: 8 - HandId: #3052606855550337208-38-1700337783 - Holdem no limit (80/350/700) - 2023/11/18 20:03:03 UTC
Table: 'MYSTERY KO(710740419)#0183' 6-max (real money) Seat #1 is the button
Seat 1: Ab1sse (31925)
Seat 2: P1xel7 (20270)
Seat 3: skyl1gh7 (53100)
Seat 4: BoubouWx (22792)
Seat 5: dgdg47200 (7189)
Seat 6: Ho0kzz (24501)
*** ANTE/BLINDS ***
P1xel7 posts ante 80
skyl1gh7 posts ante 80
Ab1sse posts ante 80
BoubouWx posts ante 80
dgdg47200 posts ante 80
Ho0kzz posts ante 80
P1xel7 posts small blind 350
skyl1gh7 posts big blind 700
Dealt to P1xel7 [Kd 9h]
*** PRE-FLOP *** 
BoubouWx folds
dgdg47200 folds
Ho0kzz folds
Ab1sse folds
P1xel7 raises 1050 to 1750
skyl1gh7 raises 2800 to 4550
P1xel7 calls 2800
*** FLOP *** [4c 5h 8s]
P1xel7 checks
skyl1gh7 bets 4982
P1xel7 folds
skyl1gh7 collected 14562 from pot
*** SUMMARY ***
Total pot 14562 | No rake
Board: [4c 5h 8s]
Seat 3: skyl1gh7 (big blind) won 14562


Winamax Poker - Tournament "MYSTERY KO" buyIn: 1.80€ + 0.20€ level: 8 - HandId: #3052606855550337208-39-1700337842 - Holdem no limit (80/350/700) - 2023/11/18 20:04:02 UTC
Table: 'MYSTERY KO(710740419)#0183' 6-max (real money) Seat #2 is the button
Seat 1: Ab1sse (31845)
Seat 2: P1xel7 (15640)
Seat 3: skyl1gh7 (58050)
Seat 4: BoubouWx (22712)
Seat 5: dgdg47200 (7109)
Seat 6: Ho0kzz (24421)
*** ANTE/BLINDS ***
skyl1gh7 posts ante 80
BoubouWx posts ante 80
Ab1sse posts ante 80
P1xel7 posts ante 80
dgdg47200 posts ante 80
Ho0kzz posts ante 80
skyl1gh7 posts small blind 350
BoubouWx posts big blind 700
Dealt to P1xel7 [Th 9d]
*** PRE-FLOP *** 
dgdg47200 folds
Ho0kzz folds
Ab1sse folds
P1xel7 folds
skyl1gh7 calls 350
BoubouWx raises 21932 to 22632 and is all-in
skyl1gh7 folds
BoubouWx collected 23812 from pot
*** SUMMARY ***
Total pot 23812 | No rake
Seat 4: BoubouWx (big blind) won 23812


Winamax Poker - Tournament "MYSTERY KO" buyIn: 1.80€ + 0.20€ level: 8 - HandId: #3052606855550337208-40-1700337887 - Holdem no limit (80/350/700) - 2023/11/18 20:04:47 UTC
Table: 'MYSTERY KO(710740419)#0183' 6-max (real money) Seat #3 is the button
Seat 1: Ab1sse (31765)
Seat 2: P1xel7 (15560)
Seat 3: skyl1gh7 (57270)
Seat 4: BoubouWx (23812)
Seat 5: dgdg47200 (7029)
Seat 6: Ho0kzz (24341)
*** ANTE/BLINDS ***
BoubouWx posts ante 80
dgdg47200 posts ante 80
Ab1sse posts ante 80
P1xel7 posts ante 80
skyl1gh7 posts ante 80
Ho0kzz posts ante 80
BoubouWx posts small blind 350
dgdg47200 posts big blind 700
Dealt to P1xel7 [9h 2c]
*** PRE-FLOP *** 
Ho0kzz raises 700 to 1400
Ab1sse calls 1400
P1xel7 folds
skyl1gh7 folds
BoubouWx folds
dgdg47200 raises 5549 to 6949 and is all-in
Ho0kzz raises 17312 to 24261 and is all-in
Ab1sse folds
*** FLOP *** [6h 7c Kd]
*** TURN *** [6h 7c Kd][9s]
*** RIVER *** [6h 7c Kd 9s][7h]
*** SHOW DOWN ***
dgdg47200 shows [Kh Ks] (Full of Kings and 7)
Ho0kzz shows [Jh As] (One pair : 7)
Ho0kzz collected 17312 from side pot 1
dgdg47200 collected 16128 from main pot
*** SUMMARY ***
Total pot 33440 | No rake
Board: [6h 7c Kd 9s 7h]
Seat 5: dgdg47200 (big blind) showed [Kh Ks] and won 16128 with Full of Kings and 7
Seat 6: Ho0kzz showed [Jh As] and won 17312 with One pair : 7


Winamax Poker - Tournament "MYSTERY KO" buyIn: 1.80€ + 0.20€ level: 8 - HandId: #3052606855550337208-41-1700337929 - Holdem no limit (80/350/700) - 2023/11/18 20:05:29 UTC
Table: 'MYSTERY KO(710740419)#0183' 6-max (real money) Seat #4 is the button
Seat 1: Ab1sse (30285)
Seat 2: P1xel7 (15480)
Seat 3: skyl1gh7 (57190)
Seat 4: BoubouWx (23382)
Seat 5: dgdg47200 (16128)
Seat 6: Ho0kzz (17312)
*** ANTE/BLINDS ***
dgdg47200 posts ante 80
Ho0kzz posts ante 80
Ab1sse posts ante 80
P1xel7 posts ante 80
skyl1gh7 posts ante 80
BoubouWx posts ante 80
dgdg47200 posts small blind 350
Ho0kzz posts big blind 700
Dealt to P1xel7 [Qc 5d]
*** PRE-FLOP *** 
Ab1sse raises 1050 to 1750
P1xel7 folds
skyl1gh7 raises 2800 to 4550
BoubouWx folds
dgdg47200 folds
Ho0kzz folds
Ab1sse raises 25655 to 30205 and is all-in
skyl1gh7 folds
Ab1sse collected 36285 from pot
*** SUMMARY ***
Total pot 36285 | No rake
Seat 1: Ab1sse won 36285


Winamax Poker - Tournament "MYSTERY KO" buyIn: 1.80€ + 0.20€ level: 9 - HandId: #3052606855550337208-42-1700337999 - Holdem no limit (100/400/800) - 2023/11/18 20:06:39 UTC
Table: 'MYSTERY KO(710740419)#0183' 6-max (real money) Seat #5 is the button
Seat 1: Ab1sse (36285)
Seat 2: P1xel7 (15400)
Seat 3: skyl1gh7 (52560)
Seat 4: BoubouWx (23302)
Seat 5: dgdg47200 (15698)
Seat 6: Ho0kzz (16532)
*** ANTE/BLINDS ***
Ho0kzz posts ante 100
Ab1sse posts ante 100
P1xel7 posts ante 100
skyl1gh7 posts ante 100
BoubouWx posts ante 100
dgdg47200 posts ante 100
Ho0kzz posts small blind 400
Ab1sse posts big blind 800
Dealt to P1xel7 [Ad Tc]
*** PRE-FLOP *** 
P1xel7 raises 14500 to 15300 and is all-in
skyl1gh7 folds
BoubouWx folds
dgdg47200 folds
Ho0kzz folds
Ab1sse folds
P1xel7 collected 17100 from pot
*** SUMMARY ***
Total pot 17100 | No rake
Seat 2: P1xel7 won 17100


Winamax Poker - Tournament "MYSTERY KO" buyIn: 1.80€ + 0.20€ level: 9 - HandId: #3052606855550337208-43-1700338024 - Holdem no limit (100/400/800) - 2023/11/18 20:07:04 UTC
Table: 'MYSTERY KO(710740419)#0183' 6-max (real money) Seat #6 is the button
Seat 1: Ab1sse (35385)
Seat 2: P1xel7 (17100)
Seat 3: skyl1gh7 (52460)
Seat 4: BoubouWx (23202)
Seat 5: dgdg47200 (15598)
Seat 6: Ho0kzz (16032)
*** ANTE/BLINDS ***
Ab1sse posts ante 100
P1xel7 posts ante 100
skyl1gh7 posts ante 100
BoubouWx posts ante 100
dgdg47200 posts ante 100
Ho0kzz posts ante 100
Ab1sse posts small blind 400
P1xel7 posts big blind 800
Dealt to P1xel7 [4s 6c]
*** PRE-FLOP *** 
skyl1gh7 folds
BoubouWx folds
dgdg47200 folds
Ho0kzz folds
Ab1sse calls 400
P1xel7 checks
*** FLOP *** [4d As Ts]
Ab1sse bets 800
P1xel7 calls 800
*** TURN *** [4d As Ts][Jh]
Ab1sse bets 2090
P1xel7 folds
Ab1sse collected 5890 from pot
*** SUMMARY ***
Total pot 5890 | No rake
Board: [4d As Ts Jh]
Seat 1: Ab1sse (small blind) won 5890


Winamax Poker - Tournament "MYSTERY KO" buyIn: 1.80€ + 0.20€ level: 9 - HandId: #3052606855550337208-44-1700338092 - Holdem no limit (100/400/800) - 2023/11/18 20:08:12 UTC
Table: 'MYSTERY KO(710740419)#0183' 6-max (real money) Seat #1 is the button
Seat 1: Ab1sse (37485)
Seat 2: P1xel7 (15400)
Seat 3: skyl1gh7 (52360)
Seat 4: BoubouWx (23102)
Seat 5: dgdg47200 (15498)
Seat 6: Ho0kzz (15932)
*** ANTE/BLINDS ***
P1xel7 posts ante 100
skyl1gh7 posts ante 100
Ab1sse posts ante 100
BoubouWx posts ante 100
dgdg47200 posts ante 100
Ho0kzz posts ante 100
P1xel7 posts small blind 400
skyl1gh7 posts big blind 800
Dealt to P1xel7 [8d 2s]
*** PRE-FLOP *** 
BoubouWx folds
dgdg47200 folds
Ho0kzz raises 800 to 1600
Ab1sse folds
P1xel7 folds
skyl1gh7 folds
Ho0kzz collected 3400 from pot
*** SUMMARY ***
Total pot 3400 | No rake
Seat 6: Ho0kzz won 3400


Winamax Poker - Tournament "MYSTERY KO" buyIn: 1.80€ + 0.20€ level: 9 - HandId: #3052606855550337208-45-1700338121 - Holdem no limit (100/400/800) - 2023/11/18 20:08:41 UTC
Table: 'MYSTERY KO(710740419)#0183' 6-max (real money) Seat #2 is the button
Seat 1: Ab1sse (37385)
Seat 2: P1xel7 (14900)
Seat 3: skyl1gh7 (51460)
Seat 4: BoubouWx (23002)
Seat 5: dgdg47200 (15398)
Seat 6: Ho0kzz (17632)
*** ANTE/BLINDS ***
skyl1gh7 posts ante 100
BoubouWx posts ante 100
Ab1sse posts ante 100
P1xel7 posts ante 100
dgdg47200 posts ante 100
Ho0kzz posts ante 100
skyl1gh7 posts small blind 400
BoubouWx posts big blind 800
Dealt to P1xel7 [3d Th]
*** PRE-FLOP *** 
dgdg47200 folds
Ho0kzz folds
Ab1sse folds
P1xel7 folds
skyl1gh7 calls 400
BoubouWx raises 2000 to 2800
skyl1gh7 calls 2000
*** FLOP *** [As Qd 4h]
skyl1gh7 checks
BoubouWx bets 2046
skyl1gh7 calls 2046
*** TURN *** [As Qd 4h][4d]
skyl1gh7 checks
BoubouWx checks
*** RIVER *** [As Qd 4h 4d][4s]
skyl1gh7 checks
BoubouWx checks
*** SHOW DOWN ***
skyl1gh7 shows [Js Td] (Trips of 4)
BoubouWx shows [8h 8s] (Full of 4 and 8)
BoubouWx collected 10292 from pot
*** SUMMARY ***
Total pot 10292 | No rake
Board: [As Qd 4h 4d 4s]
Seat 3: skyl1gh7 (small blind) showed [Js Td] and lost with Trips of 4
Seat 4: BoubouWx (big blind) showed [8h 8s] and won 10292 with Full of 4 and 8


Winamax Poker - Tournament "MYSTERY KO" buyIn: 1.80€ + 0.20€ level: 9 - HandId: #3052606855550337208-46-1700338212 - Holdem no limit (100/400/800) - 2023/11/18 20:10:12 UTC
Table: 'MYSTERY KO(710740419)#0183' 6-max (real money) Seat #3 is the button
Seat 1: Ab1sse (37285)
Seat 2: P1xel7 (14800)
Seat 3: skyl1gh7 (46514)
Seat 4: BoubouWx (28348)
Seat 5: dgdg47200 (15298)
Seat 6: Ho0kzz (17532)
*** ANTE/BLINDS ***
BoubouWx posts ante 100
dgdg47200 posts ante 100
Ab1sse posts ante 100
P1xel7 posts ante 100
skyl1gh7 posts ante 100
Ho0kzz posts ante 100
BoubouWx posts small blind 400
dgdg47200 posts big blind 800
Dealt to P1xel7 [8d 6s]
*** PRE-FLOP *** 
Ho0kzz raises 800 to 1600
Ab1sse folds
P1xel7 folds
skyl1gh7 folds
BoubouWx folds
dgdg47200 folds
Ho0kzz collected 3400 from pot
*** SUMMARY ***
Total pot 3400 | No rake
Seat 6: Ho0kzz won 3400


Winamax Poker - Tournament "MYSTERY KO" buyIn: 1.80€ + 0.20€ level: 9 - HandId: #3052606855550337208-47-1700338235 - Holdem no limit (100/400/800) - 2023/11/18 20:10:35 UTC
Table: 'MYSTERY KO(710740419)#0183' 6-max (real money) Seat #4 is the button
Seat 1: Ab1sse (37185)
Seat 2: P1xel7 (14700)
Seat 3: skyl1gh7 (46414)
Seat 4: BoubouWx (27848)
Seat 5: dgdg47200 (14398)
Seat 6: Ho0kzz (19232)
*** ANTE/BLINDS ***
dgdg47200 posts ante 100
Ho0kzz posts ante 100
Ab1sse posts ante 100
P1xel7 posts ante 100
skyl1gh7 posts ante 100
BoubouWx posts ante 100
dgdg47200 posts small blind 400
Ho0kzz posts big blind 800
Dealt to P1xel7 [Jd As]
*** PRE-FLOP *** 
Ab1sse folds
P1xel7 raises 13800 to 14600 and is all-in
skyl1gh7 folds
BoubouWx folds
dgdg47200 folds
Ho0kzz folds
P1xel7 collected 16400 from pot
*** SUMMARY ***
Total pot 16400 | No rake
Seat 2: P1xel7 won 16400


Winamax Poker - Tournament "MYSTERY KO" buyIn: 1.80€ + 0.20€ level: 9 - HandId: #3052606855550337208-48-1700338258 - Holdem no limit (100/400/800) - 2023/11/18 20:10:58 UTC
Table: 'MYSTERY KO(710740419)#0183' 6-max (real money) Seat #5 is the button
Seat 1: Ab1sse (37085)
Seat 2: P1xel7 (16400)
Seat 3: skyl1gh7 (46314)
Seat 4: BoubouWx (27748)
Seat 5: dgdg47200 (13898)
Seat 6: Ho0kzz (18332)
*** ANTE/BLINDS ***
Ho0kzz posts ante 100
Ab1sse posts ante 100
P1xel7 posts ante 100
skyl1gh7 posts ante 100
BoubouWx posts ante 100
dgdg47200 posts ante 100
Ho0kzz posts small blind 400
Ab1sse posts big blind 800
Dealt to P1xel7 [8d Qd]
*** PRE-FLOP *** 
P1xel7 folds
skyl1gh7 folds
BoubouWx folds
dgdg47200 raises 800 to 1600
Ho0kzz folds
Ab1sse folds
dgdg47200 collected 3400 from pot
*** SUMMARY ***
Total pot 3400 | No rake
Seat 5: dgdg47200 (button) won 3400


Winamax Poker - Tournament "MYSTERY KO" buyIn: 1.80€ + 0.20€ level: 9 - HandId: #3052606855550337208-49-1700338279 - Holdem no limit (100/400/800) - 2023/11/18 20:11:19 UTC
Table: 'MYSTERY KO(710740419)#0183' 6-max (real money) Seat #6 is the button
Seat 1: Ab1sse (36185)
Seat 2: P1xel7 (16300)
Seat 3: skyl1gh7 (46214)
Seat 4: BoubouWx (27648)
Seat 5: dgdg47200 (15598)
Seat 6: Ho0kzz (17832)
*** ANTE/BLINDS ***
Ab1sse posts ante 100
P1xel7 posts ante 100
skyl1gh7 posts ante 100
BoubouWx posts ante 100
dgdg47200 posts ante 100
Ho0kzz posts ante 100
Ab1sse posts small blind 400
P1xel7 posts big blind 800
Dealt to P1xel7 [8d 2d]
*** PRE-FLOP *** 
skyl1gh7 folds
BoubouWx folds
dgdg47200 folds
Ho0kzz folds
Ab1sse calls 400
P1xel7 checks
*** FLOP *** [Ts Qc Ah]
Ab1sse bets 800
P1xel7 folds
Ab1sse collected 3000 from pot
*** SUMMARY ***
Total pot 3000 | No rake
Board: [Ts Qc Ah]
Seat 1: Ab1sse (small blind) won 3000


Winamax Poker - Tournament "MYSTERY KO" buyIn: 1.80€ + 0.20€ level: 9 - HandId: #3052606855550337208-50-1700338341 - Holdem no limit (100/400/800) - 2023/11/18 20:12:21 UTC
Table: 'MYSTERY KO(710740419)#0183' 6-max (real money) Seat #1 is the button
Seat 1: Ab1sse (37485)
Seat 2: P1xel7 (15400)
Seat 3: skyl1gh7 (46114)
Seat 4: BoubouWx (27548)
Seat 5: dgdg47200 (15498)
Seat 6: Ho0kzz (17732)
*** ANTE/BLINDS ***
P1xel7 posts ante 100
skyl1gh7 posts ante 100
Ab1sse posts ante 100
BoubouWx posts ante 100
dgdg47200 posts ante 100
Ho0kzz posts ante 100
P1xel7 posts small blind 400
skyl1gh7 posts big blind 800
Dealt to P1xel7 [Th 6d]
*** PRE-FLOP *** 
BoubouWx folds
dgdg47200 folds
Ho0kzz raises 800 to 1600
Ab1sse folds
P1xel7 folds
skyl1gh7 raises 3200 to 4800
Ho0kzz folds
skyl1gh7 collected 7400 from pot
*** SUMMARY ***
Total pot 7400 | No rake
Seat 3: skyl1gh7 (big blind) won 7400


Winamax Poker - Tournament "MYSTERY KO" buyIn: 1.80€ + 0.20€ level: 10 - HandId: #3052606855550337208-51-1700338391 - Holdem no limit (120/500/1000) - 2023/11/18 20:13:11 UTC
Table: 'MYSTERY KO(710740419)#0183' 6-max (real money) Seat #2 is the button
Seat 1: Ab1sse (37385)
Seat 2: P1xel7 (14900)
Seat 3: skyl1gh7 (48614)
Seat 4: BoubouWx (27448)
Seat 5: dgdg47200 (15398)
Seat 6: Ho0kzz (16032)
*** ANTE/BLINDS ***
skyl1gh7 posts ante 120
BoubouWx posts ante 120
Ab1sse posts ante 120
P1xel7 posts ante 120
dgdg47200 posts ante 120
Ho0kzz posts ante 120
skyl1gh7 posts small blind 500
BoubouWx posts big blind 1000
Dealt to P1xel7 [6c 7s]
*** PRE-FLOP *** 
dgdg47200 folds
Ho0kzz folds
Ab1sse folds
P1xel7 folds
skyl1gh7 calls 500
BoubouWx checks
*** FLOP *** [3h Ad Qd]
skyl1gh7 bets 1000
BoubouWx folds
skyl1gh7 collected 3720 from pot
*** SUMMARY ***
Total pot 3720 | No rake
Board: [3h Ad Qd]
Seat 3: skyl1gh7 (small blind) won 3720


Winamax Poker - Tournament "MYSTERY KO" buyIn: 1.80€ + 0.20€ level: 10 - HandId: #3052606855550337208-52-1700338428 - Holdem no limit (120/500/1000) - 2023/11/18 20:13:48 UTC
Table: 'MYSTERY KO(710740419)#0183' 6-max (real money) Seat #3 is the button
Seat 1: Ab1sse (37265)
Seat 2: P1xel7 (14780)
Seat 3: skyl1gh7 (50214)
Seat 4: BoubouWx (26328)
Seat 5: dgdg47200 (15278)
*** ANTE/BLINDS ***
BoubouWx posts ante 120
dgdg47200 posts ante 120
Ab1sse posts ante 120
P1xel7 posts ante 120
skyl1gh7 posts ante 120
BoubouWx posts small blind 500
dgdg47200 posts big blind 1000
Dealt to P1xel7 [Kd Kc]
*** PRE-FLOP *** 
Ab1sse folds
P1xel7 raises 13660 to 14660 and is all-in
skyl1gh7 folds
BoubouWx folds
dgdg47200 folds
P1xel7 collected 16760 from pot
*** SUMMARY ***
Total pot 16760 | No rake
Seat 2: P1xel7 won 16760


Winamax Poker - Tournament "MYSTERY KO" buyIn: 1.80€ + 0.20€ level: 10 - HandId: #3052606855550337208-53-1700338456 - Holdem no limit (120/500/1000) - 2023/11/18 20:14:16 UTC
Table: 'MYSTERY KO(710740419)#0183' 6-max (real money) Seat #4 is the button
Seat 1: Ab1sse (37145)
Seat 2: P1xel7 (16760)
Seat 3: skyl1gh7 (50094)
Seat 4: BoubouWx (25708)
Seat 5: dgdg47200 (14158)
Seat 6: Kaka75013 (20000)
*** ANTE/BLINDS ***
dgdg47200 posts ante 120
Kaka75013 posts ante 120
Ab1sse posts ante 120
P1xel7 posts ante 120
skyl1gh7 posts ante 120
BoubouWx posts ante 120
dgdg47200 posts small blind 500
Kaka75013 posts big blind 1000
Dealt to P1xel7 [Js Qc]
*** PRE-FLOP *** 
Ab1sse raises 1000 to 2000
P1xel7 folds
skyl1gh7 folds
BoubouWx folds
dgdg47200 folds
Kaka75013 folds
Ab1sse collected 4220 from pot
*** SUMMARY ***
Total pot 4220 | No rake
Seat 1: Ab1sse won 4220


Winamax Poker - Tournament "MYSTERY KO" buyIn: 1.80€ + 0.20€ level: 10 - HandId: #3052606855550337208-54-1700338475 - Holdem no limit (120/500/1000) - 2023/11/18 20:14:35 UTC
Table: 'MYSTERY KO(710740419)#0183' 6-max (real money) Seat #5 is the button
Seat 1: Ab1sse (39245)
Seat 2: P1xel7 (16640)
Seat 3: skyl1gh7 (49974)
Seat 4: BoubouWx (25588)
Seat 5: dgdg47200 (13538)
Seat 6: Kaka75013 (18880)
*** ANTE/BLINDS ***
Kaka75013 posts ante 120
Ab1sse posts ante 120
P1xel7 posts ante 120
skyl1gh7 posts ante 120
BoubouWx posts ante 120
dgdg47200 posts ante 120
Kaka75013 posts small blind 500
Ab1sse posts big blind 1000
Dealt to P1xel7 [9h 2c]
*** PRE-FLOP *** 
P1xel7 folds
skyl1gh7 raises 1000 to 2000
BoubouWx folds
dgdg47200 folds
Kaka75013 folds
Ab1sse folds
skyl1gh7 collected 4220 from pot
*** SUMMARY ***
Total pot 4220 | No rake
Seat 3: skyl1gh7 won 4220


Winamax Poker - Tournament "MYSTERY KO" buyIn: 1.80€ + 0.20€ level: 10 - HandId: #3052606855550337208-55-1700338491 - Holdem no limit (120/500/1000) - 2023/11/18 20:14:51 UTC
Table: 'MYSTERY KO(710740419)#0183' 6-max (real money) Seat #6 is the button
Seat 1: Ab1sse (38125)
Seat 2: P1xel7 (16520)
Seat 3: skyl1gh7 (52074)
Seat 4: BoubouWx (25468)
Seat 5: dgdg47200 (13418)
Seat 6: Kaka75013 (18260)
*** ANTE/BLINDS ***
Ab1sse posts ante 120
P1xel7 posts ante 120
skyl1gh7 posts ante 120
BoubouWx posts ante 120
dgdg47200 posts ante 120
Kaka75013 posts ante 120
Ab1sse posts small blind 500
P1xel7 posts big blind 1000
Dealt to P1xel7 [Td Jh]
*** PRE-FLOP *** 
skyl1gh7 folds
BoubouWx folds
dgdg47200 folds
Kaka75013 raises 17140 to 18140 and is all-in
Ab1sse folds
P1xel7 folds
Kaka75013 collected 20360 from pot
*** SUMMARY ***
Total pot 20360 | No rake
Seat 6: Kaka75013 (button) won 20360


Winamax Poker - Tournament "MYSTERY KO" buyIn: 1.80€ + 0.20€ level: 10 - HandId: #3052606855550337208-56-1700338518 - Holdem no limit (120/500/1000) - 2023/11/18 20:15:18 UTC
Table: 'MYSTERY KO(710740419)#0183' 6-max (real money) Seat #1 is the button
Seat 1: Ab1sse (37505)
Seat 2: P1xel7 (15400)
Seat 3: skyl1gh7 (51954)
Seat 4: BoubouWx (25348)
Seat 5: dgdg47200 (13298)
Seat 6: Kaka75013 (20360)
*** ANTE/BLINDS ***
P1xel7 posts ante 120
skyl1gh7 posts ante 120
Ab1sse posts ante 120
BoubouWx posts ante 120
dgdg47200 posts ante 120
Kaka75013 posts ante 120
P1xel7 posts small blind 500
skyl1gh7 posts big blind 1000
Dealt to P1xel7 [Td 7s]
*** PRE-FLOP *** 
BoubouWx folds
dgdg47200 folds
Kaka75013 folds
Ab1sse folds
P1xel7 folds
skyl1gh7 collected 2220 from pot
*** SUMMARY ***
Total pot 2220 | No rake
Seat 3: skyl1gh7 (big blind) won 2220


Winamax Poker - Tournament "MYSTERY KO" buyIn: 1.80€ + 0.20€ level: 10 - HandId: #3052606855550337208-57-1700338530 - Holdem no limit (120/500/1000) - 2023/11/18 20:15:30 UTC
Table: 'MYSTERY KO(710740419)#0183' 6-max (real money) Seat #2 is the button
Seat 1: Ab1sse (37385)
Seat 2: P1xel7 (14780)
Seat 3: skyl1gh7 (53054)
Seat 4: BoubouWx (25228)
Seat 5: dgdg47200 (13178)
Seat 6: Kaka75013 (20240)
*** ANTE/BLINDS ***
skyl1gh7 posts ante 120
BoubouWx posts ante 120
Ab1sse posts ante 120
P1xel7 posts ante 120
dgdg47200 posts ante 120
Kaka75013 posts ante 120
skyl1gh7 posts small blind 500
BoubouWx posts big blind 1000
Dealt to P1xel7 [4s Qh]
*** PRE-FLOP *** 
dgdg47200 folds
Kaka75013 folds
Ab1sse folds
P1xel7 folds
skyl1gh7 raises 2500 to 3500
BoubouWx folds
skyl1gh7 collected 5220 from pot
*** SUMMARY ***
Total pot 5220 | No rake
Seat 3: skyl1gh7 (small blind) won 5220


Winamax Poker - Tournament "MYSTERY KO" buyIn: 1.80€ + 0.20€ level: 10 - HandId: #3052606855550337208-58-1700338597 - Holdem no limit (120/500/1000) - 2023/11/18 20:16:37 UTC
Table: 'MYSTERY KO(710740419)#0183' 6-max (real money) Seat #3 is the button
Seat 1: Ab1sse (37265)
Seat 2: P1xel7 (14660)
Seat 3: skyl1gh7 (54654)
Seat 4: BoubouWx (24108)
Seat 5: dgdg47200 (13058)
Seat 6: Kaka75013 (20120)
*** ANTE/BLINDS ***
BoubouWx posts ante 120
dgdg47200 posts ante 120
Ab1sse posts ante 120
P1xel7 posts ante 120
skyl1gh7 posts ante 120
Kaka75013 posts ante 120
BoubouWx posts small blind 500
dgdg47200 posts big blind 1000
Dealt to P1xel7 [Tc Kh]
*** PRE-FLOP *** 
Kaka75013 folds
Ab1sse folds
P1xel7 raises 1200 to 2200
skyl1gh7 folds
BoubouWx folds
dgdg47200 calls 1200
*** FLOP *** [3s 3h 3c]
dgdg47200 checks
P1xel7 bets 12340 and is all-in
dgdg47200 folds
P1xel7 collected 17960 from pot
*** SUMMARY ***
Total pot 17960 | No rake
Board: [3s 3h 3c]
Seat 2: P1xel7 won 17960


Winamax Poker - Tournament "MYSTERY KO" buyIn: 1.80€ + 0.20€ level: 10 - HandId: #3052606855550337208-59-1700338657 - Holdem no limit (120/500/1000) - 2023/11/18 20:17:37 UTC
Table: 'MYSTERY KO(710740419)#0183' 6-max (real money) Seat #4 is the button
Seat 1: Ab1sse (37145)
Seat 2: P1xel7 (17960)
Seat 3: skyl1gh7 (54534)
Seat 4: BoubouWx (23488)
Seat 5: dgdg47200 (10738)
Seat 6: Kaka75013 (20000)
*** ANTE/BLINDS ***
dgdg47200 posts ante 120
Kaka75013 posts ante 120
Ab1sse posts ante 120
P1xel7 posts ante 120
skyl1gh7 posts ante 120
BoubouWx posts ante 120
dgdg47200 posts small blind 500
Kaka75013 posts big blind 1000
Dealt to P1xel7 [3c Td]
*** PRE-FLOP *** 
Ab1sse raises 1000 to 2000
P1xel7 folds
skyl1gh7 raises 4000 to 6000
BoubouWx folds
dgdg47200 folds
Kaka75013 folds
Ab1sse calls 4000
*** FLOP *** [2c 6c 4s]
Ab1sse checks
skyl1gh7 bets 4977
Ab1sse calls 4977
*** TURN *** [2c 6c 4s][7c]
Ab1sse checks
skyl1gh7 checks
*** RIVER *** [2c 6c 4s 7c][9c]
Ab1sse bets 9386
skyl1gh7 folds
Ab1sse collected 33560 from pot
*** SUMMARY ***
Total pot 33560 | No rake
Board: [2c 6c 4s 7c 9c]
Seat 1: Ab1sse won 33560


Winamax Poker - Tournament "MYSTERY KO" buyIn: 1.80€ + 0.20€ level: 10 - HandId: #3052606855550337157-83-1700338754 - Holdem no limit (120/500/1000) - 2023/11/18 20:19:14 UTC
Table: 'MYSTERY KO(710740419)#0132' 6-max (real money) Seat #2 is the button
Seat 1: JimmyT_1 (44912)
Seat 2: ocean71 (69620)
Seat 3: cala48 (15318)
Seat 4: P1xel7 (17840)
Seat 5: Am.I.Pimp (19873)
Seat 6: RiverAAin (60559)
*** ANTE/BLINDS ***
cala48 posts ante 120
P1xel7 posts ante 120
JimmyT_1 posts ante 120
ocean71 posts ante 120
Am.I.Pimp posts ante 120
RiverAAin posts ante 120
cala48 posts small blind 500
P1xel7 posts big blind 1000
Dealt to P1xel7 [Ac 8s]
*** PRE-FLOP *** 
Am.I.Pimp raises 1000 to 2000
RiverAAin folds
JimmyT_1 folds
ocean71 calls 2000
cala48 folds
P1xel7 calls 1000
*** FLOP *** [Qd 3h Js]
P1xel7 checks
Am.I.Pimp checks
ocean71 checks
*** TURN *** [Qd 3h Js][Kh]
P1xel7 checks
Am.I.Pimp checks
ocean71 checks
*** RIVER *** [Qd 3h Js Kh][Ad]
P1xel7 checks
Am.I.Pimp bets 5776
ocean71 folds
P1xel7 calls 5776
*** SHOW DOWN ***
P1xel7 shows [Ac 8s] (One pair : Aces)
Am.I.Pimp shows [Qs Ts] (Straight Ace high)
Am.I.Pimp collected 18772 from pot
*** SUMMARY ***
Total pot 18772 | No rake
Board: [Qd 3h Js Kh Ad]
Seat 4: P1xel7 (big blind) showed [Ac 8s] and lost with One pair : Aces
Seat 5: Am.I.Pimp showed [Qs Ts] and won 18772 with Straight Ace high


Winamax Poker - Tournament "MYSTERY KO" buyIn: 1.80€ + 0.20€ level: 11 - HandId: #3052606855550337157-84-1700338859 - Holdem no limit (140/600/1200) - 2023/11/18 20:20:59 UTC
Table: 'MYSTERY KO(710740419)#0132' 6-max (real money) Seat #3 is the button
Seat 1: JimmyT_1 (44792)
Seat 2: ocean71 (67500)
Seat 3: cala48 (14698)
Seat 4: P1xel7 (9944)
Seat 5: Am.I.Pimp (30749)
Seat 6: RiverAAin (60439)
*** ANTE/BLINDS ***
P1xel7 posts ante 140
Am.I.Pimp posts ante 140
JimmyT_1 posts ante 140
ocean71 posts ante 140
cala48 posts ante 140
RiverAAin posts ante 140
P1xel7 posts small blind 600
Am.I.Pimp posts big blind 1200
Dealt to P1xel7 [Js 8s]
*** PRE-FLOP *** 
RiverAAin folds
JimmyT_1 folds
ocean71 raises 1500 to 2700
cala48 folds
P1xel7 folds
Am.I.Pimp calls 1500
*** FLOP *** [Kh 7d 4c]
Am.I.Pimp bets 1800
ocean71 raises 4320 to 6120
Am.I.Pimp folds
ocean71 collected 14760 from pot
*** SUMMARY ***
Total pot 14760 | No rake
Board: [Kh 7d 4c]
Seat 2: ocean71 won 14760


Winamax Poker - Tournament "MYSTERY KO" buyIn: 1.80€ + 0.20€ level: 11 - HandId: #3052606855550337157-85-1700338917 - Holdem no limit (140/600/1200) - 2023/11/18 20:21:57 UTC
Table: 'MYSTERY KO(710740419)#0132' 6-max (real money) Seat #4 is the button
Seat 1: JimmyT_1 (44652)
Seat 2: ocean71 (73300)
Seat 3: cala48 (14558)
Seat 4: P1xel7 (9204)
Seat 5: Am.I.Pimp (26109)
Seat 6: RiverAAin (60299)
*** ANTE/BLINDS ***
Am.I.Pimp posts ante 140
RiverAAin posts ante 140
JimmyT_1 posts ante 140
ocean71 posts ante 140
cala48 posts ante 140
P1xel7 posts ante 140
Am.I.Pimp posts small blind 600
RiverAAin posts big blind 1200
Dealt to P1xel7 [8d Qs]
*** PRE-FLOP *** 
JimmyT_1 raises 1200 to 2400
ocean71 folds
cala48 folds
P1xel7 folds
Am.I.Pimp folds
RiverAAin folds
JimmyT_1 collected 5040 from pot
*** SUMMARY ***
Total pot 5040 | No rake
Seat 1: JimmyT_1 won 5040


Winamax Poker - Tournament "MYSTERY KO" buyIn: 1.80€ + 0.20€ level: 11 - HandId: #3052606855550337157-86-1700338948 - Holdem no limit (140/600/1200) - 2023/11/18 20:22:28 UTC
Table: 'MYSTERY KO(710740419)#0132' 6-max (real money) Seat #5 is the button
Seat 1: JimmyT_1 (47152)
Seat 2: ocean71 (73160)
Seat 3: cala48 (14418)
Seat 4: P1xel7 (9064)
Seat 5: Am.I.Pimp (25369)
Seat 6: RiverAAin (58959)
*** ANTE/BLINDS ***
RiverAAin posts ante 140
JimmyT_1 posts ante 140
ocean71 posts ante 140
cala48 posts ante 140
P1xel7 posts ante 140
Am.I.Pimp posts ante 140
RiverAAin posts small blind 600
JimmyT_1 posts big blind 1200
Dealt to P1xel7 [6h Ts]
*** PRE-FLOP *** 
ocean71 folds
cala48 calls 1200
P1xel7 folds
Am.I.Pimp folds
RiverAAin folds
JimmyT_1 raises 45812 to 47012 and is all-in
cala48 folds
JimmyT_1 collected 49652 from pot
*** SUMMARY ***
Total pot 49652 | No rake
Seat 1: JimmyT_1 (big blind) won 49652


Winamax Poker - Tournament "MYSTERY KO" buyIn: 1.80€ + 0.20€ level: 11 - HandId: #3052606855550337157-87-1700338978 - Holdem no limit (140/600/1200) - 2023/11/18 20:22:58 UTC
Table: 'MYSTERY KO(710740419)#0132' 6-max (real money) Seat #6 is the button
Seat 1: JimmyT_1 (49652)
Seat 2: ocean71 (73020)
Seat 3: cala48 (13078)
Seat 4: P1xel7 (8924)
Seat 5: Am.I.Pimp (25229)
Seat 6: RiverAAin (58219)
*** ANTE/BLINDS ***
JimmyT_1 posts ante 140
ocean71 posts ante 140
cala48 posts ante 140
P1xel7 posts ante 140
Am.I.Pimp posts ante 140
RiverAAin posts ante 140
JimmyT_1 posts small blind 600
ocean71 posts big blind 1200
Dealt to P1xel7 [Ac Qh]
*** PRE-FLOP *** 
cala48 folds
P1xel7 raises 7584 to 8784 and is all-in
Am.I.Pimp folds
RiverAAin folds
JimmyT_1 folds
ocean71 folds
P1xel7 collected 11424 from pot
*** SUMMARY ***
Total pot 11424 | No rake
Seat 4: P1xel7 won 11424


Winamax Poker - Tournament "MYSTERY KO" buyIn: 1.80€ + 0.20€ level: 11 - HandId: #3052606855550337157-88-1700339008 - Holdem no limit (140/600/1200) - 2023/11/18 20:23:28 UTC
Table: 'MYSTERY KO(710740419)#0132' 6-max (real money) Seat #1 is the button
Seat 1: JimmyT_1 (48912)
Seat 2: ocean71 (71680)
Seat 3: cala48 (12938)
Seat 4: P1xel7 (11424)
Seat 5: Am.I.Pimp (25089)
Seat 6: RiverAAin (58079)
*** ANTE/BLINDS ***
ocean71 posts ante 140
cala48 posts ante 140
JimmyT_1 posts ante 140
P1xel7 posts ante 140
Am.I.Pimp posts ante 140
RiverAAin posts ante 140
ocean71 posts small blind 600
cala48 posts big blind 1200
Dealt to P1xel7 [Tc 8c]
*** PRE-FLOP *** 
P1xel7 folds
Am.I.Pimp folds
RiverAAin folds
JimmyT_1 raises 1200 to 2400
ocean71 calls 1800
cala48 calls 1200
*** FLOP *** [9c 4c Qd]
ocean71 checks
cala48 checks
JimmyT_1 bets 2814
ocean71 folds
cala48 folds
JimmyT_1 collected 10854 from pot
*** SUMMARY ***
Total pot 10854 | No rake
Board: [9c 4c Qd]
Seat 1: JimmyT_1 (button) won 10854


Winamax Poker - Tournament "MYSTERY KO" buyIn: 1.80€ + 0.20€ level: 11 - HandId: #3052606855550337157-89-1700339049 - Holdem no limit (140/600/1200) - 2023/11/18 20:24:09 UTC
Table: 'MYSTERY KO(710740419)#0132' 6-max (real money) Seat #2 is the button
Seat 1: JimmyT_1 (54412)
Seat 2: ocean71 (69140)
Seat 3: cala48 (10398)
Seat 4: P1xel7 (11284)
Seat 5: Am.I.Pimp (24949)
Seat 6: RiverAAin (57939)
*** ANTE/BLINDS ***
cala48 posts ante 140
P1xel7 posts ante 140
JimmyT_1 posts ante 140
ocean71 posts ante 140
Am.I.Pimp posts ante 140
RiverAAin posts ante 140
cala48 posts small blind 600
P1xel7 posts big blind 1200
Dealt to P1xel7 [7h Jc]
*** PRE-FLOP *** 
Am.I.Pimp raises 1200 to 2400
RiverAAin folds
JimmyT_1 folds
ocean71 folds
cala48 folds
P1xel7 folds
Am.I.Pimp collected 5040 from pot
*** SUMMARY ***
Total pot 5040 | No rake
Seat 5: Am.I.Pimp won 5040


Winamax Poker - Tournament "MYSTERY KO" buyIn: 1.80€ + 0.20€ level: 11 - HandId: #3052606855550337157-90-1700339066 - Holdem no limit (140/600/1200) - 2023/11/18 20:24:26 UTC
Table: 'MYSTERY KO(710740419)#0132' 6-max (real money) Seat #3 is the button
Seat 1: JimmyT_1 (54272)
Seat 2: ocean71 (69000)
Seat 3: cala48 (9658)
Seat 4: P1xel7 (9944)
Seat 5: Am.I.Pimp (27449)
Seat 6: RiverAAin (57799)
*** ANTE/BLINDS ***
P1xel7 posts ante 140
Am.I.Pimp posts ante 140
JimmyT_1 posts ante 140
ocean71 posts ante 140
cala48 posts ante 140
RiverAAin posts ante 140
P1xel7 posts small blind 600
Am.I.Pimp posts big blind 1200
Dealt to P1xel7 [5d Jc]
*** PRE-FLOP *** 
RiverAAin folds
JimmyT_1 raises 1200 to 2400
ocean71 folds
cala48 calls 2400
P1xel7 folds
Am.I.Pimp calls 1200
*** FLOP *** [8c 9c 3s]
Am.I.Pimp checks
JimmyT_1 checks
cala48 bets 7118 and is all-in
Am.I.Pimp raises 7118 to 14236
JimmyT_1 folds
*** TURN *** [8c 9c 3s][Kh]
*** RIVER *** [8c 9c 3s Kh][Kd]
*** SHOW DOWN ***
cala48 shows [As 8h] (Two pairs : Kings and 8)
Am.I.Pimp shows [Td 7h] (One pair : Kings)
Am.I.Pimp collected 7118 from side pot 1
cala48 collected 22876 from main pot
*** SUMMARY ***
Total pot 29994 | No rake
Board: [8c 9c 3s Kh Kd]
Seat 3: cala48 (button) showed [As 8h] and won 22876 with Two pairs : Kings and 8
Seat 5: Am.I.Pimp (big blind) showed [Td 7h] and won 7118 with One pair : Kings


Winamax Poker - Tournament "MYSTERY KO" buyIn: 1.80€ + 0.20€ level: 11 - HandId: #3052606855550337157-91-1700339110 - Holdem no limit (140/600/1200) - 2023/11/18 20:25:10 UTC
Table: 'MYSTERY KO(710740419)#0132' 6-max (real money) Seat #4 is the button
Seat 1: JimmyT_1 (51732)
Seat 2: ocean71 (68860)
Seat 3: cala48 (22876)
Seat 4: P1xel7 (9204)
Seat 5: Am.I.Pimp (17791)
Seat 6: RiverAAin (57659)
*** ANTE/BLINDS ***
Am.I.Pimp posts ante 140
RiverAAin posts ante 140
JimmyT_1 posts ante 140
ocean71 posts ante 140
cala48 posts ante 140
P1xel7 posts ante 140
Am.I.Pimp posts small blind 600
RiverAAin posts big blind 1200
Dealt to P1xel7 [Jd 8d]
*** PRE-FLOP *** 
JimmyT_1 folds
ocean71 raises 1500 to 2700
cala48 folds
P1xel7 folds
Am.I.Pimp calls 2100
RiverAAin calls 1500
*** FLOP *** [4c 6h 2s]
Am.I.Pimp checks
RiverAAin bets 4470
ocean71 folds
Am.I.Pimp folds
RiverAAin collected 13410 from pot
*** SUMMARY ***
Total pot 13410 | No rake
Board: [4c 6h 2s]
Seat 6: RiverAAin (big blind) won 13410


Winamax Poker - Tournament "MYSTERY KO" buyIn: 1.80€ + 0.20€ level: 11 - HandId: #3052606855550337157-92-1700339172 - Holdem no limit (140/600/1200) - 2023/11/18 20:26:12 UTC
Table: 'MYSTERY KO(710740419)#0132' 6-max (real money) Seat #5 is the button
Seat 1: JimmyT_1 (51592)
Seat 2: ocean71 (66020)
Seat 3: cala48 (22736)
Seat 4: P1xel7 (9064)
Seat 5: Am.I.Pimp (14951)
Seat 6: RiverAAin (63759)
*** ANTE/BLINDS ***
RiverAAin posts ante 140
JimmyT_1 posts ante 140
ocean71 posts ante 140
cala48 posts ante 140
P1xel7 posts ante 140
Am.I.Pimp posts ante 140
RiverAAin posts small blind 600
JimmyT_1 posts big blind 1200
Dealt to P1xel7 [Kh 2c]
*** PRE-FLOP *** 
ocean71 folds
cala48 folds
P1xel7 folds
Am.I.Pimp raises 13611 to 14811 and is all-in
RiverAAin folds
JimmyT_1 folds
Am.I.Pimp collected 17451 from pot
*** SUMMARY ***
Total pot 17451 | No rake
Seat 5: Am.I.Pimp (button) won 17451


Winamax Poker - Tournament "MYSTERY KO" buyIn: 1.80€ + 0.20€ level: 11 - HandId: #3052606855550337157-93-1700339198 - Holdem no limit (140/600/1200) - 2023/11/18 20:26:38 UTC
Table: 'MYSTERY KO(710740419)#0132' 6-max (real money) Seat #6 is the button
Seat 1: JimmyT_1 (50252)
Seat 2: ocean71 (65880)
Seat 3: cala48 (22596)
Seat 4: P1xel7 (8924)
Seat 5: Am.I.Pimp (17451)
Seat 6: RiverAAin (63019)
*** ANTE/BLINDS ***
JimmyT_1 posts ante 140
ocean71 posts ante 140
cala48 posts ante 140
P1xel7 posts ante 140
Am.I.Pimp posts ante 140
RiverAAin posts ante 140
JimmyT_1 posts small blind 600
ocean71 posts big blind 1200
Dealt to P1xel7 [Qc Ks]
*** PRE-FLOP *** 
cala48 raises 21256 to 22456 and is all-in
P1xel7 folds
Am.I.Pimp calls 17311 and is all-in
RiverAAin folds
JimmyT_1 folds
ocean71 folds
*** FLOP *** [8s 6c 5h]
*** TURN *** [8s 6c 5h][8c]
*** RIVER *** [8s 6c 5h 8c][9d]
*** SHOW DOWN ***
cala48 shows [Ah Qd] (One pair : 8)
Am.I.Pimp shows [Tc Ts] (Two pairs : Tens and 8)
Am.I.Pimp collected 37262 from main pot
cala48 collected 5145 from side pot 1
*** SUMMARY ***
Total pot 42407 | No rake
Board: [8s 6c 5h 8c 9d]
Seat 3: cala48 showed [Ah Qd] and won 5145 with One pair : 8
Seat 5: Am.I.Pimp showed [Tc Ts] and won 37262 with Two pairs : Tens and 8


Winamax Poker - Tournament "MYSTERY KO" buyIn: 1.80€ + 0.20€ level: 12 - HandId: #3052606855550337157-94-1700339223 - Holdem no limit (160/700/1400) - 2023/11/18 20:27:03 UTC
Table: 'MYSTERY KO(710740419)#0132' 6-max (real money) Seat #1 is the button
Seat 1: JimmyT_1 (49512)
Seat 2: ocean71 (64540)
Seat 3: cala48 (5145)
Seat 4: P1xel7 (8784)
Seat 5: Am.I.Pimp (37262)
Seat 6: RiverAAin (62879)
*** ANTE/BLINDS ***
ocean71 posts ante 160
cala48 posts ante 160
JimmyT_1 posts ante 160
P1xel7 posts ante 160
Am.I.Pimp posts ante 160
RiverAAin posts ante 160
ocean71 posts small blind 700
cala48 posts big blind 1400
Dealt to P1xel7 [Kc 4c]
*** PRE-FLOP *** 
P1xel7 folds
Am.I.Pimp raises 1400 to 2800
RiverAAin folds
JimmyT_1 folds
ocean71 folds
cala48 raises 2185 to 4985 and is all-in
Am.I.Pimp calls 2185
*** FLOP *** [Kh 5c Qd]
*** TURN *** [Kh 5c Qd][5h]
*** RIVER *** [Kh 5c Qd 5h][7d]
*** SHOW DOWN ***
Am.I.Pimp shows [8h 7h] (Two pairs : 7 and 5)
cala48 shows [Ks Ts] (Two pairs : Kings and 5)
cala48 collected 11630 from pot
*** SUMMARY ***
Total pot 11630 | No rake
Board: [Kh 5c Qd 5h 7d]
Seat 3: cala48 (big blind) showed [Ks Ts] and won 11630 with Two pairs : Kings and 5
Seat 5: Am.I.Pimp showed [8h 7h] and lost with Two pairs : 7 and 5


Winamax Poker - Tournament "MYSTERY KO" buyIn: 1.80€ + 0.20€ level: 12 - HandId: #3052606855550337157-95-1700339265 - Holdem no limit (160/700/1400) - 2023/11/18 20:27:45 UTC
Table: 'MYSTERY KO(710740419)#0132' 6-max (real money) Seat #2 is the button
Seat 1: JimmyT_1 (49352)
Seat 2: ocean71 (63680)
Seat 3: cala48 (11630)
Seat 4: P1xel7 (8624)
Seat 5: Am.I.Pimp (32117)
Seat 6: RiverAAin (62719)
*** ANTE/BLINDS ***
cala48 posts ante 160
P1xel7 posts ante 160
JimmyT_1 posts ante 160
ocean71 posts ante 160
Am.I.Pimp posts ante 160
RiverAAin posts ante 160
cala48 posts small blind 700
P1xel7 posts big blind 1400
Dealt to P1xel7 [Ks Th]
*** PRE-FLOP *** 
Am.I.Pimp folds
RiverAAin folds
JimmyT_1 folds
ocean71 raises 1750 to 3150
cala48 folds
P1xel7 raises 5314 to 8464 and is all-in
ocean71 calls 5314
*** FLOP *** [7c 5d 2h]
*** TURN *** [7c 5d 2h][4d]
*** RIVER *** [7c 5d 2h 4d][9h]
*** SHOW DOWN ***
ocean71 shows [Qh Tc] (High card : Queen)
P1xel7 shows [Ks Th] (High card : King)
P1xel7 collected 18588 from pot
*** SUMMARY ***
Total pot 18588 | No rake
Board: [7c 5d 2h 4d 9h]
Seat 2: ocean71 (button) showed [Qh Tc] and lost with High card : Queen
Seat 4: P1xel7 (big blind) showed [Ks Th] and won 18588 with High card : King


Winamax Poker - Tournament "MYSTERY KO" buyIn: 1.80€ + 0.20€ level: 12 - HandId: #3052606855550337157-96-1700339308 - Holdem no limit (160/700/1400) - 2023/11/18 20:28:28 UTC
Table: 'MYSTERY KO(710740419)#0132' 6-max (real money) Seat #3 is the button
Seat 1: JimmyT_1 (49192)
Seat 2: ocean71 (55056)
Seat 3: cala48 (10770)
Seat 4: P1xel7 (18588)
Seat 5: Am.I.Pimp (31957)
Seat 6: RiverAAin (62559)
*** ANTE/BLINDS ***
P1xel7 posts ante 160
Am.I.Pimp posts ante 160
JimmyT_1 posts ante 160
ocean71 posts ante 160
cala48 posts ante 160
RiverAAin posts ante 160
P1xel7 posts small blind 700
Am.I.Pimp posts big blind 1400
Dealt to P1xel7 [Qh As]
*** PRE-FLOP *** 
RiverAAin folds
JimmyT_1 folds
ocean71 raises 1750 to 3150
cala48 folds
P1xel7 raises 15278 to 18428 and is all-in
Am.I.Pimp folds
ocean71 calls 15278
*** FLOP *** [9d 3h Jd]
*** TURN *** [9d 3h Jd][Ac]
*** RIVER *** [9d 3h Jd Ac][Kc]
*** SHOW DOWN ***
ocean71 shows [4d 4s] (One pair : 4)
P1xel7 shows [Qh As] (One pair : Aces)
P1xel7 collected 39216 from pot
*** SUMMARY ***
Total pot 39216 | No rake
Board: [9d 3h Jd Ac Kc]
Seat 2: ocean71 showed [4d 4s] and lost with One pair : 4
Seat 4: P1xel7 (small blind) showed [Qh As] and won 39216 with One pair : Aces


Winamax Poker - Tournament "MYSTERY KO" buyIn: 1.80€ + 0.20€ level: 12 - HandId: #3052606855550337157-97-1700339353 - Holdem no limit (160/700/1400) - 2023/11/18 20:29:13 UTC
Table: 'MYSTERY KO(710740419)#0132' 6-max (real money) Seat #4 is the button
Seat 1: JimmyT_1 (49032)
Seat 2: ocean71 (36468)
Seat 3: cala48 (10610)
Seat 4: P1xel7 (39216)
Seat 5: Am.I.Pimp (30397)
Seat 6: RiverAAin (62399)
*** ANTE/BLINDS ***
Am.I.Pimp posts ante 160
RiverAAin posts ante 160
JimmyT_1 posts ante 160
ocean71 posts ante 160
cala48 posts ante 160
P1xel7 posts ante 160
Am.I.Pimp posts small blind 700
RiverAAin posts big blind 1400
Dealt to P1xel7 [Kd 4h]
*** PRE-FLOP *** 
JimmyT_1 raises 1400 to 2800
ocean71 folds
cala48 folds
P1xel7 folds
Am.I.Pimp folds
RiverAAin calls 1400
*** FLOP *** [9s Kh 7h]
RiverAAin checks
JimmyT_1 bets 2541
RiverAAin calls 2541
*** TURN *** [9s Kh 7h][Kc]
RiverAAin checks
JimmyT_1 bets 8022
RiverAAin calls 8022
*** RIVER *** [9s Kh 7h Kc][9c]
RiverAAin bets 28386
JimmyT_1 calls 28386
*** SHOW DOWN ***
JimmyT_1 shows [Ah 8h] (Two pairs : Kings and 9)
RiverAAin shows [Ks 8s] (Full of Kings and 9)
RiverAAin collected 85158 from pot
*** SUMMARY ***
Total pot 85158 | No rake
Board: [9s Kh 7h Kc 9c]
Seat 1: JimmyT_1 showed [Ah 8h] and lost with Two pairs : Kings and 9
Seat 6: RiverAAin (big blind) showed [Ks 8s] and won 85158 with Full of Kings and 9


Winamax Poker - Tournament "MYSTERY KO" buyIn: 1.80€ + 0.20€ level: 12 - HandId: #3052606855550337157-98-1700339443 - Holdem no limit (160/700/1400) - 2023/11/18 20:30:43 UTC
Table: 'MYSTERY KO(710740419)#0132' 6-max (real money) Seat #5 is the button
Seat 1: JimmyT_1 (7123)
Seat 2: ocean71 (36308)
Seat 3: cala48 (10450)
Seat 4: P1xel7 (39056)
Seat 5: Am.I.Pimp (29537)
Seat 6: RiverAAin (105648)
*** ANTE/BLINDS ***
RiverAAin posts ante 160
JimmyT_1 posts ante 160
ocean71 posts ante 160
cala48 posts ante 160
P1xel7 posts ante 160
Am.I.Pimp posts ante 160
RiverAAin posts small blind 700
JimmyT_1 posts big blind 1400
Dealt to P1xel7 [2d 2h]
*** PRE-FLOP *** 
ocean71 folds
cala48 folds
P1xel7 folds
Am.I.Pimp folds
RiverAAin folds
JimmyT_1 collected 3060 from pot
*** SUMMARY ***
Total pot 3060 | No rake
Seat 1: JimmyT_1 (big blind) won 3060


Winamax Poker - Tournament "MYSTERY KO" buyIn: 1.80€ + 0.20€ level: 12 - HandId: #3052606855550337157-99-1700339465 - Holdem no limit (160/700/1400) - 2023/11/18 20:31:05 UTC
Table: 'MYSTERY KO(710740419)#0132' 6-max (real money) Seat #6 is the button
Seat 1: JimmyT_1 (8623)
Seat 2: ocean71 (36148)
Seat 3: cala48 (10290)
Seat 4: P1xel7 (38896)
Seat 5: Am.I.Pimp (29377)
Seat 6: RiverAAin (104788)
*** ANTE/BLINDS ***
JimmyT_1 posts ante 160
ocean71 posts ante 160
cala48 posts ante 160
P1xel7 posts ante 160
Am.I.Pimp posts ante 160
RiverAAin posts ante 160
JimmyT_1 posts small blind 700
ocean71 posts big blind 1400
Dealt to P1xel7 [Qc 7h]
*** PRE-FLOP *** 
cala48 folds
P1xel7 folds
Am.I.Pimp raises 2100 to 3500
RiverAAin calls 3500
JimmyT_1 raises 4963 to 8463 and is all-in
ocean71 folds
Am.I.Pimp raises 7637 to 16100
RiverAAin folds
*** FLOP *** [4c 6s Jc]
*** TURN *** [4c 6s Jc][Ah]
*** RIVER *** [4c 6s Jc Ah][Kd]
*** SHOW DOWN ***
JimmyT_1 shows [9h Ks] (One pair : Kings)
Am.I.Pimp shows [Ac 8c] (One pair : Aces)
Am.I.Pimp collected 30423 from pot
*** SUMMARY ***
Total pot 30423 | No rake
Board: [4c 6s Jc Ah Kd]
Seat 1: JimmyT_1 (small blind) showed [9h Ks] and lost with One pair : Kings
Seat 5: Am.I.Pimp showed [Ac 8c] and won 30423 with One pair : Aces


Winamax Poker - Tournament "MYSTERY KO" buyIn: 1.80€ + 0.20€ level: 12 - HandId: #3052606855550337157-100-1700339519 - Holdem no limit (160/700/1400) - 2023/11/18 20:31:59 UTC
Table: 'MYSTERY KO(710740419)#0132' 6-max (real money) Seat #1 is the button
Seat 2: ocean71 (34588)
Seat 3: cala48 (10130)
Seat 4: P1xel7 (38736)
Seat 5: Am.I.Pimp (43540)
Seat 6: RiverAAin (101128)
*** ANTE/BLINDS ***
ocean71 posts ante 160
cala48 posts ante 160
P1xel7 posts ante 160
Am.I.Pimp posts ante 160
RiverAAin posts ante 160
ocean71 posts small blind 700
cala48 posts big blind 1400
Dealt to P1xel7 [8c 8h]
*** PRE-FLOP *** 
P1xel7 raises 2100 to 3500
Am.I.Pimp folds
RiverAAin calls 3500
ocean71 folds
cala48 raises 6470 to 9970 and is all-in
P1xel7 folds
RiverAAin calls 6470
*** FLOP *** [3d Ks Jd]
*** TURN *** [3d Ks Jd][Jh]
*** RIVER *** [3d Ks Jd Jh][Ts]
*** SHOW DOWN ***
cala48 shows [9c 9s] (Two pairs : Jacks and 9)
RiverAAin shows [Kc Qh] (Two pairs : Kings and Jacks)
RiverAAin collected 24940 from pot
*** SUMMARY ***
Total pot 24940 | No rake
Board: [3d Ks Jd Jh Ts]
Seat 3: cala48 (big blind) showed [9c 9s] and lost with Two pairs : Jacks and 9
Seat 6: RiverAAin showed [Kc Qh] and won 24940 with Two pairs : Kings and Jacks


Winamax Poker - Tournament "MYSTERY KO" buyIn: 1.80€ + 0.20€ level: 12 - HandId: #3052606855550337157-101-1700339581 - Holdem no limit (160/700/1400) - 2023/11/18 20:33:01 UTC
Table: 'MYSTERY KO(710740419)#0132' 6-max (real money) Seat #2 is the button
Seat 2: ocean71 (33728)
Seat 4: P1xel7 (35076)
Seat 5: Am.I.Pimp (43380)
Seat 6: RiverAAin (115938)
*** ANTE/BLINDS ***
P1xel7 posts ante 160
ocean71 posts ante 160
Am.I.Pimp posts ante 160
RiverAAin posts ante 160
P1xel7 posts big blind 1400
Dealt to P1xel7 [7c Ah]
*** PRE-FLOP *** 
Am.I.Pimp folds
RiverAAin folds
ocean71 folds
P1xel7 collected 2040 from pot
*** SUMMARY ***
Total pot 2040 | No rake
Seat 4: P1xel7 (big blind) won 2040


Winamax Poker - Tournament "MYSTERY KO" buyIn: 1.80€ + 0.20€ level: 12 - HandId: #3052606855550337157-102-1700339604 - Holdem no limit (160/700/1400) - 2023/11/18 20:33:24 UTC
Table: 'MYSTERY KO(710740419)#0132' 6-max (real money) Seat #3 is the button
Seat 1: CarlHanratty (57220)
Seat 2: ocean71 (33568)
Seat 3: Andy Carroll (76936)
Seat 4: P1xel7 (35556)
Seat 5: Am.I.Pimp (43220)
Seat 6: RiverAAin (115778)
*** ANTE/BLINDS ***
P1xel7 posts ante 160
Am.I.Pimp posts ante 160
CarlHanratty posts ante 160
ocean71 posts ante 160
RiverAAin posts ante 160
P1xel7 posts small blind 700
Am.I.Pimp posts big blind 1400
Dealt to P1xel7 [5h Js]
*** PRE-FLOP *** 
RiverAAin raises 1400 to 2800
CarlHanratty folds
ocean71 calls 2800
P1xel7 folds
Am.I.Pimp raises 9100 to 11900
RiverAAin raises 9100 to 21000
ocean71 folds
Am.I.Pimp calls 9100
*** FLOP *** [5s 5d 8s]
Am.I.Pimp checks
RiverAAin bets 23150
Am.I.Pimp calls 22060 and is all-in
*** TURN *** [5s 5d 8s][9d]
*** RIVER *** [5s 5d 8s 9d][Qd]
*** SHOW DOWN ***
Am.I.Pimp shows [Qh Qs] (Full of Queens and 5)
RiverAAin shows [Ac As] (Two pairs : Aces and 5)
RiverAAin collected 1090 from side pot 1
Am.I.Pimp collected 90420 from main pot
*** SUMMARY ***
Total pot 91510 | No rake
Board: [5s 5d 8s 9d Qd]
Seat 5: Am.I.Pimp (big blind) showed [Qh Qs] and won 90420 with Full of Queens and 5
Seat 6: RiverAAin showed [Ac As] and won 1090 with Two pairs : Aces and 5


Winamax Poker - Tournament "MYSTERY KO" buyIn: 1.80€ + 0.20€ level: 13 - HandId: #3052606855550337098-134-1700339744 - Holdem no limit (200/800/1600) - 2023/11/18 20:35:44 UTC
Table: 'MYSTERY KO(710740419)#0073' 6-max (real money) Seat #4 is the button
Seat 1: -KrAKPAs- (53943)
Seat 2: Mr.OldpeS (36122)
Seat 3: P1xel7 (34696)
Seat 4: StwarsPok_ (92042)
Seat 5: El _tortuga (100586)
Seat 6: Adrien1114 (32220)
*** ANTE/BLINDS ***
El _tortuga posts ante 200
Adrien1114 posts ante 200
-KrAKPAs- posts ante 200
Mr.OldpeS posts ante 200
P1xel7 posts ante 200
StwarsPok_ posts ante 200
El _tortuga posts small blind 800
Adrien1114 posts big blind 1600
Dealt to P1xel7 [Td Ts]
*** PRE-FLOP *** 
-KrAKPAs- folds
Mr.OldpeS calls 1600
P1xel7 raises 6400 to 8000
StwarsPok_ folds
El _tortuga folds
Adrien1114 raises 24020 to 32020 and is all-in
Mr.OldpeS folds
P1xel7 calls 24020
*** FLOP *** [5d Qs 3d]
*** TURN *** [5d Qs 3d][2h]
*** RIVER *** [5d Qs 3d 2h][4c]
*** SHOW DOWN ***
P1xel7 shows [Td Ts] (One pair : Tens)
Adrien1114 shows [6c 6d] (Straight 6 high)
Adrien1114 collected 67640 from pot
*** SUMMARY ***
Total pot 67640 | No rake
Board: [5d Qs 3d 2h 4c]
Seat 3: P1xel7 showed [Td Ts] and lost with One pair : Tens
Seat 6: Adrien1114 (big blind) showed [6c 6d] and won 67640 with Straight 6 high


Winamax Poker - Tournament "MYSTERY KO" buyIn: 1.80€ + 0.20€ level: 13 - HandId: #3052606855550337098-135-1700339804 - Holdem no limit (200/800/1600) - 2023/11/18 20:36:44 UTC
Table: 'MYSTERY KO(710740419)#0073' 6-max (real money) Seat #5 is the button
Seat 1: -KrAKPAs- (53743)
Seat 2: Mr.OldpeS (34322)
Seat 3: P1xel7 (2476)
Seat 4: StwarsPok_ (91842)
Seat 5: El _tortuga (99586)
Seat 6: Adrien1114 (67640)
*** ANTE/BLINDS ***
Adrien1114 posts ante 200
-KrAKPAs- posts ante 200
Mr.OldpeS posts ante 200
P1xel7 posts ante 200
StwarsPok_ posts ante 200
El _tortuga posts ante 200
Adrien1114 posts small blind 800
-KrAKPAs- posts big blind 1600
Dealt to P1xel7 [7d Ah]
*** PRE-FLOP *** 
Mr.OldpeS folds
P1xel7 raises 676 to 2276 and is all-in
StwarsPok_ folds
El _tortuga calls 2276
Adrien1114 folds
-KrAKPAs- raises 8828 to 11104
El _tortuga folds
*** FLOP *** [2s 8h 6c]
*** TURN *** [2s 8h 6c][2c]
*** RIVER *** [2s 8h 6c 2c][Qc]
*** SHOW DOWN ***
P1xel7 shows [7d Ah] (One pair : 2)
-KrAKPAs- shows [Ad Ks] (One pair : 2)
-KrAKPAs- collected 17656 from pot
*** SUMMARY ***
Total pot 17656 | No rake
Board: [2s 8h 6c 2c Qc]
Seat 1: -KrAKPAs- (big blind) showed [Ad Ks] and won 17656 with One pair : 2
Seat 3: P1xel7 showed [7d Ah] and lost with One pair : 2


