Winamax Poker - Tournament "Starting Block WiPT" buyIn: 0€ + 0€ level: 1 - HandId: #3092516838421037057-1-1699866572 - Holdem no limit (10/20) - 2023/11/13 09:09:32 UTC
Table: 'Starting Block WiPT(720032686)#0' 6-max (real money) Seat #2 is the button
Seat 1: sakho.bomaye (1500)
Seat 2: Bigalu (1500)
Seat 3: Anneso69370 (1500)
Seat 4: Willydd (1500)
Seat 5: Jimtonic2 (1500)
Seat 6: P1xel7 (1500)
*** ANTE/BLINDS ***
Anneso69370 posts small blind 10
Willydd posts big blind 20
Dealt to P1xel7 [4c Kh]
*** PRE-FLOP *** 
Jimtonic2 calls 20
P1xel7 folds
sakho.bomaye calls 20
Bigalu raises 30 to 50
Anneso69370 calls 40
Willydd folds
Jimtonic2 calls 30
sakho.bomaye calls 30
*** FLOP *** [9d 4h 4s]
Anneso69370 bets 20
Jimtonic2 calls 20
sakho.bomaye calls 20
Bigalu raises 92 to 112
Anneso69370 calls 92
Jimtonic2 folds
sakho.bomaye calls 92
*** TURN *** [9d 4h 4s][6c]
Anneso69370 bets 20
sakho.bomaye raises 20 to 40
Bigalu calls 40
Anneso69370 calls 20
*** RIVER *** [9d 4h 4s 6c][8c]
Anneso69370 bets 20
sakho.bomaye calls 20
Bigalu raises 484 to 504
Anneso69370 calls 484
sakho.bomaye calls 484
*** SHOW DOWN ***
sakho.bomaye shows [2h 6s] (Two pairs : 6 and 4)
Bigalu shows [Ts Qh] (One pair : 4)
Anneso69370 shows [7s Tc] (Straight Ten high)
Anneso69370 collected 2208 from pot
*** SUMMARY ***
Total pot 2208 | No rake
Board: [9d 4h 4s 6c 8c]
Seat 1: sakho.bomaye showed [2h 6s] and lost with Two pairs : 6 and 4
Seat 2: Bigalu (button) showed [Ts Qh] and lost with One pair : 4
Seat 3: Anneso69370 (small blind) showed [7s Tc] and won 2208 with Straight Ten high


Winamax Poker - Tournament "Starting Block WiPT" buyIn: 0€ + 0€ level: 1 - HandId: #3092516838421037057-2-1699866659 - Holdem no limit (10/20) - 2023/11/13 09:10:59 UTC
Table: 'Starting Block WiPT(720032686)#0' 6-max (real money) Seat #3 is the button
Seat 1: sakho.bomaye (794)
Seat 2: Bigalu (794)
Seat 3: Anneso69370 (3002)
Seat 4: Willydd (1480)
Seat 5: Jimtonic2 (1430)
Seat 6: P1xel7 (1500)
*** ANTE/BLINDS ***
Willydd posts small blind 10
Jimtonic2 posts big blind 20
Dealt to P1xel7 [8h 9c]
*** PRE-FLOP *** 
P1xel7 folds
sakho.bomaye folds
Bigalu raises 774 to 794 and is all-in
Anneso69370 calls 794
Willydd raises 686 to 1480 and is all-in
Jimtonic2 calls 1410 and is all-in
Anneso69370 calls 686
*** FLOP *** [2c 9h 3s]
*** TURN *** [2c 9h 3s][2h]
*** RIVER *** [2c 9h 3s 2h][8d]
*** SHOW DOWN ***
Bigalu shows [Ah 3c] (Two pairs : 3 and 2)
Anneso69370 shows [6s 4h] (One pair : 2)
Willydd shows [Js As] (One pair : 2)
Jimtonic2 shows [5d 2d] (Trips of 2)
Jimtonic2 collected 5084 from main pot
Willydd collected 100 from side pot 1
*** SUMMARY ***
Total pot 5184 | No rake
Board: [2c 9h 3s 2h 8d]
Seat 2: Bigalu showed [Ah 3c] and lost with Two pairs : 3 and 2
Seat 3: Anneso69370 (button) showed [6s 4h] and lost with One pair : 2
Seat 4: Willydd (small blind) showed [Js As] and won 100 with One pair : 2
Seat 5: Jimtonic2 (big blind) showed [5d 2d] and won 5084 with Trips of 2


Winamax Poker - Tournament "Starting Block WiPT" buyIn: 0€ + 0€ level: 2 - HandId: #3092516838421037057-3-1699866692 - Holdem no limit (15/30) - 2023/11/13 09:11:32 UTC
Table: 'Starting Block WiPT(720032686)#0' 6-max (real money) Seat #4 is the button
Seat 1: sakho.bomaye (794)
Seat 3: Anneso69370 (1522)
Seat 4: Willydd (100)
Seat 5: Jimtonic2 (5084)
Seat 6: P1xel7 (1500)
*** ANTE/BLINDS ***
Jimtonic2 posts small blind 15
P1xel7 posts big blind 30
Dealt to P1xel7 [3c 6h]
*** PRE-FLOP *** 
sakho.bomaye calls 30
Anneso69370 calls 30
Willydd folds
Jimtonic2 calls 15
P1xel7 checks
*** FLOP *** [Ts 9c Ad]
Jimtonic2 checks
P1xel7 checks
sakho.bomaye checks
Anneso69370 checks
*** TURN *** [Ts 9c Ad][4h]
Jimtonic2 checks
P1xel7 checks
sakho.bomaye checks
Anneso69370 bets 30
Jimtonic2 calls 30
P1xel7 folds
sakho.bomaye raises 126 to 156
Anneso69370 calls 126
Jimtonic2 folds
*** RIVER *** [Ts 9c Ad 4h][Qd]
sakho.bomaye checks
Anneso69370 bets 30
sakho.bomaye calls 30
*** SHOW DOWN ***
sakho.bomaye shows [3d Jd] (High card : Ace)
Anneso69370 shows [9s 6s] (One pair : 9)
Anneso69370 collected 522 from pot
*** SUMMARY ***
Total pot 522 | No rake
Board: [Ts 9c Ad 4h Qd]
Seat 1: sakho.bomaye showed [3d Jd] and lost with High card : Ace
Seat 3: Anneso69370 showed [9s 6s] and won 522 with One pair : 9


Winamax Poker - Tournament "Starting Block WiPT" buyIn: 0€ + 0€ level: 3 - HandId: #3092516838421037057-4-1699866771 - Holdem no limit (20/40) - 2023/11/13 09:12:51 UTC
Table: 'Starting Block WiPT(720032686)#0' 6-max (real money) Seat #5 is the button
Seat 1: sakho.bomaye (578)
Seat 3: Anneso69370 (1828)
Seat 4: Willydd (100)
Seat 5: Jimtonic2 (5024)
Seat 6: P1xel7 (1470)
*** ANTE/BLINDS ***
P1xel7 posts small blind 20
sakho.bomaye posts big blind 40
Dealt to P1xel7 [Ac As]
*** PRE-FLOP *** 
Anneso69370 raises 1788 to 1828 and is all-in
Willydd calls 100 and is all-in
Jimtonic2 calls 1828
P1xel7 calls 1450 and is all-in
sakho.bomaye calls 538 and is all-in
*** FLOP *** [3c 6d 3s]
*** TURN *** [3c 6d 3s][6s]
*** RIVER *** [3c 6d 3s 6s][Tc]
*** SHOW DOWN ***
sakho.bomaye shows [Js Qc] (Two pairs : 6 and 3)
Jimtonic2 shows [Qs Kd] (Two pairs : 6 and 3)
Anneso69370 shows [Ad 2d] (Two pairs : 6 and 3)
Willydd shows [4h 3h] (Full of 3 and 6)
P1xel7 shows [Ac As] (Two pairs : Aces and 6)
P1xel7 collected 4588 from side pot 1
Willydd collected 500 from main pot
Anneso69370 collected 716 from side pot 2
*** SUMMARY ***
Total pot 5804 | No rake
Board: [3c 6d 3s 6s Tc]
Seat 1: sakho.bomaye (big blind) showed [Js Qc] and lost with Two pairs : 6 and 3
Seat 3: Anneso69370 showed [Ad 2d] and won 716 with Two pairs : 6 and 3
Seat 4: Willydd showed [4h 3h] and won 500 with Full of 3 and 6
Seat 5: Jimtonic2 (button) showed [Qs Kd] and lost with Two pairs : 6 and 3
Seat 6: P1xel7 (small blind) showed [Ac As] and won 4588 with Two pairs : Aces and 6


Winamax Poker - Tournament "Starting Block WiPT" buyIn: 0€ + 0€ level: 3 - HandId: #3092516838421037057-5-1699866801 - Holdem no limit (20/40) - 2023/11/13 09:13:21 UTC
Table: 'Starting Block WiPT(720032686)#0' 6-max (real money) Seat #6 is the button
Seat 3: Anneso69370 (716)
Seat 4: Willydd (500)
Seat 5: Jimtonic2 (3196)
Seat 6: P1xel7 (4588)
*** ANTE/BLINDS ***
Anneso69370 posts big blind 40
Dealt to P1xel7 [2s Qh]
*** PRE-FLOP *** 
Willydd raises 40 to 80
Jimtonic2 calls 80
P1xel7 folds
Anneso69370 calls 40
*** FLOP *** [3h Ts Ad]
Anneso69370 bets 40
Willydd raises 40 to 80
Jimtonic2 calls 80
Anneso69370 raises 556 to 636 and is all-in
Willydd calls 340 and is all-in
Jimtonic2 calls 556
*** TURN *** [3h Ts Ad][3d]
*** RIVER *** [3h Ts Ad 3d][Qc]
*** SHOW DOWN ***
Anneso69370 shows [8c 4c] (One pair : 3)
Willydd shows [8d Ac] (Two pairs : Aces and 3)
Jimtonic2 shows [5c 4h] (One pair : 3)
Jimtonic2 collected 216 from side pot 1
Willydd collected 1500 from main pot
Anneso69370 collected 216 from side pot 1
*** SUMMARY ***
Total pot 1932 | No rake
Board: [3h Ts Ad 3d Qc]
Seat 3: Anneso69370 (big blind) showed [8c 4c] and won 216 with One pair : 3
Seat 4: Willydd showed [8d Ac] and won 1500 with Two pairs : Aces and 3
Seat 5: Jimtonic2 showed [5c 4h] and won 216 with One pair : 3


Winamax Poker - Tournament "Starting Block WiPT" buyIn: 0€ + 0€ level: 3 - HandId: #3092516838421037057-6-1699866836 - Holdem no limit (20/40) - 2023/11/13 09:13:56 UTC
Table: 'Starting Block WiPT(720032686)#0' 6-max (real money) Seat #1 is the button
Seat 3: Anneso69370 (216)
Seat 4: Willydd (1500)
Seat 5: Jimtonic2 (2696)
Seat 6: P1xel7 (4588)
*** ANTE/BLINDS ***
Anneso69370 posts small blind 20
Willydd posts big blind 40
Dealt to P1xel7 [9h 2d]
*** PRE-FLOP *** 
Jimtonic2 calls 40
P1xel7 folds
Anneso69370 calls 20
Willydd checks
*** FLOP *** [8d 6s Td]
Anneso69370 bets 176 and is all-in
Willydd raises 1284 to 1460 and is all-in
Jimtonic2 folds
*** TURN *** [8d 6s Td][6h]
*** RIVER *** [8d 6s Td 6h][3d]
*** SHOW DOWN ***
Anneso69370 shows [5c 5d] (Two pairs : 6 and 5)
Willydd shows [4c Ts] (Two pairs : Tens and 6)
Willydd collected 1756 from pot
*** SUMMARY ***
Total pot 1756 | No rake
Board: [8d 6s Td 6h 3d]
Seat 3: Anneso69370 (small blind) showed [5c 5d] and lost with Two pairs : 6 and 5
Seat 4: Willydd (big blind) showed [4c Ts] and won 1756 with Two pairs : Tens and 6


Winamax Poker - Tournament "Starting Block WiPT" buyIn: 0€ + 0€ level: 4 - HandId: #3092516838421037057-7-1699866879 - Holdem no limit (30/60) - 2023/11/13 09:14:39 UTC
Table: 'Starting Block WiPT(720032686)#0' 6-max (real money) Seat #3 is the button
Seat 4: Willydd (1756)
Seat 5: Jimtonic2 (2656)
Seat 6: P1xel7 (4588)
*** ANTE/BLINDS ***
Willydd posts small blind 30
Jimtonic2 posts big blind 60
Dealt to P1xel7 [Qd 7c]
*** PRE-FLOP *** 
P1xel7 folds
Willydd calls 30
Jimtonic2 checks
*** FLOP *** [Th 8h Tc]
Willydd bets 60
Jimtonic2 calls 60
*** TURN *** [Th 8h Tc][5h]
Willydd bets 60
Jimtonic2 calls 60
*** RIVER *** [Th 8h Tc 5h][7s]
Willydd bets 120
Jimtonic2 calls 120
*** SHOW DOWN ***
Jimtonic2 shows [7d 9s] (Two pairs : Tens and 7)
Willydd shows [5s 8d] (Two pairs : Tens and 8)
Willydd collected 600 from pot
*** SUMMARY ***
Total pot 600 | No rake
Board: [Th 8h Tc 5h 7s]
Seat 4: Willydd (small blind) showed [5s 8d] and won 600 with Two pairs : Tens and 8
Seat 5: Jimtonic2 (big blind) showed [7d 9s] and lost with Two pairs : Tens and 7


Winamax Poker - Tournament "Starting Block WiPT" buyIn: 0€ + 0€ level: 4 - HandId: #3092516838421037057-8-1699866912 - Holdem no limit (30/60) - 2023/11/13 09:15:12 UTC
Table: 'Starting Block WiPT(720032686)#0' 6-max (real money) Seat #4 is the button
Seat 4: Willydd (2056)
Seat 5: Jimtonic2 (2356)
Seat 6: P1xel7 (4588)
*** ANTE/BLINDS ***
Jimtonic2 posts small blind 30
P1xel7 posts big blind 60
Dealt to P1xel7 [8d Td]
*** PRE-FLOP *** 
Willydd raises 60 to 120
Jimtonic2 calls 90
P1xel7 calls 60
*** FLOP *** [2c 5d 6s]
Jimtonic2 checks
P1xel7 bets 180
Willydd folds
Jimtonic2 calls 180
*** TURN *** [2c 5d 6s][9c]
Jimtonic2 checks
P1xel7 bets 468
Jimtonic2 calls 468
*** RIVER *** [2c 5d 6s 9c][3s]
Jimtonic2 checks
P1xel7 bets 3820 and is all-in
Jimtonic2 calls 1588 and is all-in
*** SHOW DOWN ***
Jimtonic2 shows [9d Qd] (One pair : 9)
P1xel7 shows [8d Td] (High card : Ten)
P1xel7 collected 2232 from side pot 1
Jimtonic2 collected 4832 from main pot
*** SUMMARY ***
Total pot 7064 | No rake
Board: [2c 5d 6s 9c 3s]
Seat 5: Jimtonic2 (small blind) showed [9d Qd] and won 4832 with One pair : 9
Seat 6: P1xel7 (big blind) showed [8d Td] and won 2232 with High card : Ten


Winamax Poker - Tournament "Starting Block WiPT" buyIn: 0€ + 0€ level: 5 - HandId: #3092516838421037057-9-1699866959 - Holdem no limit (40/80) - 2023/11/13 09:15:59 UTC
Table: 'Starting Block WiPT(720032686)#0' 6-max (real money) Seat #5 is the button
Seat 4: Willydd (1936)
Seat 5: Jimtonic2 (4832)
Seat 6: P1xel7 (2232)
*** ANTE/BLINDS ***
P1xel7 posts small blind 40
Willydd posts big blind 80
Dealt to P1xel7 [3h Jd]
*** PRE-FLOP *** 
Jimtonic2 calls 80
P1xel7 folds
Willydd checks
*** FLOP *** [8h 5h 2d]
Willydd bets 80
Jimtonic2 calls 80
*** TURN *** [8h 5h 2d][8d]
Willydd bets 80
Jimtonic2 calls 80
*** RIVER *** [8h 5h 2d 8d][9s]
Willydd bets 80
Jimtonic2 folds
Willydd collected 600 from pot
*** SUMMARY ***
Total pot 600 | No rake
Board: [8h 5h 2d 8d 9s]
Seat 4: Willydd (big blind) won 600


Winamax Poker - Tournament "Starting Block WiPT" buyIn: 0€ + 0€ level: 5 - HandId: #3092516838421037057-10-1699866999 - Holdem no limit (40/80) - 2023/11/13 09:16:39 UTC
Table: 'Starting Block WiPT(720032686)#0' 6-max (real money) Seat #6 is the button
Seat 4: Willydd (2216)
Seat 5: Jimtonic2 (4592)
Seat 6: P1xel7 (2192)
*** ANTE/BLINDS ***
Willydd posts small blind 40
Jimtonic2 posts big blind 80
Dealt to P1xel7 [4h 6c]
*** PRE-FLOP *** 
P1xel7 folds
Willydd raises 80 to 160
Jimtonic2 calls 80
*** FLOP *** [2h 9d Qd]
Willydd checks
Jimtonic2 checks
*** TURN *** [2h 9d Qd][3c]
Willydd checks
Jimtonic2 checks
*** RIVER *** [2h 9d Qd 3c][Tc]
Willydd bets 80
Jimtonic2 raises 116 to 196
Willydd raises 204 to 400
Jimtonic2 raises 588 to 988
Willydd raises 1068 to 2056 and is all-in
Jimtonic2 calls 1068
*** SHOW DOWN ***
Jimtonic2 shows [5d Qs] (One pair : Queens)
Willydd shows [Js 8s] (Straight Queen high)
Willydd collected 4432 from pot
*** SUMMARY ***
Total pot 4432 | No rake
Board: [2h 9d Qd 3c Tc]
Seat 4: Willydd (small blind) showed [Js 8s] and won 4432 with Straight Queen high
Seat 5: Jimtonic2 (big blind) showed [5d Qs] and lost with One pair : Queens


Winamax Poker - Tournament "Starting Block WiPT" buyIn: 0€ + 0€ level: 6 - HandId: #3092516838421037057-11-1699867047 - Holdem no limit (60/120) - 2023/11/13 09:17:27 UTC
Table: 'Starting Block WiPT(720032686)#0' 6-max (real money) Seat #4 is the button
Seat 4: Willydd (4432)
Seat 5: Jimtonic2 (2376)
Seat 6: P1xel7 (2192)
*** ANTE/BLINDS ***
Jimtonic2 posts small blind 60
P1xel7 posts big blind 120
Dealt to P1xel7 [3s 6c]
*** PRE-FLOP *** 
Willydd folds
Jimtonic2 calls 60
P1xel7 checks
*** FLOP *** [3h Td Th]
Jimtonic2 checks
P1xel7 bets 2072 and is all-in
Jimtonic2 folds
P1xel7 collected 2312 from pot
*** SUMMARY ***
Total pot 2312 | No rake
Board: [3h Td Th]
Seat 6: P1xel7 (big blind) won 2312


Winamax Poker - Tournament "Starting Block WiPT" buyIn: 0€ + 0€ level: 6 - HandId: #3092516838421037057-12-1699867068 - Holdem no limit (60/120) - 2023/11/13 09:17:48 UTC
Table: 'Starting Block WiPT(720032686)#0' 6-max (real money) Seat #5 is the button
Seat 4: Willydd (4432)
Seat 5: Jimtonic2 (2256)
Seat 6: P1xel7 (2312)
*** ANTE/BLINDS ***
P1xel7 posts small blind 60
Willydd posts big blind 120
Dealt to P1xel7 [Qs 3c]
*** PRE-FLOP *** 
Jimtonic2 calls 120
P1xel7 folds
Willydd raises 120 to 240
Jimtonic2 calls 120
*** FLOP *** [2s Kd 7c]
Willydd checks
Jimtonic2 checks
*** TURN *** [2s Kd 7c][9s]
Willydd checks
Jimtonic2 bets 540
Willydd folds
Jimtonic2 collected 1080 from pot
*** SUMMARY ***
Total pot 1080 | No rake
Board: [2s Kd 7c 9s]
Seat 5: Jimtonic2 (button) won 1080


Winamax Poker - Tournament "Starting Block WiPT" buyIn: 0€ + 0€ level: 6 - HandId: #3092516838421037057-13-1699867091 - Holdem no limit (60/120) - 2023/11/13 09:18:11 UTC
Table: 'Starting Block WiPT(720032686)#0' 6-max (real money) Seat #6 is the button
Seat 4: Willydd (4192)
Seat 5: Jimtonic2 (2556)
Seat 6: P1xel7 (2252)
*** ANTE/BLINDS ***
Willydd posts small blind 60
Jimtonic2 posts big blind 120
Dealt to P1xel7 [4c Qh]
*** PRE-FLOP *** 
P1xel7 folds
Willydd raises 120 to 240
Jimtonic2 calls 120
*** FLOP *** [Jd Qc 2d]
Willydd bets 120
Jimtonic2 calls 120
*** TURN *** [Jd Qc 2d][Jh]
Willydd bets 120
Jimtonic2 calls 120
*** RIVER *** [Jd Qc 2d Jh][Ks]
Willydd bets 120
Jimtonic2 raises 120 to 240
Willydd calls 120
*** SHOW DOWN ***
Willydd shows [4s Ah] (One pair : Jacks)
Jimtonic2 shows [Kh 5s] (Two pairs : Kings and Jacks)
Jimtonic2 collected 1440 from pot
*** SUMMARY ***
Total pot 1440 | No rake
Board: [Jd Qc 2d Jh Ks]
Seat 4: Willydd (small blind) showed [4s Ah] and lost with One pair : Jacks
Seat 5: Jimtonic2 (big blind) showed [Kh 5s] and won 1440 with Two pairs : Kings and Jacks


Winamax Poker - Tournament "Starting Block WiPT" buyIn: 0€ + 0€ level: 7 - HandId: #3092516838421037057-14-1699867125 - Holdem no limit (10/60/120) - 2023/11/13 09:18:45 UTC
Table: 'Starting Block WiPT(720032686)#0' 6-max (real money) Seat #4 is the button
Seat 4: Willydd (3472)
Seat 5: Jimtonic2 (3276)
Seat 6: P1xel7 (2252)
*** ANTE/BLINDS ***
Jimtonic2 posts ante 10
P1xel7 posts ante 10
Willydd posts ante 10
Jimtonic2 posts small blind 60
P1xel7 posts big blind 120
Dealt to P1xel7 [2c 5h]
*** PRE-FLOP *** 
Willydd folds
Jimtonic2 calls 60
P1xel7 checks
*** FLOP *** [9c 8d 2d]
Jimtonic2 checks
P1xel7 bets 176
Jimtonic2 calls 176
*** TURN *** [9c 8d 2d][6s]
Jimtonic2 checks
P1xel7 bets 1946 and is all-in
Jimtonic2 folds
P1xel7 collected 2568 from pot
*** SUMMARY ***
Total pot 2568 | No rake
Board: [9c 8d 2d 6s]
Seat 6: P1xel7 (big blind) won 2568


Winamax Poker - Tournament "Starting Block WiPT" buyIn: 0€ + 0€ level: 7 - HandId: #3092516838421037057-15-1699867162 - Holdem no limit (10/60/120) - 2023/11/13 09:19:22 UTC
Table: 'Starting Block WiPT(720032686)#0' 6-max (real money) Seat #5 is the button
Seat 4: Willydd (3462)
Seat 5: Jimtonic2 (2970)
Seat 6: P1xel7 (2568)
*** ANTE/BLINDS ***
P1xel7 posts ante 10
Willydd posts ante 10
Jimtonic2 posts ante 10
P1xel7 posts small blind 60
Willydd posts big blind 120
Dealt to P1xel7 [Qs 8c]
*** PRE-FLOP *** 
Jimtonic2 calls 120
P1xel7 raises 180 to 300
Willydd folds
Jimtonic2 calls 180
*** FLOP *** [Jh Jd 3h]
P1xel7 checks
Jimtonic2 checks
*** TURN *** [Jh Jd 3h][3s]
P1xel7 checks
Jimtonic2 checks
*** RIVER *** [Jh Jd 3h 3s][7d]
P1xel7 bets 263
Jimtonic2 raises 276 to 539
P1xel7 calls 276
*** SHOW DOWN ***
P1xel7 shows [Qs 8c] (Two pairs : Jacks and 3)
Jimtonic2 shows [Jc 2c] (Full of Jacks and 3)
Jimtonic2 collected 1828 from pot
*** SUMMARY ***
Total pot 1828 | No rake
Board: [Jh Jd 3h 3s 7d]
Seat 5: Jimtonic2 (button) showed [Jc 2c] and won 1828 with Full of Jacks and 3
Seat 6: P1xel7 (small blind) showed [Qs 8c] and lost with Two pairs : Jacks and 3


Winamax Poker - Tournament "Starting Block WiPT" buyIn: 0€ + 0€ level: 8 - HandId: #3092516838421037057-16-1699867232 - Holdem no limit (16/80/160) - 2023/11/13 09:20:32 UTC
Table: 'Starting Block WiPT(720032686)#0' 6-max (real money) Seat #6 is the button
Seat 4: Willydd (3332)
Seat 5: Jimtonic2 (3949)
Seat 6: P1xel7 (1719)
*** ANTE/BLINDS ***
Willydd posts ante 16
Jimtonic2 posts ante 16
P1xel7 posts ante 16
Willydd posts small blind 80
Jimtonic2 posts big blind 160
Dealt to P1xel7 [6c 9d]
*** PRE-FLOP *** 
P1xel7 folds
Willydd raises 160 to 320
Jimtonic2 calls 160
*** FLOP *** [4h Th 4d]
Willydd bets 160
Jimtonic2 calls 160
*** TURN *** [4h Th 4d][4c]
Willydd bets 160
Jimtonic2 raises 3293 to 3453 and is all-in
Willydd calls 2676 and is all-in
*** RIVER *** [4h Th 4d 4c][9h]
*** SHOW DOWN ***
Willydd shows [Tc 7h] (Full of 4 and Tens)
Jimtonic2 shows [4s Td] (Quads of 4)
Jimtonic2 collected 7297 from pot
*** SUMMARY ***
Total pot 7297 | No rake
Board: [4h Th 4d 4c 9h]
Seat 4: Willydd (small blind) showed [Tc 7h] and lost with Full of 4 and Tens
Seat 5: Jimtonic2 (big blind) showed [4s Td] and won 7297 with Quads of 4


Winamax Poker - Tournament "Starting Block WiPT" buyIn: 0€ + 0€ level: 8 - HandId: #3092516838421037057-17-1699867275 - Holdem no limit (16/80/160) - 2023/11/13 09:21:15 UTC
Table: 'Starting Block WiPT(720032686)#0' 6-max (real money) Seat #5 is the button
Seat 5: Jimtonic2 (7297)
Seat 6: P1xel7 (1703)
*** ANTE/BLINDS ***
Jimtonic2 posts ante 16
P1xel7 posts ante 16
Jimtonic2 posts small blind 80
P1xel7 posts big blind 160
Dealt to P1xel7 [8s 5c]
*** PRE-FLOP *** 
Jimtonic2 calls 80
P1xel7 checks
*** FLOP *** [8c Ah Kh]
P1xel7 checks
Jimtonic2 checks
*** TURN *** [8c Ah Kh][Jc]
P1xel7 bets 282
Jimtonic2 folds
P1xel7 collected 634 from pot
*** SUMMARY ***
Total pot 634 | No rake
Board: [8c Ah Kh Jc]
Seat 6: P1xel7 (big blind) won 634


Winamax Poker - Tournament "Starting Block WiPT" buyIn: 0€ + 0€ level: 9 - HandId: #3092516838421037057-18-1699867304 - Holdem no limit (20/100/200) - 2023/11/13 09:21:44 UTC
Table: 'Starting Block WiPT(720032686)#0' 6-max (real money) Seat #6 is the button
Seat 5: Jimtonic2 (7121)
Seat 6: P1xel7 (1879)
*** ANTE/BLINDS ***
P1xel7 posts ante 20
Jimtonic2 posts ante 20
P1xel7 posts small blind 100
Jimtonic2 posts big blind 200
Dealt to P1xel7 [4s Kd]
*** PRE-FLOP *** 
P1xel7 raises 400 to 600
Jimtonic2 calls 400
*** FLOP *** [6s 9d 5s]
Jimtonic2 checks
P1xel7 bets 1259 and is all-in
Jimtonic2 folds
P1xel7 collected 2499 from pot
*** SUMMARY ***
Total pot 2499 | No rake
Board: [6s 9d 5s]
Seat 6: P1xel7 (small blind) (button) won 2499


Winamax Poker - Tournament "Starting Block WiPT" buyIn: 0€ + 0€ level: 9 - HandId: #3092516838421037057-19-1699867336 - Holdem no limit (20/100/200) - 2023/11/13 09:22:16 UTC
Table: 'Starting Block WiPT(720032686)#0' 6-max (real money) Seat #5 is the button
Seat 5: Jimtonic2 (6501)
Seat 6: P1xel7 (2499)
*** ANTE/BLINDS ***
Jimtonic2 posts ante 20
P1xel7 posts ante 20
Jimtonic2 posts small blind 100
P1xel7 posts big blind 200
Dealt to P1xel7 [9s 9h]
*** PRE-FLOP *** 
Jimtonic2 calls 100
P1xel7 raises 2279 to 2479 and is all-in
Jimtonic2 calls 2279
*** FLOP *** [Qh 4h Js]
*** TURN *** [Qh 4h Js][2s]
*** RIVER *** [Qh 4h Js 2s][9c]
*** SHOW DOWN ***
P1xel7 shows [9s 9h] (Trips of 9)
Jimtonic2 shows [Th Kd] (Straight King high)
Jimtonic2 collected 4998 from pot
*** SUMMARY ***
Total pot 4998 | No rake
Board: [Qh 4h Js 2s 9c]
Seat 5: Jimtonic2 (small blind) (button) showed [Th Kd] and won 4998 with Straight King high
Seat 6: P1xel7 (big blind) showed [9s 9h] and lost with Trips of 9


