Winamax Poker - Tournament "MYSTERY KO" buyIn: 0.90€ + 0.10€ level: 1 - HandId: #3051052004374741007-3-1700234202 - Holdem no limit (25/100/200) - 2023/11/17 15:16:42 UTC
Table: 'MYSTERY KO(710378402)#0014' 6-max (real money) Seat #5 is the button
Seat 1: Tigerspm975 (19775)
Seat 2: wize (19925)
Seat 3: DOPAF (19525)
Seat 4: P1xel7 (20000)
Seat 5: GAEL-Boss625 (20950)
Seat 6: rubaaa27 (19775)
*** ANTE/BLINDS ***
rubaaa27 posts ante 25
Tigerspm975 posts ante 25
wize posts ante 25
DOPAF posts ante 25
P1xel7 posts ante 25
GAEL-Boss625 posts ante 25
rubaaa27 posts small blind 100
Tigerspm975 posts big blind 200
Dealt to P1xel7 [2s 3s]
*** PRE-FLOP *** 
wize raises 200 to 400
DOPAF folds
P1xel7 folds
GAEL-Boss625 folds
rubaaa27 folds
Tigerspm975 calls 200
*** FLOP *** [Td 5h 2h]
Tigerspm975 checks
wize bets 368
Tigerspm975 folds
wize collected 1418 from pot
*** SUMMARY ***
Total pot 1418 | No rake
Board: [Td 5h 2h]
Seat 2: wize won 1418


Winamax Poker - Tournament "MYSTERY KO" buyIn: 0.90€ + 0.10€ level: 1 - HandId: #3051052004374741007-4-1700234239 - Holdem no limit (25/100/200) - 2023/11/17 15:17:19 UTC
Table: 'MYSTERY KO(710378402)#0014' 6-max (real money) Seat #6 is the button
Seat 1: Tigerspm975 (19350)
Seat 2: wize (20550)
Seat 4: P1xel7 (19975)
Seat 5: GAEL-Boss625 (20925)
Seat 6: rubaaa27 (19650)
*** ANTE/BLINDS ***
Tigerspm975 posts ante 25
wize posts ante 25
P1xel7 posts ante 25
GAEL-Boss625 posts ante 25
rubaaa27 posts ante 25
Tigerspm975 posts small blind 100
wize posts big blind 200
Dealt to P1xel7 [7s Jh]
*** PRE-FLOP *** 
P1xel7 folds
GAEL-Boss625 raises 20700 to 20900 and is all-in
rubaaa27 folds
Tigerspm975 folds
wize folds
GAEL-Boss625 collected 21325 from pot
*** SUMMARY ***
Total pot 21325 | No rake
Seat 5: GAEL-Boss625 won 21325


Winamax Poker - Tournament "MYSTERY KO" buyIn: 0.90€ + 0.10€ level: 1 - HandId: #3051052004374741007-5-1700234259 - Holdem no limit (25/100/200) - 2023/11/17 15:17:39 UTC
Table: 'MYSTERY KO(710378402)#0014' 6-max (real money) Seat #1 is the button
Seat 1: Tigerspm975 (19225)
Seat 2: wize (20325)
Seat 4: P1xel7 (19950)
Seat 5: GAEL-Boss625 (21325)
Seat 6: rubaaa27 (19625)
*** ANTE/BLINDS ***
wize posts ante 25
P1xel7 posts ante 25
Tigerspm975 posts ante 25
GAEL-Boss625 posts ante 25
rubaaa27 posts ante 25
wize posts small blind 100
P1xel7 posts big blind 200
Dealt to P1xel7 [9c 7s]
*** PRE-FLOP *** 
GAEL-Boss625 raises 200 to 400
rubaaa27 folds
Tigerspm975 calls 400
wize folds
P1xel7 calls 200
*** FLOP *** [Jd 4s 8c]
P1xel7 checks
GAEL-Boss625 bets 1140
Tigerspm975 folds
P1xel7 folds
GAEL-Boss625 collected 2565 from pot
*** SUMMARY ***
Total pot 2565 | No rake
Board: [Jd 4s 8c]
Seat 5: GAEL-Boss625 won 2565


Winamax Poker - Tournament "MYSTERY KO" buyIn: 0.90€ + 0.10€ level: 1 - HandId: #3051052004374741007-6-1700234289 - Holdem no limit (25/100/200) - 2023/11/17 15:18:09 UTC
Table: 'MYSTERY KO(710378402)#0014' 6-max (real money) Seat #2 is the button
Seat 1: Tigerspm975 (18800)
Seat 2: wize (20200)
Seat 3: Filange (20000)
Seat 4: P1xel7 (19525)
Seat 6: rubaaa27 (19600)
*** ANTE/BLINDS ***
P1xel7 posts ante 25
rubaaa27 posts ante 25
Tigerspm975 posts ante 25
wize posts ante 25
P1xel7 posts small blind 100
rubaaa27 posts big blind 200
Dealt to P1xel7 [Kc 8s]
*** PRE-FLOP *** 
Tigerspm975 raises 18575 to 18775 and is all-in
wize folds
P1xel7 folds
rubaaa27 folds
Tigerspm975 collected 19175 from pot
*** SUMMARY ***
Total pot 19175 | No rake
Seat 1: Tigerspm975 won 19175


Winamax Poker - Tournament "MYSTERY KO" buyIn: 0.90€ + 0.10€ level: 1 - HandId: #3051052004374741007-7-1700234298 - Holdem no limit (25/100/200) - 2023/11/17 15:18:18 UTC
Table: 'MYSTERY KO(710378402)#0014' 6-max (real money) Seat #4 is the button
Seat 1: Tigerspm975 (19175)
Seat 2: wize (20175)
Seat 3: Filange (20000)
Seat 4: P1xel7 (19400)
Seat 6: rubaaa27 (19375)
*** ANTE/BLINDS ***
rubaaa27 posts ante 25
Tigerspm975 posts ante 25
wize posts ante 25
Filange posts ante 25
P1xel7 posts ante 25
rubaaa27 posts small blind 100
Tigerspm975 posts big blind 200
Dealt to P1xel7 [8h Jc]
*** PRE-FLOP *** 
wize folds
Filange folds
P1xel7 folds
rubaaa27 folds
Tigerspm975 collected 425 from pot
*** SUMMARY ***
Total pot 425 | No rake
Seat 1: Tigerspm975 (big blind) won 425


Winamax Poker - Tournament "MYSTERY KO" buyIn: 0.90€ + 0.10€ level: 1 - HandId: #3051052004374741007-8-1700234311 - Holdem no limit (25/100/200) - 2023/11/17 15:18:31 UTC
Table: 'MYSTERY KO(710378402)#0014' 6-max (real money) Seat #6 is the button
Seat 1: Tigerspm975 (19375)
Seat 2: wize (20150)
Seat 3: Filange (19975)
Seat 4: P1xel7 (19375)
Seat 6: rubaaa27 (19250)
*** ANTE/BLINDS ***
Tigerspm975 posts ante 25
wize posts ante 25
Filange posts ante 25
P1xel7 posts ante 25
rubaaa27 posts ante 25
Tigerspm975 posts small blind 100
wize posts big blind 200
Dealt to P1xel7 [Qd 7h]
*** PRE-FLOP *** 
Filange folds
P1xel7 folds
rubaaa27 raises 300 to 500
Tigerspm975 calls 400
wize calls 300
*** FLOP *** [7s 8s Ad]
Tigerspm975 checks
wize checks
rubaaa27 bets 569
Tigerspm975 folds
wize folds
rubaaa27 collected 2194 from pot
*** SUMMARY ***
Total pot 2194 | No rake
Board: [7s 8s Ad]
Seat 6: rubaaa27 (button) won 2194


Winamax Poker - Tournament "MYSTERY KO" buyIn: 0.90€ + 0.10€ level: 1 - HandId: #3051052004374741007-9-1700234356 - Holdem no limit (25/100/200) - 2023/11/17 15:19:16 UTC
Table: 'MYSTERY KO(710378402)#0014' 6-max (real money) Seat #1 is the button
Seat 1: Tigerspm975 (18850)
Seat 2: wize (19625)
Seat 3: Filange (19950)
Seat 4: P1xel7 (19350)
Seat 5: Patsav9 (20000)
Seat 6: rubaaa27 (20350)
*** ANTE/BLINDS ***
wize posts ante 25
Filange posts ante 25
Tigerspm975 posts ante 25
P1xel7 posts ante 25
Patsav9 posts ante 25
rubaaa27 posts ante 25
wize posts small blind 100
Filange posts big blind 200
Dealt to P1xel7 [3h 5c]
*** PRE-FLOP *** 
P1xel7 folds
Patsav9 folds
rubaaa27 folds
Tigerspm975 calls 200
wize calls 100
Filange checks
*** FLOP *** [7h 4s 2h]
wize bets 400
Filange folds
Tigerspm975 folds
wize collected 1150 from pot
*** SUMMARY ***
Total pot 1150 | No rake
Board: [7h 4s 2h]
Seat 2: wize (small blind) won 1150


Winamax Poker - Tournament "MYSTERY KO" buyIn: 0.90€ + 0.10€ level: 1 - HandId: #3051052004374741007-10-1700234389 - Holdem no limit (25/100/200) - 2023/11/17 15:19:49 UTC
Table: 'MYSTERY KO(710378402)#0014' 6-max (real money) Seat #2 is the button
Seat 1: Tigerspm975 (18625)
Seat 2: wize (20150)
Seat 3: Filange (19725)
Seat 4: P1xel7 (19325)
Seat 5: Patsav9 (19975)
Seat 6: rubaaa27 (20325)
*** ANTE/BLINDS ***
Filange posts ante 25
P1xel7 posts ante 25
Tigerspm975 posts ante 25
wize posts ante 25
Patsav9 posts ante 25
rubaaa27 posts ante 25
Filange posts small blind 100
P1xel7 posts big blind 200
Dealt to P1xel7 [Qc Ac]
*** PRE-FLOP *** 
Patsav9 folds
rubaaa27 folds
Tigerspm975 folds
wize folds
Filange calls 100
P1xel7 raises 400 to 600
Filange calls 400
*** FLOP *** [Kh Jh 7h]
Filange checks
P1xel7 checks
*** TURN *** [Kh Jh 7h][Tc]
Filange checks
P1xel7 bets 675
Filange folds
P1xel7 collected 2025 from pot
*** SUMMARY ***
Total pot 2025 | No rake
Board: [Kh Jh 7h Tc]
Seat 4: P1xel7 (big blind) won 2025


Winamax Poker - Tournament "MYSTERY KO" buyIn: 0.90€ + 0.10€ level: 1 - HandId: #3051052004374741007-11-1700234430 - Holdem no limit (25/100/200) - 2023/11/17 15:20:30 UTC
Table: 'MYSTERY KO(710378402)#0014' 6-max (real money) Seat #3 is the button
Seat 1: Tigerspm975 (18600)
Seat 2: wize (20125)
Seat 3: Filange (19100)
Seat 4: P1xel7 (20050)
Seat 5: Patsav9 (19950)
Seat 6: rubaaa27 (20300)
*** ANTE/BLINDS ***
P1xel7 posts ante 25
Patsav9 posts ante 25
Tigerspm975 posts ante 25
wize posts ante 25
Filange posts ante 25
rubaaa27 posts ante 25
P1xel7 posts small blind 100
Patsav9 posts big blind 200
Dealt to P1xel7 [3s 5d]
*** PRE-FLOP *** 
rubaaa27 folds
Tigerspm975 folds
wize folds
Filange raises 300 to 500
P1xel7 folds
Patsav9 folds
Filange collected 950 from pot
*** SUMMARY ***
Total pot 950 | No rake
Seat 3: Filange (button) won 950


Winamax Poker - Tournament "MYSTERY KO" buyIn: 0.90€ + 0.10€ level: 1 - HandId: #3051052004374741007-12-1700234450 - Holdem no limit (25/100/200) - 2023/11/17 15:20:50 UTC
Table: 'MYSTERY KO(710378402)#0014' 6-max (real money) Seat #4 is the button
Seat 2: wize (20100)
Seat 3: Filange (19525)
Seat 4: P1xel7 (19925)
Seat 5: Patsav9 (19725)
Seat 6: rubaaa27 (20275)
*** ANTE/BLINDS ***
Patsav9 posts ante 25
rubaaa27 posts ante 25
wize posts ante 25
Filange posts ante 25
P1xel7 posts ante 25
Patsav9 posts small blind 100
rubaaa27 posts big blind 200
Dealt to P1xel7 [9h 9s]
*** PRE-FLOP *** 
wize folds
Filange folds
P1xel7 raises 400 to 600
Patsav9 folds
rubaaa27 raises 1500 to 2100
P1xel7 calls 1500
*** FLOP *** [8s Jh 5h]
rubaaa27 bets 1549
P1xel7 calls 1549
*** TURN *** [8s Jh 5h][Qc]
rubaaa27 checks
P1xel7 bets 4890
rubaaa27 folds
P1xel7 collected 12413 from pot
*** SUMMARY ***
Total pot 12413 | No rake
Board: [8s Jh 5h Qc]
Seat 4: P1xel7 (button) won 12413


Winamax Poker - Tournament "MYSTERY KO" buyIn: 0.90€ + 0.10€ level: 1 - HandId: #3051052004374741007-13-1700234536 - Holdem no limit (25/100/200) - 2023/11/17 15:22:16 UTC
Table: 'MYSTERY KO(710378402)#0014' 6-max (real money) Seat #5 is the button
Seat 1: 3rames (20000)
Seat 2: wize (20075)
Seat 3: Filange (19500)
Seat 4: P1xel7 (23774)
Seat 5: Patsav9 (19600)
Seat 6: rubaaa27 (16601)
*** ANTE/BLINDS ***
rubaaa27 posts ante 25
3rames posts ante 25
wize posts ante 25
Filange posts ante 25
P1xel7 posts ante 25
Patsav9 posts ante 25
rubaaa27 posts small blind 100
3rames posts big blind 200
Dealt to P1xel7 [7h Ks]
*** PRE-FLOP *** 
wize folds
Filange raises 300 to 500
P1xel7 folds
Patsav9 folds
rubaaa27 raises 16076 to 16576 and is all-in
3rames folds
Filange calls 16076
*** FLOP *** [2h 2s Jc]
*** TURN *** [2h 2s Jc][Td]
*** RIVER *** [2h 2s Jc Td][7s]
*** SHOW DOWN ***
Filange shows [5h 5s] (Two pairs : 5 and 2)
rubaaa27 shows [Qh Qs] (Two pairs : Queens and 2)
rubaaa27 collected 33502 from pot
*** SUMMARY ***
Total pot 33502 | No rake
Board: [2h 2s Jc Td 7s]
Seat 3: Filange showed [5h 5s] and lost with Two pairs : 5 and 2
Seat 6: rubaaa27 (small blind) showed [Qh Qs] and won 33502 with Two pairs : Queens and 2


Winamax Poker - Tournament "MYSTERY KO" buyIn: 0.90€ + 0.10€ level: 1 - HandId: #3051052004374741007-14-1700234575 - Holdem no limit (25/100/200) - 2023/11/17 15:22:55 UTC
Table: 'MYSTERY KO(710378402)#0014' 6-max (real money) Seat #6 is the button
Seat 1: 3rames (19775)
Seat 2: wize (20050)
Seat 4: P1xel7 (23749)
Seat 5: Patsav9 (19575)
Seat 6: rubaaa27 (33502)
*** ANTE/BLINDS ***
3rames posts ante 25
wize posts ante 25
P1xel7 posts ante 25
Patsav9 posts ante 25
rubaaa27 posts ante 25
3rames posts small blind 100
wize posts big blind 200
Dealt to P1xel7 [9s 6s]
*** PRE-FLOP *** 
P1xel7 folds
Patsav9 folds
rubaaa27 raises 300 to 500
3rames folds
wize calls 300
*** FLOP *** [8h Js 2s]
wize checks
rubaaa27 bets 429
wize calls 429
*** TURN *** [8h Js 2s][3d]
wize checks
rubaaa27 checks
*** RIVER *** [8h Js 2s 3d][4c]
wize bets 729
rubaaa27 raises 1771 to 2500
wize folds
rubaaa27 collected 5312 from pot
*** SUMMARY ***
Total pot 5312 | No rake
Board: [8h Js 2s 3d 4c]
Seat 6: rubaaa27 (button) won 5312


Winamax Poker - Tournament "MYSTERY KO" buyIn: 0.90€ + 0.10€ level: 1 - HandId: #3051052004374741007-15-1700234667 - Holdem no limit (25/100/200) - 2023/11/17 15:24:27 UTC
Table: 'MYSTERY KO(710378402)#0014' 6-max (real money) Seat #1 is the button
Seat 1: 3rames (19650)
Seat 2: wize (18367)
Seat 3: LesNuLs13&59 (20000)
Seat 4: P1xel7 (23724)
Seat 5: Patsav9 (19550)
Seat 6: rubaaa27 (35360)
*** ANTE/BLINDS ***
wize posts ante 25
LesNuLs13&59 posts ante 25
3rames posts ante 25
P1xel7 posts ante 25
Patsav9 posts ante 25
rubaaa27 posts ante 25
wize posts small blind 100
LesNuLs13&59 posts big blind 200
Dealt to P1xel7 [2s Jh]
*** PRE-FLOP *** 
P1xel7 folds
Patsav9 folds
rubaaa27 raises 300 to 500
3rames folds
wize calls 400
LesNuLs13&59 folds
*** FLOP *** [8s 6c 3s]
wize checks
rubaaa27 bets 473
wize calls 473
*** TURN *** [8s 6c 3s][5d]
wize checks
rubaaa27 checks
*** RIVER *** [8s 6c 3s 5d][Jd]
wize checks
rubaaa27 bets 1492
wize calls 1492
*** SHOW DOWN ***
rubaaa27 shows [Tc 7c] (High card : Jack)
wize shows [7d 7s] (One pair : 7)
wize collected 5280 from pot
*** SUMMARY ***
Total pot 5280 | No rake
Board: [8s 6c 3s 5d Jd]
Seat 2: wize (small blind) showed [7d 7s] and won 5280 with One pair : 7
Seat 6: rubaaa27 showed [Tc 7c] and lost with High card : Jack


Winamax Poker - Tournament "MYSTERY KO" buyIn: 0.90€ + 0.10€ level: 1 - HandId: #3051052004374741007-16-1700234740 - Holdem no limit (25/100/200) - 2023/11/17 15:25:40 UTC
Table: 'MYSTERY KO(710378402)#0014' 6-max (real money) Seat #2 is the button
Seat 1: 3rames (19625)
Seat 2: wize (21157)
Seat 3: LesNuLs13&59 (19775)
Seat 4: P1xel7 (23699)
Seat 5: Patsav9 (19525)
Seat 6: rubaaa27 (32870)
*** ANTE/BLINDS ***
LesNuLs13&59 posts ante 25
P1xel7 posts ante 25
3rames posts ante 25
wize posts ante 25
Patsav9 posts ante 25
rubaaa27 posts ante 25
LesNuLs13&59 posts small blind 100
P1xel7 posts big blind 200
Dealt to P1xel7 [5h Qs]
*** PRE-FLOP *** 
Patsav9 folds
rubaaa27 raises 300 to 500
3rames calls 500
wize folds
LesNuLs13&59 folds
P1xel7 folds
*** FLOP *** [Ks Kd 9h]
rubaaa27 checks
3rames checks
*** TURN *** [Ks Kd 9h][Kh]
rubaaa27 checks
3rames checks
*** RIVER *** [Ks Kd 9h Kh][2h]
rubaaa27 checks
3rames bets 943
rubaaa27 folds
3rames collected 2393 from pot
*** SUMMARY ***
Total pot 2393 | No rake
Board: [Ks Kd 9h Kh 2h]
Seat 1: 3rames won 2393


Winamax Poker - Tournament "MYSTERY KO" buyIn: 0.90€ + 0.10€ level: 1 - HandId: #3051052004374741007-17-1700234810 - Holdem no limit (25/100/200) - 2023/11/17 15:26:50 UTC
Table: 'MYSTERY KO(710378402)#0014' 6-max (real money) Seat #3 is the button
Seat 1: 3rames (20550)
Seat 2: wize (21132)
Seat 3: LesNuLs13&59 (19650)
Seat 4: P1xel7 (23474)
Seat 5: Patsav9 (19500)
Seat 6: rubaaa27 (32345)
*** ANTE/BLINDS ***
P1xel7 posts ante 25
Patsav9 posts ante 25
3rames posts ante 25
wize posts ante 25
LesNuLs13&59 posts ante 25
rubaaa27 posts ante 25
P1xel7 posts small blind 100
Patsav9 posts big blind 200
Dealt to P1xel7 [4h 5c]
*** PRE-FLOP *** 
rubaaa27 folds
3rames folds
wize raises 200 to 400
LesNuLs13&59 folds
P1xel7 folds
Patsav9 calls 200
*** FLOP *** [Qd 3s Qh]
Patsav9 checks
wize bets 368
Patsav9 folds
wize collected 1418 from pot
*** SUMMARY ***
Total pot 1418 | No rake
Board: [Qd 3s Qh]
Seat 2: wize won 1418


Winamax Poker - Tournament "MYSTERY KO" buyIn: 0.90€ + 0.10€ level: 1 - HandId: #3051052004374741007-18-1700234832 - Holdem no limit (25/100/200) - 2023/11/17 15:27:12 UTC
Table: 'MYSTERY KO(710378402)#0014' 6-max (real money) Seat #4 is the button
Seat 2: wize (21757)
Seat 3: LesNuLs13&59 (19625)
Seat 4: P1xel7 (23349)
Seat 5: Patsav9 (19075)
Seat 6: rubaaa27 (32320)
*** ANTE/BLINDS ***
Patsav9 posts ante 25
rubaaa27 posts ante 25
wize posts ante 25
LesNuLs13&59 posts ante 25
P1xel7 posts ante 25
Patsav9 posts small blind 100
rubaaa27 posts big blind 200
Dealt to P1xel7 [2s Jh]
*** PRE-FLOP *** 
wize folds
LesNuLs13&59 folds
P1xel7 folds
Patsav9 calls 100
rubaaa27 checks
*** FLOP *** [4s Qd 3c]
Patsav9 bets 200
rubaaa27 calls 200
*** TURN *** [4s Qd 3c][Ah]
Patsav9 checks
rubaaa27 bets 463
Patsav9 folds
rubaaa27 collected 1388 from pot
*** SUMMARY ***
Total pot 1388 | No rake
Board: [4s Qd 3c Ah]
Seat 6: rubaaa27 (big blind) won 1388


Winamax Poker - Tournament "MYSTERY KO" buyIn: 0.90€ + 0.10€ level: 1 - HandId: #3051052004374741007-19-1700234868 - Holdem no limit (25/100/200) - 2023/11/17 15:27:48 UTC
Table: 'MYSTERY KO(710378402)#0014' 6-max (real money) Seat #5 is the button
Seat 2: wize (21732)
Seat 3: LesNuLs13&59 (19600)
Seat 4: P1xel7 (23324)
Seat 5: Patsav9 (18650)
Seat 6: rubaaa27 (32820)
*** ANTE/BLINDS ***
rubaaa27 posts ante 25
wize posts ante 25
LesNuLs13&59 posts ante 25
P1xel7 posts ante 25
Patsav9 posts ante 25
rubaaa27 posts small blind 100
wize posts big blind 200
Dealt to P1xel7 [Qc 5d]
*** PRE-FLOP *** 
LesNuLs13&59 raises 200 to 400
P1xel7 folds
Patsav9 folds
rubaaa27 calls 300
wize calls 200
*** FLOP *** [Ah 9d 8h]
rubaaa27 checks
wize checks
LesNuLs13&59 bets 2225
rubaaa27 folds
wize folds
LesNuLs13&59 collected 3550 from pot
*** SUMMARY ***
Total pot 3550 | No rake
Board: [Ah 9d 8h]
Seat 3: LesNuLs13&59 won 3550


Winamax Poker - Tournament "MYSTERY KO" buyIn: 0.90€ + 0.10€ level: 1 - HandId: #3051052004374741007-20-1700234935 - Holdem no limit (25/100/200) - 2023/11/17 15:28:55 UTC
Table: 'MYSTERY KO(710378402)#0014' 6-max (real money) Seat #6 is the button
Seat 1: Mymind_NoWer (20000)
Seat 2: wize (21307)
Seat 3: LesNuLs13&59 (20500)
Seat 4: P1xel7 (23299)
Seat 5: Patsav9 (18625)
Seat 6: rubaaa27 (32395)
*** ANTE/BLINDS ***
wize posts ante 25
LesNuLs13&59 posts ante 25
P1xel7 posts ante 25
Patsav9 posts ante 25
rubaaa27 posts ante 25
wize posts small blind 100
LesNuLs13&59 posts big blind 200
Dealt to P1xel7 [As Td]
*** PRE-FLOP *** 
P1xel7 raises 400 to 600
Patsav9 folds
rubaaa27 folds
wize folds
LesNuLs13&59 folds
P1xel7 collected 1025 from pot
*** SUMMARY ***
Total pot 1025 | No rake
Seat 4: P1xel7 won 1025


Winamax Poker - Tournament "MYSTERY KO" buyIn: 0.90€ + 0.10€ level: 1 - HandId: #3051052004374741014-1-1700234976 - Holdem no limit (25/100/200) - 2023/11/17 15:29:36 UTC
Table: 'MYSTERY KO(710378402)#0021' 6-max (real money) Seat #4 is the button
Seat 1: P1xel7 (23699)
Seat 2: fis (19250)
Seat 4: DCL021 (20000)
*** ANTE/BLINDS ***
P1xel7 posts ante 25
fis posts ante 25
DCL021 posts ante 25
P1xel7 posts small blind 100
fis posts big blind 200
Dealt to P1xel7 [Jd 2s]
*** PRE-FLOP *** 
DCL021 folds
P1xel7 folds
fis collected 375 from pot
*** SUMMARY ***
Total pot 375 | No rake
Seat 2: fis (big blind) won 375


Winamax Poker - Tournament "MYSTERY KO" buyIn: 0.90€ + 0.10€ level: 1 - HandId: #3051052004374741014-2-1700234984 - Holdem no limit (25/100/200) - 2023/11/17 15:29:44 UTC
Table: 'MYSTERY KO(710378402)#0021' 6-max (real money) Seat #1 is the button
Seat 1: P1xel7 (23574)
Seat 2: fis (19400)
Seat 4: DCL021 (19975)
Seat 5: Mars87 (19682)
Seat 6: Tunguska0b (25936)
*** ANTE/BLINDS ***
fis posts ante 25
DCL021 posts ante 25
P1xel7 posts ante 25
Mars87 posts ante 25
Tunguska0b posts ante 25
fis posts small blind 100
DCL021 posts big blind 200
Dealt to P1xel7 [4h 9d]
*** PRE-FLOP *** 
Mars87 raises 200 to 400
Tunguska0b folds
P1xel7 folds
fis calls 300
DCL021 calls 200
*** FLOP *** [Tc Jd 4c]
fis checks
DCL021 checks
Mars87 checks
*** TURN *** [Tc Jd 4c][4s]
fis bets 464
DCL021 folds
Mars87 calls 464
*** RIVER *** [Tc Jd 4c 4s][Kc]
fis bets 789
Mars87 raises 789 to 1578
fis calls 789
*** SHOW DOWN ***
Mars87 shows [Kd Qd] (Two pairs : Kings and 4)
fis shows [Ts Ks] (Two pairs : Kings and Tens)
fis collected 5409 from pot
*** SUMMARY ***
Total pot 5409 | No rake
Board: [Tc Jd 4c 4s Kc]
Seat 2: fis (small blind) showed [Ts Ks] and won 5409 with Two pairs : Kings and Tens
Seat 5: Mars87 showed [Kd Qd] and lost with Two pairs : Kings and 4


Winamax Poker - Tournament "MYSTERY KO" buyIn: 0.90€ + 0.10€ level: 1 - HandId: #3051052004374741014-3-1700235055 - Holdem no limit (25/100/200) - 2023/11/17 15:30:55 UTC
Table: 'MYSTERY KO(710378402)#0021' 6-max (real money) Seat #2 is the button
Seat 1: P1xel7 (23549)
Seat 2: fis (22342)
Seat 3: Toripilus (20000)
Seat 4: DCL021 (19550)
Seat 5: Mars87 (17215)
Seat 6: Tunguska0b (25911)
*** ANTE/BLINDS ***
DCL021 posts ante 25
Mars87 posts ante 25
P1xel7 posts ante 25
fis posts ante 25
Tunguska0b posts ante 25
DCL021 posts small blind 100
Mars87 posts big blind 200
Dealt to P1xel7 [6h 9d]
*** PRE-FLOP *** 
Tunguska0b folds
P1xel7 folds
fis raises 400 to 600
DCL021 folds
Mars87 folds
fis collected 1025 from pot
*** SUMMARY ***
Total pot 1025 | No rake
Seat 2: fis (button) won 1025


Winamax Poker - Tournament "MYSTERY KO" buyIn: 0.90€ + 0.10€ level: 1 - HandId: #3051052004374741014-4-1700235070 - Holdem no limit (25/100/200) - 2023/11/17 15:31:10 UTC
Table: 'MYSTERY KO(710378402)#0021' 6-max (real money) Seat #4 is the button
Seat 1: P1xel7 (23524)
Seat 2: fis (22742)
Seat 3: Toripilus (20000)
Seat 4: DCL021 (19425)
Seat 5: Mars87 (16990)
Seat 6: Tunguska0b (25886)
*** ANTE/BLINDS ***
Mars87 posts ante 25
Tunguska0b posts ante 25
P1xel7 posts ante 25
fis posts ante 25
Toripilus posts ante 25
DCL021 posts ante 25
Mars87 posts small blind 100
Tunguska0b posts big blind 200
Dealt to P1xel7 [As 9h]
*** PRE-FLOP *** 
P1xel7 folds
fis folds
Toripilus raises 300 to 500
DCL021 folds
Mars87 calls 400
Tunguska0b folds
*** FLOP *** [Ah 8d Ts]
Mars87 bets 338
Toripilus calls 338
*** TURN *** [Ah 8d Ts][3d]
Mars87 bets 709
Toripilus folds
Mars87 collected 2735 from pot
*** SUMMARY ***
Total pot 2735 | No rake
Board: [Ah 8d Ts 3d]
Seat 5: Mars87 (small blind) won 2735


Winamax Poker - Tournament "MYSTERY KO" buyIn: 0.90€ + 0.10€ level: 1 - HandId: #3051052004374741014-5-1700235141 - Holdem no limit (25/100/200) - 2023/11/17 15:32:21 UTC
Table: 'MYSTERY KO(710378402)#0021' 6-max (real money) Seat #5 is the button
Seat 1: P1xel7 (23499)
Seat 2: fis (22717)
Seat 3: Toripilus (19137)
Seat 4: DCL021 (19400)
Seat 5: Mars87 (18153)
Seat 6: Tunguska0b (25661)
*** ANTE/BLINDS ***
Tunguska0b posts ante 25
P1xel7 posts ante 25
fis posts ante 25
Toripilus posts ante 25
DCL021 posts ante 25
Mars87 posts ante 25
Tunguska0b posts small blind 100
P1xel7 posts big blind 200
Dealt to P1xel7 [Kd 3c]
*** PRE-FLOP *** 
fis folds
Toripilus raises 300 to 500
DCL021 folds
Mars87 calls 500
Tunguska0b folds
P1xel7 folds
*** FLOP *** [4s Js Th]
Toripilus checks
Mars87 checks
*** TURN *** [4s Js Th][2s]
Toripilus bets 508
Mars87 calls 508
*** RIVER *** [4s Js Th 2s][Ad]
Toripilus bets 1233
Mars87 raises 15887 to 17120 and is all-in
Toripilus calls 15887
*** SHOW DOWN ***
Mars87 shows [6h 6c] (One pair : 6)
Toripilus shows [Kh Ac] (One pair : Aces)
Toripilus collected 36706 from pot
*** SUMMARY ***
Total pot 36706 | No rake
Board: [4s Js Th 2s Ad]
Seat 3: Toripilus showed [Kh Ac] and won 36706 with One pair : Aces
Seat 5: Mars87 (button) showed [6h 6c] and lost with One pair : 6


Winamax Poker - Tournament "MYSTERY KO" buyIn: 0.90€ + 0.10€ level: 1 - HandId: #3051052004374741014-6-1700235218 - Holdem no limit (25/100/200) - 2023/11/17 15:33:38 UTC
Table: 'MYSTERY KO(710378402)#0021' 6-max (real money) Seat #6 is the button
Seat 1: P1xel7 (23274)
Seat 2: fis (22692)
Seat 3: Toripilus (37690)
Seat 4: DCL021 (19375)
Seat 6: Tunguska0b (25536)
*** ANTE/BLINDS ***
P1xel7 posts ante 25
fis posts ante 25
Toripilus posts ante 25
DCL021 posts ante 25
Tunguska0b posts ante 25
P1xel7 posts small blind 100
fis posts big blind 200
Dealt to P1xel7 [Th 5c]
*** PRE-FLOP *** 
Toripilus folds
DCL021 folds
Tunguska0b folds
P1xel7 folds
fis collected 425 from pot
*** SUMMARY ***
Total pot 425 | No rake
Seat 2: fis (big blind) won 425


Winamax Poker - Tournament "MYSTERY KO" buyIn: 0.90€ + 0.10€ level: 1 - HandId: #3051052004374741014-7-1700235239 - Holdem no limit (25/100/200) - 2023/11/17 15:33:59 UTC
Table: 'MYSTERY KO(710378402)#0021' 6-max (real money) Seat #1 is the button
Seat 1: P1xel7 (23149)
Seat 2: fis (22892)
Seat 3: Toripilus (37665)
Seat 4: DCL021 (19350)
Seat 6: Tunguska0b (25511)
*** ANTE/BLINDS ***
fis posts ante 25
Toripilus posts ante 25
P1xel7 posts ante 25
DCL021 posts ante 25
Tunguska0b posts ante 25
fis posts small blind 100
Toripilus posts big blind 200
Dealt to P1xel7 [9d 6s]
*** PRE-FLOP *** 
DCL021 folds
Tunguska0b folds
P1xel7 folds
fis folds
Toripilus collected 425 from pot
*** SUMMARY ***
Total pot 425 | No rake
Seat 3: Toripilus (big blind) won 425


Winamax Poker - Tournament "MYSTERY KO" buyIn: 0.90€ + 0.10€ level: 1 - HandId: #3051052004374741014-8-1700235251 - Holdem no limit (25/100/200) - 2023/11/17 15:34:11 UTC
Table: 'MYSTERY KO(710378402)#0021' 6-max (real money) Seat #2 is the button
Seat 1: P1xel7 (23124)
Seat 2: fis (22767)
Seat 3: Toripilus (37865)
Seat 4: DCL021 (19325)
Seat 6: Tunguska0b (25486)
*** ANTE/BLINDS ***
Toripilus posts ante 25
DCL021 posts ante 25
P1xel7 posts ante 25
fis posts ante 25
Tunguska0b posts ante 25
Toripilus posts small blind 100
DCL021 posts big blind 200
Dealt to P1xel7 [5s 3h]
*** PRE-FLOP *** 
Tunguska0b folds
P1xel7 folds
fis raises 400 to 600
Toripilus calls 500
DCL021 folds
*** FLOP *** [8s 4c 9h]
Toripilus checks
fis checks
*** TURN *** [8s 4c 9h][5h]
Toripilus bets 763
fis folds
Toripilus collected 2288 from pot
*** SUMMARY ***
Total pot 2288 | No rake
Board: [8s 4c 9h 5h]
Seat 3: Toripilus (small blind) won 2288


Winamax Poker - Tournament "MYSTERY KO" buyIn: 0.90€ + 0.10€ level: 1 - HandId: #3051052004374741014-9-1700235308 - Holdem no limit (25/100/200) - 2023/11/17 15:35:08 UTC
Table: 'MYSTERY KO(710378402)#0021' 6-max (real money) Seat #3 is the button
Seat 1: P1xel7 (23099)
Seat 2: fis (22142)
Seat 3: Toripilus (38765)
Seat 4: DCL021 (19100)
Seat 5: Don Papa57 (20000)
Seat 6: Tunguska0b (25461)
*** ANTE/BLINDS ***
DCL021 posts ante 25
Don Papa57 posts ante 25
P1xel7 posts ante 25
fis posts ante 25
Toripilus posts ante 25
Tunguska0b posts ante 25
DCL021 posts small blind 100
Don Papa57 posts big blind 200
Dealt to P1xel7 [8s 9s]
*** PRE-FLOP *** 
Tunguska0b folds
P1xel7 folds
fis folds
Toripilus folds
DCL021 folds
Don Papa57 collected 450 from pot
*** SUMMARY ***
Total pot 450 | No rake
Seat 5: Don Papa57 (big blind) won 450


Winamax Poker - Tournament "MYSTERY KO" buyIn: 0.90€ + 0.10€ level: 1 - HandId: #3051052004374741014-10-1700235363 - Holdem no limit (25/100/200) - 2023/11/17 15:36:03 UTC
Table: 'MYSTERY KO(710378402)#0021' 6-max (real money) Seat #4 is the button
Seat 1: P1xel7 (23074)
Seat 2: fis (22117)
Seat 3: Toripilus (38740)
Seat 4: DCL021 (18975)
Seat 5: Don Papa57 (20225)
Seat 6: Tunguska0b (25436)
*** ANTE/BLINDS ***
Don Papa57 posts ante 25
Tunguska0b posts ante 25
P1xel7 posts ante 25
fis posts ante 25
Toripilus posts ante 25
DCL021 posts ante 25
Don Papa57 posts small blind 100
Tunguska0b posts big blind 200
Dealt to P1xel7 [6c Jd]
*** PRE-FLOP *** 
P1xel7 folds
fis raises 400 to 600
Toripilus folds
DCL021 folds
Don Papa57 calls 500
Tunguska0b calls 400
*** FLOP *** [6h 2c Kc]
Don Papa57 checks
Tunguska0b checks
fis bets 683
Don Papa57 folds
Tunguska0b folds
fis collected 2633 from pot
*** SUMMARY ***
Total pot 2633 | No rake
Board: [6h 2c Kc]
Seat 2: fis won 2633


Winamax Poker - Tournament "MYSTERY KO" buyIn: 0.90€ + 0.10€ level: 1 - HandId: #3051052004374741014-11-1700235424 - Holdem no limit (25/100/200) - 2023/11/17 15:37:04 UTC
Table: 'MYSTERY KO(710378402)#0021' 6-max (real money) Seat #5 is the button
Seat 1: P1xel7 (23049)
Seat 2: fis (23442)
Seat 3: Toripilus (38715)
Seat 4: DCL021 (18950)
Seat 5: Don Papa57 (19600)
Seat 6: Tunguska0b (24811)
*** ANTE/BLINDS ***
Tunguska0b posts ante 25
P1xel7 posts ante 25
fis posts ante 25
Toripilus posts ante 25
DCL021 posts ante 25
Don Papa57 posts ante 25
Tunguska0b posts small blind 100
P1xel7 posts big blind 200
Dealt to P1xel7 [Ah Kd]
*** PRE-FLOP *** 
fis folds
Toripilus folds
DCL021 folds
Don Papa57 folds
Tunguska0b folds
P1xel7 collected 450 from pot
*** SUMMARY ***
Total pot 450 | No rake
Seat 1: P1xel7 (big blind) won 450


Winamax Poker - Tournament "MYSTERY KO" buyIn: 0.90€ + 0.10€ level: 1 - HandId: #3051052004374741014-12-1700235534 - Holdem no limit (25/100/200) - 2023/11/17 15:38:54 UTC
Table: 'MYSTERY KO(710378402)#0021' 6-max (real money) Seat #6 is the button
Seat 1: P1xel7 (23274)
Seat 2: fis (23417)
Seat 3: Toripilus (38690)
Seat 4: DCL021 (18925)
Seat 5: Don Papa57 (19575)
Seat 6: Tunguska0b (24686)
*** ANTE/BLINDS ***
P1xel7 posts ante 25
fis posts ante 25
Toripilus posts ante 25
DCL021 posts ante 25
Don Papa57 posts ante 25
Tunguska0b posts ante 25
P1xel7 posts small blind 100
fis posts big blind 200
Dealt to P1xel7 [8c 4s]
*** PRE-FLOP *** 
Toripilus folds
DCL021 folds
Don Papa57 folds
Tunguska0b folds
P1xel7 folds
fis collected 450 from pot
*** SUMMARY ***
Total pot 450 | No rake
Seat 2: fis (big blind) won 450


Winamax Poker - Tournament "MYSTERY KO" buyIn: 0.90€ + 0.10€ level: 1 - HandId: #3051052004374741014-13-1700235572 - Holdem no limit (25/100/200) - 2023/11/17 15:39:32 UTC
Table: 'MYSTERY KO(710378402)#0021' 6-max (real money) Seat #1 is the button
Seat 1: P1xel7 (23149)
Seat 2: fis (23642)
Seat 3: Toripilus (38665)
Seat 4: DCL021 (18900)
Seat 5: Don Papa57 (19550)
Seat 6: Tunguska0b (24661)
*** ANTE/BLINDS ***
fis posts ante 25
Toripilus posts ante 25
P1xel7 posts ante 25
DCL021 posts ante 25
Don Papa57 posts ante 25
Tunguska0b posts ante 25
fis posts small blind 100
Toripilus posts big blind 200
Dealt to P1xel7 [Kh 6s]
*** PRE-FLOP *** 
DCL021 folds
Don Papa57 folds
Tunguska0b folds
P1xel7 folds
fis calls 100
Toripilus raises 400 to 600
fis calls 400
*** FLOP *** [Ah Ac 7s]
fis checks
Toripilus bets 878
fis calls 878
*** TURN *** [Ah Ac 7s][Qh]
fis checks
Toripilus checks
*** RIVER *** [Ah Ac 7s Qh][6c]
fis bets 2019
Toripilus folds
fis collected 5125 from pot
*** SUMMARY ***
Total pot 5125 | No rake
Board: [Ah Ac 7s Qh 6c]
Seat 2: fis (small blind) won 5125


Winamax Poker - Tournament "MYSTERY KO" buyIn: 0.90€ + 0.10€ level: 1 - HandId: #3051052004374741014-14-1700235664 - Holdem no limit (25/100/200) - 2023/11/17 15:41:04 UTC
Table: 'MYSTERY KO(710378402)#0021' 6-max (real money) Seat #2 is the button
Seat 1: P1xel7 (23124)
Seat 2: fis (25245)
Seat 3: Toripilus (37162)
Seat 4: DCL021 (18875)
Seat 5: Don Papa57 (19525)
Seat 6: Tunguska0b (24636)
*** ANTE/BLINDS ***
Toripilus posts ante 25
DCL021 posts ante 25
P1xel7 posts ante 25
fis posts ante 25
Don Papa57 posts ante 25
Tunguska0b posts ante 25
Toripilus posts small blind 100
DCL021 posts big blind 200
Dealt to P1xel7 [3s 8d]
*** PRE-FLOP *** 
Don Papa57 folds
Tunguska0b raises 200 to 400
P1xel7 folds
fis folds
Toripilus folds
DCL021 raises 800 to 1200
Tunguska0b folds
DCL021 collected 1850 from pot
*** SUMMARY ***
Total pot 1850 | No rake
Seat 4: DCL021 (big blind) won 1850


Winamax Poker - Tournament "MYSTERY KO" buyIn: 0.90€ + 0.10€ level: 1 - HandId: #3051052004374741014-15-1700235743 - Holdem no limit (25/100/200) - 2023/11/17 15:42:23 UTC
Table: 'MYSTERY KO(710378402)#0021' 6-max (real money) Seat #3 is the button
Seat 1: P1xel7 (23099)
Seat 2: fis (25220)
Seat 3: Toripilus (37037)
Seat 4: DCL021 (19500)
Seat 5: Don Papa57 (19500)
Seat 6: Tunguska0b (24211)
*** ANTE/BLINDS ***
DCL021 posts ante 25
Don Papa57 posts ante 25
P1xel7 posts ante 25
fis posts ante 25
Toripilus posts ante 25
Tunguska0b posts ante 25
DCL021 posts small blind 100
Don Papa57 posts big blind 200
Dealt to P1xel7 [2c Kh]
*** PRE-FLOP *** 
Tunguska0b folds
P1xel7 folds
fis folds
Toripilus raises 300 to 500
DCL021 folds
Don Papa57 folds
Toripilus collected 950 from pot
*** SUMMARY ***
Total pot 950 | No rake
Seat 3: Toripilus (button) won 950


Winamax Poker - Tournament "MYSTERY KO" buyIn: 0.90€ + 0.10€ level: 1 - HandId: #3051052004374741014-16-1700235876 - Holdem no limit (25/100/200) - 2023/11/17 15:44:36 UTC
Table: 'MYSTERY KO(710378402)#0021' 6-max (real money) Seat #4 is the button
Seat 1: P1xel7 (23074)
Seat 2: fis (25195)
Seat 3: Toripilus (37462)
Seat 4: DCL021 (19375)
Seat 5: Don Papa57 (19275)
Seat 6: Tunguska0b (24186)
*** ANTE/BLINDS ***
Don Papa57 posts ante 25
Tunguska0b posts ante 25
P1xel7 posts ante 25
fis posts ante 25
Toripilus posts ante 25
DCL021 posts ante 25
Don Papa57 posts small blind 100
Tunguska0b posts big blind 200
Dealt to P1xel7 [8h Ac]
*** PRE-FLOP *** 
P1xel7 folds
fis folds
Toripilus folds
DCL021 folds
Don Papa57 folds
Tunguska0b collected 450 from pot
*** SUMMARY ***
Total pot 450 | No rake
Seat 6: Tunguska0b (big blind) won 450


Winamax Poker - Tournament "MYSTERY KO" buyIn: 0.90€ + 0.10€ level: 1 - HandId: #3051052004374741014-17-1700235895 - Holdem no limit (25/100/200) - 2023/11/17 15:44:55 UTC
Table: 'MYSTERY KO(710378402)#0021' 6-max (real money) Seat #5 is the button
Seat 1: P1xel7 (23049)
Seat 2: fis (25170)
Seat 3: Toripilus (37437)
Seat 4: DCL021 (19350)
Seat 5: Don Papa57 (19150)
Seat 6: Tunguska0b (24411)
*** ANTE/BLINDS ***
Tunguska0b posts ante 25
P1xel7 posts ante 25
fis posts ante 25
Toripilus posts ante 25
DCL021 posts ante 25
Don Papa57 posts ante 25
Tunguska0b posts small blind 100
P1xel7 posts big blind 200
Dealt to P1xel7 [4d Ks]
*** PRE-FLOP *** 
fis folds
Toripilus raises 300 to 500
DCL021 folds
Don Papa57 folds
Tunguska0b folds
P1xel7 folds
Toripilus collected 950 from pot
*** SUMMARY ***
Total pot 950 | No rake
Seat 3: Toripilus won 950


Winamax Poker - Tournament "MYSTERY KO" buyIn: 0.90€ + 0.10€ level: 1 - HandId: #3051052004374741014-18-1700235940 - Holdem no limit (25/100/200) - 2023/11/17 15:45:40 UTC
Table: 'MYSTERY KO(710378402)#0021' 6-max (real money) Seat #6 is the button
Seat 1: P1xel7 (22824)
Seat 2: fis (25145)
Seat 3: Toripilus (37862)
Seat 4: DCL021 (19325)
Seat 5: Don Papa57 (19125)
Seat 6: Tunguska0b (24286)
*** ANTE/BLINDS ***
P1xel7 posts ante 25
fis posts ante 25
Toripilus posts ante 25
DCL021 posts ante 25
Don Papa57 posts ante 25
Tunguska0b posts ante 25
P1xel7 posts small blind 100
fis posts big blind 200
Dealt to P1xel7 [Js 2s]
*** PRE-FLOP *** 
Toripilus raises 300 to 500
DCL021 folds
Don Papa57 folds
Tunguska0b calls 500
P1xel7 folds
fis calls 300
*** FLOP *** [As 2c 6s]
fis checks
Toripilus bets 613
Tunguska0b calls 613
fis folds
*** TURN *** [As 2c 6s][2d]
Toripilus checks
Tunguska0b checks
*** RIVER *** [As 2c 6s 2d][Qs]
Toripilus bets 3400
Tunguska0b folds
Toripilus collected 6376 from pot
*** SUMMARY ***
Total pot 6376 | No rake
Board: [As 2c 6s 2d Qs]
Seat 3: Toripilus won 6376


Winamax Poker - Tournament "MYSTERY KO" buyIn: 0.90€ + 0.10€ level: 1 - HandId: #3051052004374741014-19-1700236070 - Holdem no limit (25/100/200) - 2023/11/17 15:47:50 UTC
Table: 'MYSTERY KO(710378402)#0021' 6-max (real money) Seat #1 is the button
Seat 1: P1xel7 (22699)
Seat 2: fis (24620)
Seat 3: Toripilus (39700)
Seat 4: DCL021 (19300)
Seat 5: Don Papa57 (19100)
Seat 6: Tunguska0b (23148)
*** ANTE/BLINDS ***
fis posts ante 25
Toripilus posts ante 25
P1xel7 posts ante 25
DCL021 posts ante 25
Don Papa57 posts ante 25
Tunguska0b posts ante 25
fis posts small blind 100
Toripilus posts big blind 200
Dealt to P1xel7 [9d 4s]
*** PRE-FLOP *** 
DCL021 folds
Don Papa57 folds
Tunguska0b folds
P1xel7 folds
fis folds
Toripilus collected 450 from pot
*** SUMMARY ***
Total pot 450 | No rake
Seat 3: Toripilus (big blind) won 450


Winamax Poker - Tournament "MYSTERY KO" buyIn: 0.90€ + 0.10€ level: 1 - HandId: #3051052004374741014-20-1700236084 - Holdem no limit (25/100/200) - 2023/11/17 15:48:04 UTC
Table: 'MYSTERY KO(710378402)#0021' 6-max (real money) Seat #2 is the button
Seat 1: P1xel7 (22674)
Seat 2: fis (24495)
Seat 3: Toripilus (39925)
Seat 4: DCL021 (19275)
Seat 5: Don Papa57 (19075)
Seat 6: Tunguska0b (23123)
*** ANTE/BLINDS ***
Toripilus posts ante 25
DCL021 posts ante 25
P1xel7 posts ante 25
fis posts ante 25
Don Papa57 posts ante 25
Tunguska0b posts ante 25
Toripilus posts small blind 100
DCL021 posts big blind 200
Dealt to P1xel7 [7d Kc]
*** PRE-FLOP *** 
Don Papa57 folds
Tunguska0b folds
P1xel7 folds
fis folds
Toripilus raises 400 to 600
DCL021 folds
Toripilus collected 950 from pot
*** SUMMARY ***
Total pot 950 | No rake
Seat 3: Toripilus (small blind) won 950


Winamax Poker - Tournament "MYSTERY KO" buyIn: 0.90€ + 0.10€ level: 1 - HandId: #3051052004374741014-21-1700236115 - Holdem no limit (25/100/200) - 2023/11/17 15:48:35 UTC
Table: 'MYSTERY KO(710378402)#0021' 6-max (real money) Seat #3 is the button
Seat 1: P1xel7 (22649)
Seat 2: fis (24470)
Seat 3: Toripilus (40250)
Seat 4: DCL021 (19050)
Seat 5: Don Papa57 (19050)
Seat 6: Tunguska0b (23098)
*** ANTE/BLINDS ***
DCL021 posts ante 25
Don Papa57 posts ante 25
P1xel7 posts ante 25
fis posts ante 25
Toripilus posts ante 25
Tunguska0b posts ante 25
DCL021 posts small blind 100
Don Papa57 posts big blind 200
Dealt to P1xel7 [8d 4c]
*** PRE-FLOP *** 
Tunguska0b raises 200 to 400
P1xel7 folds
fis folds
Toripilus folds
DCL021 folds
Don Papa57 folds
Tunguska0b collected 850 from pot
*** SUMMARY ***
Total pot 850 | No rake
Seat 6: Tunguska0b won 850


Winamax Poker - Tournament "MYSTERY KO" buyIn: 0.90€ + 0.10€ level: 1 - HandId: #3051052004374741014-22-1700236137 - Holdem no limit (25/100/200) - 2023/11/17 15:48:57 UTC
Table: 'MYSTERY KO(710378402)#0021' 6-max (real money) Seat #4 is the button
Seat 1: P1xel7 (22624)
Seat 2: fis (24445)
Seat 3: Toripilus (40225)
Seat 4: DCL021 (18925)
Seat 5: Don Papa57 (18825)
Seat 6: Tunguska0b (23523)
*** ANTE/BLINDS ***
Don Papa57 posts ante 25
Tunguska0b posts ante 25
P1xel7 posts ante 25
fis posts ante 25
Toripilus posts ante 25
DCL021 posts ante 25
Don Papa57 posts small blind 100
Tunguska0b posts big blind 200
Dealt to P1xel7 [6c Ad]
*** PRE-FLOP *** 
P1xel7 folds
fis raises 400 to 600
Toripilus calls 600
DCL021 folds
Don Papa57 folds
Tunguska0b folds
*** FLOP *** [2h 2s 9s]
fis checks
Toripilus checks
*** TURN *** [2h 2s 9s][9c]
fis checks
Toripilus checks
*** RIVER *** [2h 2s 9s 9c][Qh]
fis bets 578
Toripilus folds
fis collected 2228 from pot
*** SUMMARY ***
Total pot 2228 | No rake
Board: [2h 2s 9s 9c Qh]
Seat 2: fis won 2228


Winamax Poker - Tournament "MYSTERY KO" buyIn: 0.90€ + 0.10€ level: 2 - HandId: #3051052004374741014-23-1700236229 - Holdem no limit (30/125/250) - 2023/11/17 15:50:29 UTC
Table: 'MYSTERY KO(710378402)#0021' 6-max (real money) Seat #5 is the button
Seat 1: P1xel7 (22599)
Seat 2: fis (25470)
Seat 3: Toripilus (39600)
Seat 4: DCL021 (18900)
Seat 5: Don Papa57 (18700)
Seat 6: Tunguska0b (23298)
*** ANTE/BLINDS ***
Tunguska0b posts ante 30
P1xel7 posts ante 30
fis posts ante 30
Toripilus posts ante 30
DCL021 posts ante 30
Don Papa57 posts ante 30
Tunguska0b posts small blind 125
P1xel7 posts big blind 250
Dealt to P1xel7 [Jh 5h]
*** PRE-FLOP *** 
fis folds
Toripilus raises 375 to 625
DCL021 folds
Don Papa57 folds
Tunguska0b folds
P1xel7 folds
Toripilus collected 1180 from pot
*** SUMMARY ***
Total pot 1180 | No rake
Seat 3: Toripilus won 1180


Winamax Poker - Tournament "MYSTERY KO" buyIn: 0.90€ + 0.10€ level: 2 - HandId: #3051052004374741014-24-1700236267 - Holdem no limit (30/125/250) - 2023/11/17 15:51:07 UTC
Table: 'MYSTERY KO(710378402)#0021' 6-max (real money) Seat #6 is the button
Seat 1: P1xel7 (22319)
Seat 2: fis (25440)
Seat 3: Toripilus (40125)
Seat 4: DCL021 (18870)
Seat 5: Don Papa57 (18670)
Seat 6: Tunguska0b (23143)
*** ANTE/BLINDS ***
P1xel7 posts ante 30
fis posts ante 30
Toripilus posts ante 30
DCL021 posts ante 30
Don Papa57 posts ante 30
Tunguska0b posts ante 30
P1xel7 posts small blind 125
fis posts big blind 250
Dealt to P1xel7 [Ks Qs]
*** PRE-FLOP *** 
Toripilus folds
DCL021 raises 375 to 625
Don Papa57 folds
Tunguska0b folds
P1xel7 calls 500
fis calls 375
*** FLOP *** [8s 7h 9s]
P1xel7 checks
fis checks
DCL021 bets 1028
P1xel7 calls 1028
fis folds
*** TURN *** [8s 7h 9s][8h]
P1xel7 checks
DCL021 bets 2672
P1xel7 calls 2672
*** RIVER *** [8s 7h 9s 8h][5h]
P1xel7 checks
DCL021 bets 3809
P1xel7 folds
DCL021 collected 13264 from pot
*** SUMMARY ***
Total pot 13264 | No rake
Board: [8s 7h 9s 8h 5h]
Seat 4: DCL021 won 13264


Winamax Poker - Tournament "MYSTERY KO" buyIn: 0.90€ + 0.10€ level: 2 - HandId: #3051052004374741014-25-1700236376 - Holdem no limit (30/125/250) - 2023/11/17 15:52:56 UTC
Table: 'MYSTERY KO(710378402)#0021' 6-max (real money) Seat #1 is the button
Seat 1: P1xel7 (17964)
Seat 2: fis (24785)
Seat 3: Toripilus (40095)
Seat 4: DCL021 (23970)
Seat 5: Don Papa57 (18640)
Seat 6: Tunguska0b (23113)
*** ANTE/BLINDS ***
fis posts ante 30
Toripilus posts ante 30
P1xel7 posts ante 30
DCL021 posts ante 30
Don Papa57 posts ante 30
Tunguska0b posts ante 30
fis posts small blind 125
Toripilus posts big blind 250
Dealt to P1xel7 [Td 7h]
*** PRE-FLOP *** 
DCL021 raises 313 to 563
Don Papa57 folds
Tunguska0b folds
P1xel7 folds
fis folds
Toripilus raises 1126 to 1689
DCL021 folds
Toripilus collected 2557 from pot
*** SUMMARY ***
Total pot 2557 | No rake
Seat 3: Toripilus (big blind) won 2557


Winamax Poker - Tournament "MYSTERY KO" buyIn: 0.90€ + 0.10€ level: 2 - HandId: #3051052004374741014-26-1700236416 - Holdem no limit (30/125/250) - 2023/11/17 15:53:36 UTC
Table: 'MYSTERY KO(710378402)#0021' 6-max (real money) Seat #2 is the button
Seat 1: P1xel7 (17934)
Seat 2: fis (24630)
Seat 3: Toripilus (40933)
Seat 4: DCL021 (23377)
Seat 5: Don Papa57 (18610)
Seat 6: Tunguska0b (23083)
*** ANTE/BLINDS ***
Toripilus posts ante 30
DCL021 posts ante 30
P1xel7 posts ante 30
fis posts ante 30
Don Papa57 posts ante 30
Tunguska0b posts ante 30
Toripilus posts small blind 125
DCL021 posts big blind 250
Dealt to P1xel7 [Ah 7h]
*** PRE-FLOP *** 
Don Papa57 folds
Tunguska0b folds
P1xel7 raises 375 to 625
fis folds
Toripilus folds
DCL021 calls 375
*** FLOP *** [2d 8s 5d]
DCL021 checks
P1xel7 bets 1011
DCL021 raises 1283 to 2294
P1xel7 calls 1283
*** TURN *** [2d 8s 5d][9h]
DCL021 bets 3993
P1xel7 folds
DCL021 collected 10136 from pot
*** SUMMARY ***
Total pot 10136 | No rake
Board: [2d 8s 5d 9h]
Seat 4: DCL021 (big blind) won 10136


Winamax Poker - Tournament "MYSTERY KO" buyIn: 0.90€ + 0.10€ level: 2 - HandId: #3051052004374741014-27-1700236470 - Holdem no limit (30/125/250) - 2023/11/17 15:54:30 UTC
Table: 'MYSTERY KO(710378402)#0021' 6-max (real money) Seat #3 is the button
Seat 1: P1xel7 (14985)
Seat 2: fis (24600)
Seat 3: Toripilus (40778)
Seat 4: DCL021 (26571)
Seat 5: Don Papa57 (18580)
Seat 6: Tunguska0b (23053)
*** ANTE/BLINDS ***
DCL021 posts ante 30
Don Papa57 posts ante 30
P1xel7 posts ante 30
fis posts ante 30
Toripilus posts ante 30
Tunguska0b posts ante 30
DCL021 posts small blind 125
Don Papa57 posts big blind 250
Dealt to P1xel7 [4s As]
*** PRE-FLOP *** 
Tunguska0b folds
P1xel7 folds
fis folds
Toripilus folds
DCL021 raises 250 to 500
Don Papa57 folds
DCL021 collected 930 from pot
*** SUMMARY ***
Total pot 930 | No rake
Seat 4: DCL021 (small blind) won 930


Winamax Poker - Tournament "MYSTERY KO" buyIn: 0.90€ + 0.10€ level: 2 - HandId: #3051052004374741014-28-1700236497 - Holdem no limit (30/125/250) - 2023/11/17 15:54:57 UTC
Table: 'MYSTERY KO(710378402)#0021' 6-max (real money) Seat #4 is the button
Seat 1: P1xel7 (14955)
Seat 2: fis (24570)
Seat 3: Toripilus (40748)
Seat 4: DCL021 (26971)
Seat 5: Don Papa57 (18300)
Seat 6: Tunguska0b (23023)
*** ANTE/BLINDS ***
Don Papa57 posts ante 30
Tunguska0b posts ante 30
P1xel7 posts ante 30
fis posts ante 30
Toripilus posts ante 30
DCL021 posts ante 30
Don Papa57 posts small blind 125
Tunguska0b posts big blind 250
Dealt to P1xel7 [4s 9d]
*** PRE-FLOP *** 
P1xel7 folds
fis raises 500 to 750
Toripilus folds
DCL021 folds
Don Papa57 folds
Tunguska0b folds
fis collected 1305 from pot
*** SUMMARY ***
Total pot 1305 | No rake
Seat 2: fis won 1305


Winamax Poker - Tournament "MYSTERY KO" buyIn: 0.90€ + 0.10€ level: 2 - HandId: #3051052004374741014-29-1700236860 - Holdem no limit (30/125/250) - 2023/11/17 16:01:00 UTC
Table: 'MYSTERY KO(710378402)#0021' 6-max (real money) Seat #5 is the button
Seat 1: P1xel7 (14925)
Seat 2: fis (25095)
Seat 3: Toripilus (40718)
Seat 4: DCL021 (26941)
Seat 5: Don Papa57 (18145)
Seat 6: Tunguska0b (22743)
*** ANTE/BLINDS ***
Tunguska0b posts ante 30
P1xel7 posts ante 30
fis posts ante 30
Toripilus posts ante 30
DCL021 posts ante 30
Don Papa57 posts ante 30
Tunguska0b posts small blind 125
P1xel7 posts big blind 250
Dealt to P1xel7 [3s 3c]
*** PRE-FLOP *** 
fis folds
Toripilus raises 375 to 625
DCL021 folds
Don Papa57 folds
Tunguska0b folds
P1xel7 calls 375
*** FLOP *** [7s 4h 2s]
P1xel7 checks
Toripilus checks
*** TURN *** [7s 4h 2s][8c]
P1xel7 checks
Toripilus checks
*** RIVER *** [7s 4h 2s 8c][As]
P1xel7 bets 544
Toripilus calls 544
*** SHOW DOWN ***
P1xel7 shows [3s 3c] (One pair : 3)
Toripilus shows [5h Ac] (One pair : Aces)
Toripilus collected 2643 from pot
*** SUMMARY ***
Total pot 2643 | No rake
Board: [7s 4h 2s 8c As]
Seat 1: P1xel7 (big blind) showed [3s 3c] and lost with One pair : 3
Seat 3: Toripilus showed [5h Ac] and won 2643 with One pair : Aces


Winamax Poker - Tournament "MYSTERY KO" buyIn: 0.90€ + 0.10€ level: 2 - HandId: #3051052004374741014-30-1700236930 - Holdem no limit (30/125/250) - 2023/11/17 16:02:10 UTC
Table: 'MYSTERY KO(710378402)#0021' 6-max (real money) Seat #6 is the button
Seat 1: P1xel7 (13726)
Seat 2: fis (25065)
Seat 3: Toripilus (42162)
Seat 4: DCL021 (26911)
Seat 5: Don Papa57 (18115)
Seat 6: Tunguska0b (22588)
*** ANTE/BLINDS ***
P1xel7 posts ante 30
fis posts ante 30
Toripilus posts ante 30
DCL021 posts ante 30
Don Papa57 posts ante 30
Tunguska0b posts ante 30
P1xel7 posts small blind 125
fis posts big blind 250
Dealt to P1xel7 [Ad 2d]
*** PRE-FLOP *** 
Toripilus folds
DCL021 folds
Don Papa57 calls 250
Tunguska0b folds
P1xel7 raises 1000 to 1250
fis folds
Don Papa57 calls 1000
*** FLOP *** [5c Jh Kd]
P1xel7 bets 1026
Don Papa57 folds
P1xel7 collected 3956 from pot
*** SUMMARY ***
Total pot 3956 | No rake
Board: [5c Jh Kd]
Seat 1: P1xel7 (small blind) won 3956


Winamax Poker - Tournament "MYSTERY KO" buyIn: 0.90€ + 0.10€ level: 3 - HandId: #3051052004374741014-31-1700237025 - Holdem no limit (35/150/300) - 2023/11/17 16:03:45 UTC
Table: 'MYSTERY KO(710378402)#0021' 6-max (real money) Seat #1 is the button
Seat 1: P1xel7 (15376)
Seat 2: fis (24785)
Seat 3: Toripilus (42132)
Seat 4: DCL021 (26881)
Seat 5: Don Papa57 (16835)
Seat 6: Tunguska0b (22558)
*** ANTE/BLINDS ***
fis posts ante 35
Toripilus posts ante 35
P1xel7 posts ante 35
DCL021 posts ante 35
Don Papa57 posts ante 35
Tunguska0b posts ante 35
fis posts small blind 150
Toripilus posts big blind 300
Dealt to P1xel7 [Jh 5d]
*** PRE-FLOP *** 
DCL021 raises 600 to 900
Don Papa57 folds
Tunguska0b folds
P1xel7 folds
fis folds
Toripilus calls 600
*** FLOP *** [2s 3d 3h]
Toripilus checks
DCL021 bets 540
Toripilus folds
DCL021 collected 2700 from pot
*** SUMMARY ***
Total pot 2700 | No rake
Board: [2s 3d 3h]
Seat 4: DCL021 won 2700


Winamax Poker - Tournament "MYSTERY KO" buyIn: 0.90€ + 0.10€ level: 3 - HandId: #3051052004374741014-32-1700237081 - Holdem no limit (35/150/300) - 2023/11/17 16:04:41 UTC
Table: 'MYSTERY KO(710378402)#0021' 6-max (real money) Seat #2 is the button
Seat 1: P1xel7 (15341)
Seat 2: fis (24600)
Seat 3: Toripilus (41197)
Seat 4: DCL021 (28106)
Seat 5: Don Papa57 (16800)
Seat 6: Tunguska0b (22523)
*** ANTE/BLINDS ***
Toripilus posts ante 35
DCL021 posts ante 35
P1xel7 posts ante 35
fis posts ante 35
Don Papa57 posts ante 35
Tunguska0b posts ante 35
Toripilus posts small blind 150
DCL021 posts big blind 300
Dealt to P1xel7 [Kd 9c]
*** PRE-FLOP *** 
Don Papa57 folds
Tunguska0b folds
P1xel7 folds
fis raises 600 to 900
Toripilus folds
DCL021 calls 600
*** FLOP *** [7c Ah 8c]
DCL021 checks
fis bets 756
DCL021 calls 756
*** TURN *** [7c Ah 8c][As]
DCL021 checks
fis checks
*** RIVER *** [7c Ah 8c As][Th]
DCL021 bets 1285
fis folds
DCL021 collected 4957 from pot
*** SUMMARY ***
Total pot 4957 | No rake
Board: [7c Ah 8c As Th]
Seat 4: DCL021 (big blind) won 4957


Winamax Poker - Tournament "MYSTERY KO" buyIn: 0.90€ + 0.10€ level: 3 - HandId: #3051052004374741014-33-1700237212 - Holdem no limit (35/150/300) - 2023/11/17 16:06:52 UTC
Table: 'MYSTERY KO(710378402)#0021' 6-max (real money) Seat #3 is the button
Seat 1: P1xel7 (15306)
Seat 2: fis (22909)
Seat 3: Toripilus (41012)
Seat 4: DCL021 (30087)
Seat 5: Don Papa57 (16765)
Seat 6: Tunguska0b (22488)
*** ANTE/BLINDS ***
DCL021 posts ante 35
Don Papa57 posts ante 35
P1xel7 posts ante 35
fis posts ante 35
Toripilus posts ante 35
Tunguska0b posts ante 35
DCL021 posts small blind 150
Don Papa57 posts big blind 300
Dealt to P1xel7 [3c 3h]
*** PRE-FLOP *** 
Tunguska0b folds
P1xel7 raises 450 to 750
fis folds
Toripilus calls 750
DCL021 folds
Don Papa57 folds
*** FLOP *** [2c 6s 9h]
P1xel7 bets 1080
Toripilus raises 3240 to 4320
P1xel7 folds
Toripilus collected 7560 from pot
*** SUMMARY ***
Total pot 7560 | No rake
Board: [2c 6s 9h]
Seat 3: Toripilus (button) won 7560


Winamax Poker - Tournament "MYSTERY KO" buyIn: 0.90€ + 0.10€ level: 3 - HandId: #3051052004374741014-34-1700237286 - Holdem no limit (35/150/300) - 2023/11/17 16:08:06 UTC
Table: 'MYSTERY KO(710378402)#0021' 6-max (real money) Seat #4 is the button
Seat 1: P1xel7 (13441)
Seat 2: fis (22874)
Seat 3: Toripilus (43467)
Seat 4: DCL021 (29902)
Seat 5: Don Papa57 (16430)
Seat 6: Tunguska0b (22453)
*** ANTE/BLINDS ***
Don Papa57 posts ante 35
Tunguska0b posts ante 35
P1xel7 posts ante 35
fis posts ante 35
Toripilus posts ante 35
DCL021 posts ante 35
Don Papa57 posts small blind 150
Tunguska0b posts big blind 300
Dealt to P1xel7 [6c Kd]
*** PRE-FLOP *** 
P1xel7 folds
fis folds
Toripilus folds
DCL021 folds
Don Papa57 raises 300 to 600
Tunguska0b folds
Don Papa57 collected 1110 from pot
*** SUMMARY ***
Total pot 1110 | No rake
Seat 5: Don Papa57 (small blind) won 1110


Winamax Poker - Tournament "MYSTERY KO" buyIn: 0.90€ + 0.10€ level: 3 - HandId: #3051052004374741014-35-1700237319 - Holdem no limit (35/150/300) - 2023/11/17 16:08:39 UTC
Table: 'MYSTERY KO(710378402)#0021' 6-max (real money) Seat #5 is the button
Seat 1: P1xel7 (13406)
Seat 2: fis (22839)
Seat 3: Toripilus (43432)
Seat 4: DCL021 (29867)
Seat 5: Don Papa57 (16905)
Seat 6: Tunguska0b (22118)
*** ANTE/BLINDS ***
Tunguska0b posts ante 35
P1xel7 posts ante 35
fis posts ante 35
Toripilus posts ante 35
DCL021 posts ante 35
Don Papa57 posts ante 35
Tunguska0b posts small blind 150
P1xel7 posts big blind 300
Dealt to P1xel7 [7h Qc]
*** PRE-FLOP *** 
fis folds
Toripilus raises 450 to 750
DCL021 raises 938 to 1688
Don Papa57 raises 15182 to 16870 and is all-in
Tunguska0b folds
P1xel7 folds
Toripilus calls 16120
DCL021 folds
*** FLOP *** [9h 4c Kc]
*** TURN *** [9h 4c Kc][Kd]
*** RIVER *** [9h 4c Kc Kd][Kh]
*** SHOW DOWN ***
Don Papa57 shows [7c 7s] (Full of Kings and 7)
Toripilus shows [Ts Td] (Full of Kings and Tens)
Toripilus collected 36088 from pot
*** SUMMARY ***
Total pot 36088 | No rake
Board: [9h 4c Kc Kd Kh]
Seat 3: Toripilus showed [Ts Td] and won 36088 with Full of Kings and Tens
Seat 5: Don Papa57 (button) showed [7c 7s] and lost with Full of Kings and 7


Winamax Poker - Tournament "MYSTERY KO" buyIn: 0.90€ + 0.10€ level: 3 - HandId: #3051052004374741014-36-1700237361 - Holdem no limit (35/150/300) - 2023/11/17 16:09:21 UTC
Table: 'MYSTERY KO(710378402)#0021' 6-max (real money) Seat #6 is the button
Seat 1: P1xel7 (13071)
Seat 2: fis (22804)
Seat 3: Toripilus (62615)
Seat 4: DCL021 (28144)
Seat 6: Tunguska0b (21933)
*** ANTE/BLINDS ***
P1xel7 posts ante 35
fis posts ante 35
Toripilus posts ante 35
DCL021 posts ante 35
Tunguska0b posts ante 35
P1xel7 posts small blind 150
fis posts big blind 300
Dealt to P1xel7 [7c 3h]
*** PRE-FLOP *** 
Toripilus folds
DCL021 folds
Tunguska0b folds
P1xel7 folds
fis collected 625 from pot
*** SUMMARY ***
Total pot 625 | No rake
Seat 2: fis (big blind) won 625


Winamax Poker - Tournament "MYSTERY KO" buyIn: 0.90€ + 0.10€ level: 3 - HandId: #3051052004374741014-37-1700237374 - Holdem no limit (35/150/300) - 2023/11/17 16:09:34 UTC
Table: 'MYSTERY KO(710378402)#0021' 6-max (real money) Seat #1 is the button
Seat 1: P1xel7 (12886)
Seat 2: fis (23094)
Seat 3: Toripilus (62580)
Seat 4: DCL021 (28109)
Seat 6: Tunguska0b (21898)
*** ANTE/BLINDS ***
fis posts ante 35
Toripilus posts ante 35
P1xel7 posts ante 35
DCL021 posts ante 35
Tunguska0b posts ante 35
fis posts small blind 150
Toripilus posts big blind 300
Dealt to P1xel7 [Th 6c]
*** PRE-FLOP *** 
DCL021 raises 450 to 750
Tunguska0b folds
P1xel7 folds
fis folds
Toripilus calls 450
*** FLOP *** [7d 3c Kd]
Toripilus checks
DCL021 checks
*** TURN *** [7d 3c Kd][Jd]
Toripilus checks
DCL021 checks
*** RIVER *** [7d 3c Kd Jd][3h]
Toripilus bets 300
DCL021 folds
Toripilus collected 2125 from pot
*** SUMMARY ***
Total pot 2125 | No rake
Board: [7d 3c Kd Jd 3h]
Seat 3: Toripilus (big blind) won 2125


Winamax Poker - Tournament "MYSTERY KO" buyIn: 0.90€ + 0.10€ level: 4 - HandId: #3051052004374741014-38-1700237449 - Holdem no limit (40/175/350) - 2023/11/17 16:10:49 UTC
Table: 'MYSTERY KO(710378402)#0021' 6-max (real money) Seat #2 is the button
Seat 1: P1xel7 (12851)
Seat 2: fis (22909)
Seat 3: Toripilus (63620)
Seat 4: DCL021 (27324)
Seat 5: babar-14 (20000)
Seat 6: Tunguska0b (21863)
*** ANTE/BLINDS ***
Toripilus posts ante 40
DCL021 posts ante 40
P1xel7 posts ante 40
fis posts ante 40
babar-14 posts ante 40
Tunguska0b posts ante 40
Toripilus posts small blind 175
DCL021 posts big blind 350
Dealt to P1xel7 [Ah Jd]
*** PRE-FLOP *** 
babar-14 calls 350
Tunguska0b folds
P1xel7 raises 1050 to 1400
fis folds
Toripilus folds
DCL021 folds
babar-14 calls 1050
*** FLOP *** [6d 7c Kh]
babar-14 checks
P1xel7 bets 2317
babar-14 folds
P1xel7 collected 5882 from pot
*** SUMMARY ***
Total pot 5882 | No rake
Board: [6d 7c Kh]
Seat 1: P1xel7 won 5882


Winamax Poker - Tournament "MYSTERY KO" buyIn: 0.90€ + 0.10€ level: 4 - HandId: #3051052004374741014-39-1700237487 - Holdem no limit (40/175/350) - 2023/11/17 16:11:27 UTC
Table: 'MYSTERY KO(710378402)#0021' 6-max (real money) Seat #3 is the button
Seat 1: P1xel7 (14976)
Seat 2: fis (22869)
Seat 3: Toripilus (63405)
Seat 4: DCL021 (26934)
Seat 5: babar-14 (18560)
Seat 6: Tunguska0b (21823)
*** ANTE/BLINDS ***
DCL021 posts ante 40
babar-14 posts ante 40
P1xel7 posts ante 40
fis posts ante 40
Toripilus posts ante 40
Tunguska0b posts ante 40
DCL021 posts small blind 175
babar-14 posts big blind 350
Dealt to P1xel7 [2d 8c]
*** PRE-FLOP *** 
Tunguska0b folds
P1xel7 folds
fis folds
Toripilus raises 525 to 875
DCL021 folds
babar-14 calls 525
*** FLOP *** [Js 7d 2s]
babar-14 checks
Toripilus checks
*** TURN *** [Js 7d 2s][4c]
babar-14 checks
Toripilus checks
*** RIVER *** [Js 7d 2s 4c][7s]
babar-14 bets 2165
Toripilus folds
babar-14 collected 4330 from pot
*** SUMMARY ***
Total pot 4330 | No rake
Board: [Js 7d 2s 4c 7s]
Seat 5: babar-14 (big blind) won 4330


Winamax Poker - Tournament "MYSTERY KO" buyIn: 0.90€ + 0.10€ level: 4 - HandId: #3051052004374741014-40-1700237560 - Holdem no limit (40/175/350) - 2023/11/17 16:12:40 UTC
Table: 'MYSTERY KO(710378402)#0021' 6-max (real money) Seat #4 is the button
Seat 1: P1xel7 (14936)
Seat 2: fis (22829)
Seat 3: Toripilus (62490)
Seat 4: DCL021 (26719)
Seat 5: babar-14 (19810)
Seat 6: Tunguska0b (21783)
*** ANTE/BLINDS ***
babar-14 posts ante 40
Tunguska0b posts ante 40
P1xel7 posts ante 40
fis posts ante 40
Toripilus posts ante 40
DCL021 posts ante 40
babar-14 posts small blind 175
Tunguska0b posts big blind 350
Dealt to P1xel7 [Ks Ts]
*** PRE-FLOP *** 
P1xel7 folds
fis raises 700 to 1050
Toripilus folds
DCL021 folds
babar-14 calls 875
Tunguska0b folds
*** FLOP *** [2s Kh 6c]
babar-14 checks
fis bets 941
babar-14 calls 941
*** TURN *** [2s Kh 6c][Td]
babar-14 checks
fis checks
*** RIVER *** [2s Kh 6c Td][Ah]
babar-14 bets 4572
fis folds
babar-14 collected 9144 from pot
*** SUMMARY ***
Total pot 9144 | No rake
Board: [2s Kh 6c Td Ah]
Seat 5: babar-14 (small blind) won 9144


Winamax Poker - Tournament "MYSTERY KO" buyIn: 0.90€ + 0.10€ level: 4 - HandId: #3051052004374741014-41-1700237653 - Holdem no limit (40/175/350) - 2023/11/17 16:14:13 UTC
Table: 'MYSTERY KO(710378402)#0021' 6-max (real money) Seat #5 is the button
Seat 1: P1xel7 (14896)
Seat 2: fis (20798)
Seat 3: Toripilus (62450)
Seat 4: DCL021 (26679)
Seat 5: babar-14 (22351)
Seat 6: Tunguska0b (21393)
*** ANTE/BLINDS ***
Tunguska0b posts ante 40
P1xel7 posts ante 40
fis posts ante 40
Toripilus posts ante 40
DCL021 posts ante 40
babar-14 posts ante 40
Tunguska0b posts small blind 175
P1xel7 posts big blind 350
Dealt to P1xel7 [4d 9s]
*** PRE-FLOP *** 
fis folds
Toripilus raises 525 to 875
DCL021 folds
babar-14 folds
Tunguska0b folds
P1xel7 folds
Toripilus collected 1640 from pot
*** SUMMARY ***
Total pot 1640 | No rake
Seat 3: Toripilus won 1640


Winamax Poker - Tournament "MYSTERY KO" buyIn: 0.90€ + 0.10€ level: 4 - HandId: #3051052004374741014-42-1700237686 - Holdem no limit (40/175/350) - 2023/11/17 16:14:46 UTC
Table: 'MYSTERY KO(710378402)#0021' 6-max (real money) Seat #6 is the button
Seat 1: P1xel7 (14506)
Seat 2: fis (20758)
Seat 3: Toripilus (63175)
Seat 4: DCL021 (26639)
Seat 5: babar-14 (22311)
Seat 6: Tunguska0b (21178)
*** ANTE/BLINDS ***
P1xel7 posts ante 40
fis posts ante 40
Toripilus posts ante 40
DCL021 posts ante 40
babar-14 posts ante 40
Tunguska0b posts ante 40
P1xel7 posts small blind 175
fis posts big blind 350
Dealt to P1xel7 [Kc 5d]
*** PRE-FLOP *** 
Toripilus folds
DCL021 raises 700 to 1050
babar-14 calls 1050
Tunguska0b folds
P1xel7 folds
fis folds
*** FLOP *** [5c 2s Qh]
DCL021 bets 1003
babar-14 calls 1003
*** TURN *** [5c 2s Qh][6s]
DCL021 bets 1705
babar-14 calls 1705
*** RIVER *** [5c 2s Qh 6s][4d]
DCL021 bets 2070
babar-14 calls 2070
*** SHOW DOWN ***
DCL021 shows [7c 7h] (One pair : 7)
babar-14 shows [Qs Ah] (One pair : Queens)
babar-14 collected 12421 from pot
*** SUMMARY ***
Total pot 12421 | No rake
Board: [5c 2s Qh 6s 4d]
Seat 4: DCL021 showed [7c 7h] and lost with One pair : 7
Seat 5: babar-14 showed [Qs Ah] and won 12421 with One pair : Queens


Winamax Poker - Tournament "MYSTERY KO" buyIn: 0.90€ + 0.10€ level: 4 - HandId: #3051052004374741014-43-1700237747 - Holdem no limit (40/175/350) - 2023/11/17 16:15:47 UTC
Table: 'MYSTERY KO(710378402)#0021' 6-max (real money) Seat #1 is the button
Seat 1: P1xel7 (14291)
Seat 2: fis (20368)
Seat 3: Toripilus (63135)
Seat 4: DCL021 (20771)
Seat 5: babar-14 (28864)
Seat 6: Tunguska0b (21138)
*** ANTE/BLINDS ***
fis posts ante 40
Toripilus posts ante 40
P1xel7 posts ante 40
DCL021 posts ante 40
babar-14 posts ante 40
Tunguska0b posts ante 40
fis posts small blind 175
Toripilus posts big blind 350
Dealt to P1xel7 [2s 3c]
*** PRE-FLOP *** 
DCL021 raises 700 to 1050
babar-14 folds
Tunguska0b folds
P1xel7 folds
fis folds
Toripilus folds
DCL021 collected 1815 from pot
*** SUMMARY ***
Total pot 1815 | No rake
Seat 4: DCL021 won 1815


Winamax Poker - Tournament "MYSTERY KO" buyIn: 0.90€ + 0.10€ level: 4 - HandId: #3051052004374741014-44-1700237785 - Holdem no limit (40/175/350) - 2023/11/17 16:16:25 UTC
Table: 'MYSTERY KO(710378402)#0021' 6-max (real money) Seat #2 is the button
Seat 1: P1xel7 (14251)
Seat 2: fis (20153)
Seat 3: Toripilus (62745)
Seat 4: DCL021 (21496)
Seat 5: babar-14 (28824)
Seat 6: Tunguska0b (21098)
*** ANTE/BLINDS ***
Toripilus posts ante 40
DCL021 posts ante 40
P1xel7 posts ante 40
fis posts ante 40
babar-14 posts ante 40
Tunguska0b posts ante 40
Toripilus posts small blind 175
DCL021 posts big blind 350
Dealt to P1xel7 [Ks Qd]
*** PRE-FLOP *** 
babar-14 calls 350
Tunguska0b folds
P1xel7 raises 1050 to 1400
fis folds
Toripilus folds
DCL021 calls 1050
babar-14 calls 1050
*** FLOP *** [Kc Qh Jd]
DCL021 checks
babar-14 checks
P1xel7 bets 1615
DCL021 calls 1615
babar-14 folds
*** TURN *** [Kc Qh Jd][3s]
DCL021 checks
P1xel7 bets 3923
DCL021 folds
P1xel7 collected 11768 from pot
*** SUMMARY ***
Total pot 11768 | No rake
Board: [Kc Qh Jd 3s]
Seat 1: P1xel7 won 11768


Winamax Poker - Tournament "MYSTERY KO" buyIn: 0.90€ + 0.10€ level: 5 - HandId: #3051052004374741014-45-1700237852 - Holdem no limit (50/200/400) - 2023/11/17 16:17:32 UTC
Table: 'MYSTERY KO(710378402)#0021' 6-max (real money) Seat #3 is the button
Seat 1: P1xel7 (19041)
Seat 2: fis (20113)
Seat 3: Toripilus (62530)
Seat 4: DCL021 (18441)
Seat 5: babar-14 (27384)
Seat 6: Tunguska0b (21058)
*** ANTE/BLINDS ***
DCL021 posts ante 50
babar-14 posts ante 50
P1xel7 posts ante 50
fis posts ante 50
Toripilus posts ante 50
Tunguska0b posts ante 50
DCL021 posts small blind 200
babar-14 posts big blind 400
Dealt to P1xel7 [7c Jh]
*** PRE-FLOP *** 
Tunguska0b folds
P1xel7 folds
fis raises 600 to 1000
Toripilus folds
DCL021 folds
babar-14 folds
fis collected 1900 from pot
*** SUMMARY ***
Total pot 1900 | No rake
Seat 2: fis won 1900


Winamax Poker - Tournament "MYSTERY KO" buyIn: 0.90€ + 0.10€ level: 5 - HandId: #3051052004374741014-46-1700237867 - Holdem no limit (50/200/400) - 2023/11/17 16:17:47 UTC
Table: 'MYSTERY KO(710378402)#0021' 6-max (real money) Seat #4 is the button
Seat 1: P1xel7 (18991)
Seat 2: fis (20963)
Seat 3: Toripilus (62480)
Seat 4: DCL021 (18191)
Seat 5: babar-14 (26934)
Seat 6: Tunguska0b (21008)
*** ANTE/BLINDS ***
babar-14 posts ante 50
Tunguska0b posts ante 50
P1xel7 posts ante 50
fis posts ante 50
Toripilus posts ante 50
DCL021 posts ante 50
babar-14 posts small blind 200
Tunguska0b posts big blind 400
Dealt to P1xel7 [Jd 9s]
*** PRE-FLOP *** 
P1xel7 folds
fis folds
Toripilus folds
DCL021 raises 600 to 1000
babar-14 folds
Tunguska0b folds
DCL021 collected 1900 from pot
*** SUMMARY ***
Total pot 1900 | No rake
Seat 4: DCL021 (button) won 1900


Winamax Poker - Tournament "MYSTERY KO" buyIn: 0.90€ + 0.10€ level: 5 - HandId: #3051052004374741014-47-1700237902 - Holdem no limit (50/200/400) - 2023/11/17 16:18:22 UTC
Table: 'MYSTERY KO(710378402)#0021' 6-max (real money) Seat #5 is the button
Seat 1: P1xel7 (18941)
Seat 2: fis (20913)
Seat 3: Toripilus (62430)
Seat 4: DCL021 (19041)
Seat 5: babar-14 (26684)
Seat 6: Tunguska0b (20558)
*** ANTE/BLINDS ***
Tunguska0b posts ante 50
P1xel7 posts ante 50
fis posts ante 50
Toripilus posts ante 50
DCL021 posts ante 50
babar-14 posts ante 50
Tunguska0b posts small blind 200
P1xel7 posts big blind 400
Dealt to P1xel7 [5c 7h]
*** PRE-FLOP *** 
fis folds
Toripilus folds
DCL021 folds
babar-14 calls 400
Tunguska0b folds
P1xel7 checks
*** FLOP *** [9c 5s Tc]
P1xel7 checks
babar-14 checks
*** TURN *** [9c 5s Tc][6c]
P1xel7 bets 650
babar-14 folds
P1xel7 collected 1950 from pot
*** SUMMARY ***
Total pot 1950 | No rake
Board: [9c 5s Tc 6c]
Seat 1: P1xel7 (big blind) won 1950


Winamax Poker - Tournament "MYSTERY KO" buyIn: 0.90€ + 0.10€ level: 5 - HandId: #3051052004374741014-48-1700237938 - Holdem no limit (50/200/400) - 2023/11/17 16:18:58 UTC
Table: 'MYSTERY KO(710378402)#0021' 6-max (real money) Seat #6 is the button
Seat 1: P1xel7 (19791)
Seat 2: fis (20863)
Seat 3: Toripilus (62380)
Seat 4: DCL021 (18991)
Seat 5: babar-14 (26234)
Seat 6: Tunguska0b (20308)
*** ANTE/BLINDS ***
P1xel7 posts ante 50
fis posts ante 50
Toripilus posts ante 50
DCL021 posts ante 50
babar-14 posts ante 50
Tunguska0b posts ante 50
P1xel7 posts small blind 200
fis posts big blind 400
Dealt to P1xel7 [4s Kc]
*** PRE-FLOP *** 
Toripilus folds
DCL021 folds
babar-14 calls 400
Tunguska0b folds
P1xel7 folds
fis raises 800 to 1200
babar-14 calls 800
*** FLOP *** [Jc Qh 2s]
fis checks
babar-14 checks
*** TURN *** [Jc Qh 2s][2c]
fis bets 1015
babar-14 folds
fis collected 3915 from pot
*** SUMMARY ***
Total pot 3915 | No rake
Board: [Jc Qh 2s 2c]
Seat 2: fis (big blind) won 3915


Winamax Poker - Tournament "MYSTERY KO" buyIn: 0.90€ + 0.10€ level: 5 - HandId: #3051052004374741014-49-1700237983 - Holdem no limit (50/200/400) - 2023/11/17 16:19:43 UTC
Table: 'MYSTERY KO(710378402)#0021' 6-max (real money) Seat #1 is the button
Seat 1: P1xel7 (19541)
Seat 2: fis (22513)
Seat 3: Toripilus (62330)
Seat 4: DCL021 (18941)
Seat 5: babar-14 (24984)
Seat 6: Tunguska0b (20258)
*** ANTE/BLINDS ***
fis posts ante 50
Toripilus posts ante 50
P1xel7 posts ante 50
DCL021 posts ante 50
babar-14 posts ante 50
Tunguska0b posts ante 50
fis posts small blind 200
Toripilus posts big blind 400
Dealt to P1xel7 [7s 6h]
*** PRE-FLOP *** 
DCL021 folds
babar-14 folds
Tunguska0b folds
P1xel7 folds
fis raises 600 to 1000
Toripilus calls 600
*** FLOP *** [Kc 7d Ac]
fis checks
Toripilus bets 805
fis calls 805
*** TURN *** [Kc 7d Ac][9d]
fis checks
Toripilus bets 2542
fis raises 4956 to 7498
Toripilus calls 4956
*** RIVER *** [Kc 7d Ac 9d][As]
fis bets 13160 and is all-in
Toripilus folds
fis collected 32066 from pot
*** SUMMARY ***
Total pot 32066 | No rake
Board: [Kc 7d Ac 9d As]
Seat 2: fis (small blind) won 32066


Winamax Poker - Tournament "MYSTERY KO" buyIn: 0.90€ + 0.10€ level: 5 - HandId: #3051052004374741014-50-1700238085 - Holdem no limit (50/200/400) - 2023/11/17 16:21:25 UTC
Table: 'MYSTERY KO(710378402)#0021' 6-max (real money) Seat #2 is the button
Seat 1: P1xel7 (19491)
Seat 2: fis (32066)
Seat 3: Toripilus (52977)
Seat 4: DCL021 (18891)
Seat 5: babar-14 (24934)
Seat 6: Tunguska0b (20208)
*** ANTE/BLINDS ***
Toripilus posts ante 50
DCL021 posts ante 50
P1xel7 posts ante 50
fis posts ante 50
babar-14 posts ante 50
Tunguska0b posts ante 50
Toripilus posts small blind 200
DCL021 posts big blind 400
Dealt to P1xel7 [4h Js]
*** PRE-FLOP *** 
babar-14 folds
Tunguska0b folds
P1xel7 folds
fis raises 600 to 1000
Toripilus calls 800
DCL021 calls 600
*** FLOP *** [Qh Ks 6c]
Toripilus checks
DCL021 checks
fis checks
*** TURN *** [Qh Ks 6c][4d]
Toripilus checks
DCL021 bets 825
fis calls 825
Toripilus folds
*** RIVER *** [Qh Ks 6c 4d][8c]
DCL021 bets 1238
fis folds
DCL021 collected 6188 from pot
*** SUMMARY ***
Total pot 6188 | No rake
Board: [Qh Ks 6c 4d 8c]
Seat 4: DCL021 (big blind) won 6188


Winamax Poker - Tournament "MYSTERY KO" buyIn: 0.90€ + 0.10€ level: 5 - HandId: #3051052004374741014-51-1700238228 - Holdem no limit (50/200/400) - 2023/11/17 16:23:48 UTC
Table: 'MYSTERY KO(710378402)#0021' 6-max (real money) Seat #3 is the button
Seat 1: P1xel7 (19441)
Seat 2: fis (30191)
Seat 3: Toripilus (51927)
Seat 4: DCL021 (21966)
Seat 5: babar-14 (24884)
Seat 6: Tunguska0b (20158)
*** ANTE/BLINDS ***
DCL021 posts ante 50
babar-14 posts ante 50
P1xel7 posts ante 50
fis posts ante 50
Toripilus posts ante 50
Tunguska0b posts ante 50
DCL021 posts small blind 200
babar-14 posts big blind 400
Dealt to P1xel7 [9d 6c]
*** PRE-FLOP *** 
Tunguska0b folds
P1xel7 folds
fis folds
Toripilus raises 600 to 1000
DCL021 raises 1500 to 2500
babar-14 folds
Toripilus folds
DCL021 collected 4200 from pot
*** SUMMARY ***
Total pot 4200 | No rake
Seat 4: DCL021 (small blind) won 4200


Winamax Poker - Tournament "MYSTERY KO" buyIn: 0.90€ + 0.10€ level: 6 - HandId: #3051052004374741014-52-1700238313 - Holdem no limit (60/250/500) - 2023/11/17 16:25:13 UTC
Table: 'MYSTERY KO(710378402)#0021' 6-max (real money) Seat #4 is the button
Seat 1: P1xel7 (19391)
Seat 2: fis (30141)
Seat 3: Toripilus (50877)
Seat 4: DCL021 (23616)
Seat 5: babar-14 (24434)
Seat 6: Tunguska0b (20108)
*** ANTE/BLINDS ***
babar-14 posts ante 60
Tunguska0b posts ante 60
P1xel7 posts ante 60
fis posts ante 60
Toripilus posts ante 60
DCL021 posts ante 60
babar-14 posts small blind 250
Tunguska0b posts big blind 500
Dealt to P1xel7 [9c 4c]
*** PRE-FLOP *** 
P1xel7 folds
fis folds
Toripilus folds
DCL021 raises 750 to 1250
babar-14 folds
Tunguska0b raises 2500 to 3750
DCL021 folds
Tunguska0b collected 5610 from pot
*** SUMMARY ***
Total pot 5610 | No rake
Seat 6: Tunguska0b (big blind) won 5610


Winamax Poker - Tournament "MYSTERY KO" buyIn: 0.90€ + 0.10€ level: 6 - HandId: #3051052004374741014-53-1700238363 - Holdem no limit (60/250/500) - 2023/11/17 16:26:03 UTC
Table: 'MYSTERY KO(710378402)#0021' 6-max (real money) Seat #5 is the button
Seat 1: P1xel7 (19331)
Seat 2: fis (30081)
Seat 3: Toripilus (50817)
Seat 4: DCL021 (22306)
Seat 5: babar-14 (24124)
Seat 6: Tunguska0b (21908)
*** ANTE/BLINDS ***
Tunguska0b posts ante 60
P1xel7 posts ante 60
fis posts ante 60
Toripilus posts ante 60
DCL021 posts ante 60
babar-14 posts ante 60
Tunguska0b posts small blind 250
P1xel7 posts big blind 500
Dealt to P1xel7 [4c 3c]
*** PRE-FLOP *** 
fis folds
Toripilus folds
DCL021 folds
babar-14 calls 500
Tunguska0b folds
P1xel7 checks
*** FLOP *** [6c Jd 5s]
P1xel7 bets 1047
babar-14 calls 1047
*** TURN *** [6c Jd 5s][6s]
P1xel7 bets 1296
babar-14 calls 1296
*** RIVER *** [6c Jd 5s 6s][4s]
P1xel7 bets 2204
babar-14 raises 10704 to 12908
P1xel7 folds
babar-14 collected 21408 from pot
*** SUMMARY ***
Total pot 21408 | No rake
Board: [6c Jd 5s 6s 4s]
Seat 5: babar-14 (button) won 21408


Winamax Poker - Tournament "MYSTERY KO" buyIn: 0.90€ + 0.10€ level: 6 - HandId: #3051052004374741014-54-1700238459 - Holdem no limit (60/250/500) - 2023/11/17 16:27:39 UTC
Table: 'MYSTERY KO(710378402)#0021' 6-max (real money) Seat #6 is the button
Seat 1: P1xel7 (14224)
Seat 2: fis (30021)
Seat 3: Toripilus (50757)
Seat 4: DCL021 (22246)
Seat 5: babar-14 (29721)
Seat 6: Tunguska0b (21598)
*** ANTE/BLINDS ***
P1xel7 posts ante 60
fis posts ante 60
Toripilus posts ante 60
DCL021 posts ante 60
babar-14 posts ante 60
Tunguska0b posts ante 60
P1xel7 posts small blind 250
fis posts big blind 500
Dealt to P1xel7 [Qh 6h]
*** PRE-FLOP *** 
Toripilus raises 750 to 1250
DCL021 raises 1563 to 2813
babar-14 folds
Tunguska0b folds
P1xel7 folds
fis folds
Toripilus calls 1563
*** FLOP *** [2s 4d 7c]
Toripilus checks
DCL021 bets 1684
Toripilus calls 1684
*** TURN *** [2s 4d 7c][Tc]
Toripilus checks
DCL021 checks
*** RIVER *** [2s 4d 7c Tc][Ks]
Toripilus bets 2526
DCL021 calls 2526
*** SHOW DOWN ***
Toripilus shows [9h Kh] (One pair : Kings)
DCL021 shows [Kd Ah] (One pair : Kings)
DCL021 collected 15156 from pot
*** SUMMARY ***
Total pot 15156 | No rake
Board: [2s 4d 7c Tc Ks]
Seat 3: Toripilus showed [9h Kh] and lost with One pair : Kings
Seat 4: DCL021 showed [Kd Ah] and won 15156 with One pair : Kings


Winamax Poker - Tournament "MYSTERY KO" buyIn: 0.90€ + 0.10€ level: 6 - HandId: #3051052004374741014-55-1700238503 - Holdem no limit (60/250/500) - 2023/11/17 16:28:23 UTC
Table: 'MYSTERY KO(710378402)#0021' 6-max (real money) Seat #1 is the button
Seat 1: P1xel7 (13914)
Seat 2: fis (29461)
Seat 3: Toripilus (43674)
Seat 4: DCL021 (30319)
Seat 5: babar-14 (29661)
Seat 6: Tunguska0b (21538)
*** ANTE/BLINDS ***
fis posts ante 60
Toripilus posts ante 60
P1xel7 posts ante 60
DCL021 posts ante 60
babar-14 posts ante 60
Tunguska0b posts ante 60
fis posts small blind 250
Toripilus posts big blind 500
Dealt to P1xel7 [3h 7s]
*** PRE-FLOP *** 
DCL021 raises 750 to 1250
babar-14 folds
Tunguska0b folds
P1xel7 folds
fis folds
Toripilus folds
DCL021 collected 2360 from pot
*** SUMMARY ***
Total pot 2360 | No rake
Seat 4: DCL021 won 2360


Winamax Poker - Tournament "MYSTERY KO" buyIn: 0.90€ + 0.10€ level: 6 - HandId: #3051052004374741014-56-1700238528 - Holdem no limit (60/250/500) - 2023/11/17 16:28:48 UTC
Table: 'MYSTERY KO(710378402)#0021' 6-max (real money) Seat #2 is the button
Seat 1: P1xel7 (13854)
Seat 2: fis (29151)
Seat 3: Toripilus (43114)
Seat 4: DCL021 (31369)
Seat 5: babar-14 (29601)
Seat 6: Tunguska0b (21478)
*** ANTE/BLINDS ***
Toripilus posts ante 60
DCL021 posts ante 60
P1xel7 posts ante 60
fis posts ante 60
babar-14 posts ante 60
Tunguska0b posts ante 60
Toripilus posts small blind 250
DCL021 posts big blind 500
Dealt to P1xel7 [Kc 4s]
*** PRE-FLOP *** 
babar-14 folds
Tunguska0b folds
P1xel7 folds
fis raises 750 to 1250
Toripilus calls 1000
DCL021 calls 750
*** FLOP *** [4h 4c 2s]
Toripilus checks
DCL021 checks
fis checks
*** TURN *** [4h 4c 2s][9h]
Toripilus checks
DCL021 checks
fis bets 1439
Toripilus calls 1439
DCL021 folds
*** RIVER *** [4h 4c 2s 9h][Ac]
Toripilus checks
fis checks
*** SHOW DOWN ***
Toripilus shows [Qh Kd] (One pair : 4)
fis shows [9c 5h] (Two pairs : 9 and 4)
fis collected 6988 from pot
*** SUMMARY ***
Total pot 6988 | No rake
Board: [4h 4c 2s 9h Ac]
Seat 2: fis (button) showed [9c 5h] and won 6988 with Two pairs : 9 and 4
Seat 3: Toripilus (small blind) showed [Qh Kd] and lost with One pair : 4


Winamax Poker - Tournament "MYSTERY KO" buyIn: 0.90€ + 0.10€ level: 6 - HandId: #3051052004374741014-57-1700238600 - Holdem no limit (60/250/500) - 2023/11/17 16:30:00 UTC
Table: 'MYSTERY KO(710378402)#0021' 6-max (real money) Seat #3 is the button
Seat 1: P1xel7 (13794)
Seat 2: fis (33390)
Seat 3: Toripilus (40365)
Seat 4: DCL021 (30059)
Seat 5: babar-14 (29541)
Seat 6: Tunguska0b (21418)
*** ANTE/BLINDS ***
DCL021 posts ante 60
babar-14 posts ante 60
P1xel7 posts ante 60
fis posts ante 60
Toripilus posts ante 60
Tunguska0b posts ante 60
DCL021 posts small blind 250
babar-14 posts big blind 500
Dealt to P1xel7 [7h 3s]
*** PRE-FLOP *** 
Tunguska0b folds
P1xel7 folds
fis folds
Toripilus raises 750 to 1250
DCL021 folds
babar-14 calls 750
*** FLOP *** [4s Jc 9d]
babar-14 checks
Toripilus bets 500
babar-14 folds
Toripilus collected 3610 from pot
*** SUMMARY ***
Total pot 3610 | No rake
Board: [4s Jc 9d]
Seat 3: Toripilus (button) won 3610


Winamax Poker - Tournament "MYSTERY KO" buyIn: 0.90€ + 0.10€ level: 6 - HandId: #3051052004374741014-58-1700238641 - Holdem no limit (60/250/500) - 2023/11/17 16:30:41 UTC
Table: 'MYSTERY KO(710378402)#0021' 6-max (real money) Seat #4 is the button
Seat 1: P1xel7 (13734)
Seat 2: fis (33330)
Seat 3: Toripilus (42165)
Seat 4: DCL021 (29749)
Seat 5: babar-14 (28231)
Seat 6: Tunguska0b (21358)
*** ANTE/BLINDS ***
babar-14 posts ante 60
Tunguska0b posts ante 60
P1xel7 posts ante 60
fis posts ante 60
Toripilus posts ante 60
DCL021 posts ante 60
babar-14 posts small blind 250
Tunguska0b posts big blind 500
Dealt to P1xel7 [2c Ac]
*** PRE-FLOP *** 
P1xel7 folds
fis folds
Toripilus folds
DCL021 folds
babar-14 folds
Tunguska0b collected 1110 from pot
*** SUMMARY ***
Total pot 1110 | No rake
Seat 6: Tunguska0b (big blind) won 1110


Winamax Poker - Tournament "MYSTERY KO" buyIn: 0.90€ + 0.10€ level: 7 - HandId: #3051052004374741014-59-1700238668 - Holdem no limit (70/300/600) - 2023/11/17 16:31:08 UTC
Table: 'MYSTERY KO(710378402)#0021' 6-max (real money) Seat #5 is the button
Seat 1: P1xel7 (13674)
Seat 2: fis (33270)
Seat 3: Toripilus (42105)
Seat 4: DCL021 (29689)
Seat 5: babar-14 (27921)
Seat 6: Tunguska0b (21908)
*** ANTE/BLINDS ***
Tunguska0b posts ante 70
P1xel7 posts ante 70
fis posts ante 70
Toripilus posts ante 70
DCL021 posts ante 70
babar-14 posts ante 70
Tunguska0b posts small blind 300
P1xel7 posts big blind 600
Dealt to P1xel7 [As Ah]
*** PRE-FLOP *** 
fis folds
Toripilus folds
DCL021 folds
babar-14 calls 600
Tunguska0b calls 300
P1xel7 raises 2400 to 3000
babar-14 folds
Tunguska0b calls 2400
*** FLOP *** [4c 7h 2s]
Tunguska0b checks
P1xel7 checks
*** TURN *** [4c 7h 2s][3h]
Tunguska0b bets 2400
P1xel7 calls 2400
*** RIVER *** [4c 7h 2s 3h][Qs]
Tunguska0b checks
P1xel7 bets 2955
Tunguska0b folds
P1xel7 collected 14775 from pot
*** SUMMARY ***
Total pot 14775 | No rake
Board: [4c 7h 2s 3h Qs]
Seat 1: P1xel7 (big blind) won 14775


Winamax Poker - Tournament "MYSTERY KO" buyIn: 0.90€ + 0.10€ level: 7 - HandId: #3051052004374741014-60-1700238741 - Holdem no limit (70/300/600) - 2023/11/17 16:32:21 UTC
Table: 'MYSTERY KO(710378402)#0021' 6-max (real money) Seat #6 is the button
Seat 1: P1xel7 (20024)
Seat 2: fis (33200)
Seat 3: Toripilus (42035)
Seat 4: DCL021 (29619)
Seat 5: babar-14 (27251)
Seat 6: Tunguska0b (16438)
*** ANTE/BLINDS ***
P1xel7 posts ante 70
fis posts ante 70
Toripilus posts ante 70
DCL021 posts ante 70
babar-14 posts ante 70
Tunguska0b posts ante 70
P1xel7 posts small blind 300
fis posts big blind 600
Dealt to P1xel7 [Ad Ks]
*** PRE-FLOP *** 
Toripilus raises 900 to 1500
DCL021 folds
babar-14 folds
Tunguska0b folds
P1xel7 raises 4500 to 6000
fis folds
Toripilus folds
P1xel7 collected 8520 from pot
*** SUMMARY ***
Total pot 8520 | No rake
Seat 1: P1xel7 (small blind) won 8520


Winamax Poker - Tournament "MYSTERY KO" buyIn: 0.90€ + 0.10€ level: 7 - HandId: #3051052004374741014-61-1700238787 - Holdem no limit (70/300/600) - 2023/11/17 16:33:07 UTC
Table: 'MYSTERY KO(710378402)#0021' 6-max (real money) Seat #1 is the button
Seat 1: P1xel7 (22474)
Seat 2: fis (32530)
Seat 3: Toripilus (40465)
Seat 4: DCL021 (29549)
Seat 5: babar-14 (27181)
Seat 6: Tunguska0b (16368)
*** ANTE/BLINDS ***
fis posts ante 70
Toripilus posts ante 70
P1xel7 posts ante 70
DCL021 posts ante 70
babar-14 posts ante 70
Tunguska0b posts ante 70
fis posts small blind 300
Toripilus posts big blind 600
Dealt to P1xel7 [Ad 3d]
*** PRE-FLOP *** 
DCL021 folds
babar-14 calls 600
Tunguska0b folds
P1xel7 folds
fis calls 300
Toripilus checks
*** FLOP *** [2h Ts Qd]
fis checks
Toripilus checks
babar-14 checks
*** TURN *** [2h Ts Qd][2c]
fis checks
Toripilus bets 1110
babar-14 calls 1110
fis calls 1110
*** RIVER *** [2h Ts Qd 2c][3h]
fis checks
Toripilus checks
babar-14 bets 5550
fis folds
Toripilus folds
babar-14 collected 11100 from pot
*** SUMMARY ***
Total pot 11100 | No rake
Board: [2h Ts Qd 2c 3h]
Seat 5: babar-14 won 11100


Winamax Poker - Tournament "MYSTERY KO" buyIn: 0.90€ + 0.10€ level: 7 - HandId: #3051052004374741014-62-1700238922 - Holdem no limit (70/300/600) - 2023/11/17 16:35:22 UTC
Table: 'MYSTERY KO(710378402)#0021' 6-max (real money) Seat #2 is the button
Seat 1: P1xel7 (22404)
Seat 2: fis (30750)
Seat 3: Toripilus (38685)
Seat 4: DCL021 (29479)
Seat 5: babar-14 (30951)
Seat 6: Tunguska0b (16298)
*** ANTE/BLINDS ***
Toripilus posts ante 70
DCL021 posts ante 70
P1xel7 posts ante 70
fis posts ante 70
babar-14 posts ante 70
Tunguska0b posts ante 70
Toripilus posts small blind 300
DCL021 posts big blind 600
Dealt to P1xel7 [4d Qc]
*** PRE-FLOP *** 
babar-14 calls 600
Tunguska0b folds
P1xel7 folds
fis folds
Toripilus raises 1200 to 1800
DCL021 folds
babar-14 calls 1200
*** FLOP *** [2h 8d Ah]
Toripilus bets 1617
babar-14 folds
Toripilus collected 6237 from pot
*** SUMMARY ***
Total pot 6237 | No rake
Board: [2h 8d Ah]
Seat 3: Toripilus (small blind) won 6237


Winamax Poker - Tournament "MYSTERY KO" buyIn: 0.90€ + 0.10€ level: 7 - HandId: #3051052004374741014-63-1700238970 - Holdem no limit (70/300/600) - 2023/11/17 16:36:10 UTC
Table: 'MYSTERY KO(710378402)#0021' 6-max (real money) Seat #3 is the button
Seat 1: P1xel7 (22334)
Seat 2: fis (30680)
Seat 3: Toripilus (41435)
Seat 4: DCL021 (28809)
Seat 5: babar-14 (29081)
Seat 6: Tunguska0b (16228)
*** ANTE/BLINDS ***
DCL021 posts ante 70
babar-14 posts ante 70
P1xel7 posts ante 70
fis posts ante 70
Toripilus posts ante 70
Tunguska0b posts ante 70
DCL021 posts small blind 300
babar-14 posts big blind 600
Dealt to P1xel7 [Jh 5c]
*** PRE-FLOP *** 
Tunguska0b folds
P1xel7 folds
fis raises 900 to 1500
Toripilus calls 1500
DCL021 calls 1200
babar-14 folds
*** FLOP *** [8c Js 3d]
DCL021 checks
fis bets 1932
Toripilus calls 1932
DCL021 folds
*** TURN *** [8c Js 3d][4c]
fis checks
Toripilus bets 4692
fis folds
Toripilus collected 14076 from pot
*** SUMMARY ***
Total pot 14076 | No rake
Board: [8c Js 3d 4c]
Seat 3: Toripilus (button) won 14076


Winamax Poker - Tournament "MYSTERY KO" buyIn: 0.90€ + 0.10€ level: 7 - HandId: #3051052004374741014-64-1700239051 - Holdem no limit (70/300/600) - 2023/11/17 16:37:31 UTC
Table: 'MYSTERY KO(710378402)#0021' 6-max (real money) Seat #4 is the button
Seat 1: P1xel7 (22264)
Seat 2: fis (27178)
Seat 3: Toripilus (47317)
Seat 4: DCL021 (27239)
Seat 5: babar-14 (28411)
Seat 6: Tunguska0b (16158)
*** ANTE/BLINDS ***
babar-14 posts ante 70
Tunguska0b posts ante 70
P1xel7 posts ante 70
fis posts ante 70
Toripilus posts ante 70
DCL021 posts ante 70
babar-14 posts small blind 300
Tunguska0b posts big blind 600
Dealt to P1xel7 [Tc 2c]
*** PRE-FLOP *** 
P1xel7 folds
fis folds
Toripilus folds
DCL021 raises 900 to 1500
babar-14 folds
Tunguska0b folds
DCL021 collected 2820 from pot
*** SUMMARY ***
Total pot 2820 | No rake
Seat 4: DCL021 (button) won 2820


Winamax Poker - Tournament "MYSTERY KO" buyIn: 0.90€ + 0.10€ level: 8 - HandId: #3051052004374741014-65-1700239102 - Holdem no limit (80/350/700) - 2023/11/17 16:38:22 UTC
Table: 'MYSTERY KO(710378402)#0021' 6-max (real money) Seat #5 is the button
Seat 1: P1xel7 (22194)
Seat 2: fis (27108)
Seat 3: Toripilus (47247)
Seat 4: DCL021 (28489)
Seat 5: babar-14 (28041)
Seat 6: Tunguska0b (15488)
*** ANTE/BLINDS ***
Tunguska0b posts ante 80
P1xel7 posts ante 80
fis posts ante 80
Toripilus posts ante 80
DCL021 posts ante 80
babar-14 posts ante 80
Tunguska0b posts small blind 350
P1xel7 posts big blind 700
Dealt to P1xel7 [9d Qc]
*** PRE-FLOP *** 
fis raises 1050 to 1750
Toripilus raises 3500 to 5250
DCL021 folds
babar-14 folds
Tunguska0b folds
P1xel7 folds
fis folds
Toripilus collected 8530 from pot
*** SUMMARY ***
Total pot 8530 | No rake
Seat 3: Toripilus won 8530


Winamax Poker - Tournament "MYSTERY KO" buyIn: 0.90€ + 0.10€ level: 8 - HandId: #3051052004374741014-66-1700239141 - Holdem no limit (80/350/700) - 2023/11/17 16:39:01 UTC
Table: 'MYSTERY KO(710378402)#0021' 6-max (real money) Seat #6 is the button
Seat 1: P1xel7 (21414)
Seat 2: fis (25278)
Seat 3: Toripilus (50447)
Seat 4: DCL021 (28409)
Seat 5: babar-14 (27961)
Seat 6: Tunguska0b (15058)
*** ANTE/BLINDS ***
P1xel7 posts ante 80
fis posts ante 80
Toripilus posts ante 80
DCL021 posts ante 80
babar-14 posts ante 80
Tunguska0b posts ante 80
P1xel7 posts small blind 350
fis posts big blind 700
Dealt to P1xel7 [7c Qd]
*** PRE-FLOP *** 
Toripilus folds
DCL021 raises 1050 to 1750
babar-14 folds
Tunguska0b folds
P1xel7 folds
fis calls 1050
*** FLOP *** [6h Qs 5c]
fis checks
DCL021 bets 1516
fis folds
DCL021 collected 5846 from pot
*** SUMMARY ***
Total pot 5846 | No rake
Board: [6h Qs 5c]
Seat 4: DCL021 won 5846


Winamax Poker - Tournament "MYSTERY KO" buyIn: 0.90€ + 0.10€ level: 8 - HandId: #3051052004374741014-67-1700239182 - Holdem no limit (80/350/700) - 2023/11/17 16:39:42 UTC
Table: 'MYSTERY KO(710378402)#0021' 6-max (real money) Seat #1 is the button
Seat 1: P1xel7 (20984)
Seat 2: fis (23448)
Seat 3: Toripilus (50367)
Seat 4: DCL021 (30909)
Seat 5: babar-14 (27881)
Seat 6: Tunguska0b (14978)
*** ANTE/BLINDS ***
fis posts ante 80
Toripilus posts ante 80
P1xel7 posts ante 80
DCL021 posts ante 80
babar-14 posts ante 80
Tunguska0b posts ante 80
fis posts small blind 350
Toripilus posts big blind 700
Dealt to P1xel7 [Ts 3h]
*** PRE-FLOP *** 
DCL021 folds
babar-14 calls 700
Tunguska0b folds
P1xel7 folds
fis calls 350
Toripilus checks
*** FLOP *** [9h 2h 5s]
fis checks
Toripilus checks
babar-14 checks
*** TURN *** [9h 2h 5s][7s]
fis checks
Toripilus checks
babar-14 checks
*** RIVER *** [9h 2h 5s 7s][As]
fis checks
Toripilus checks
babar-14 bets 2580
fis folds
Toripilus folds
babar-14 collected 5160 from pot
*** SUMMARY ***
Total pot 5160 | No rake
Board: [9h 2h 5s 7s As]
Seat 5: babar-14 won 5160


Winamax Poker - Tournament "MYSTERY KO" buyIn: 0.90€ + 0.10€ level: 8 - HandId: #3051052004374741014-68-1700239289 - Holdem no limit (80/350/700) - 2023/11/17 16:41:29 UTC
Table: 'MYSTERY KO(710378402)#0021' 6-max (real money) Seat #2 is the button
Seat 1: P1xel7 (20904)
Seat 2: fis (22668)
Seat 3: Toripilus (49587)
Seat 4: DCL021 (30829)
Seat 5: babar-14 (29681)
Seat 6: Tunguska0b (14898)
*** ANTE/BLINDS ***
Toripilus posts ante 80
DCL021 posts ante 80
P1xel7 posts ante 80
fis posts ante 80
babar-14 posts ante 80
Tunguska0b posts ante 80
Toripilus posts small blind 350
DCL021 posts big blind 700
Dealt to P1xel7 [Js 4h]
*** PRE-FLOP *** 
babar-14 folds
Tunguska0b folds
P1xel7 folds
fis raises 700 to 1400
Toripilus folds
DCL021 calls 700
*** FLOP *** [3c 5c As]
DCL021 checks
fis bets 1271
DCL021 folds
fis collected 4901 from pot
*** SUMMARY ***
Total pot 4901 | No rake
Board: [3c 5c As]
Seat 2: fis (button) won 4901


Winamax Poker - Tournament "MYSTERY KO" buyIn: 0.90€ + 0.10€ level: 8 - HandId: #3051052004374741014-69-1700239341 - Holdem no limit (80/350/700) - 2023/11/17 16:42:21 UTC
Table: 'MYSTERY KO(710378402)#0021' 6-max (real money) Seat #3 is the button
Seat 1: P1xel7 (20824)
Seat 2: fis (24818)
Seat 3: Toripilus (49157)
Seat 4: DCL021 (29349)
Seat 5: babar-14 (29601)
Seat 6: Tunguska0b (14818)
*** ANTE/BLINDS ***
DCL021 posts ante 80
babar-14 posts ante 80
P1xel7 posts ante 80
fis posts ante 80
Toripilus posts ante 80
Tunguska0b posts ante 80
DCL021 posts small blind 350
babar-14 posts big blind 700
Dealt to P1xel7 [Ts Kh]
*** PRE-FLOP *** 
Tunguska0b folds
P1xel7 folds
fis raises 700 to 1400
Toripilus folds
DCL021 calls 1050
babar-14 folds
*** FLOP *** [Th 2s Ah]
DCL021 checks
fis bets 1393
DCL021 folds
fis collected 5373 from pot
*** SUMMARY ***
Total pot 5373 | No rake
Board: [Th 2s Ah]
Seat 2: fis won 5373


Winamax Poker - Tournament "MYSTERY KO" buyIn: 0.90€ + 0.10€ level: 8 - HandId: #3051052004374741014-70-1700239419 - Holdem no limit (80/350/700) - 2023/11/17 16:43:39 UTC
Table: 'MYSTERY KO(710378402)#0021' 6-max (real money) Seat #4 is the button
Seat 1: P1xel7 (20744)
Seat 2: fis (27318)
Seat 3: Toripilus (49077)
Seat 4: DCL021 (27869)
Seat 5: babar-14 (28821)
Seat 6: Tunguska0b (14738)
*** ANTE/BLINDS ***
babar-14 posts ante 80
Tunguska0b posts ante 80
P1xel7 posts ante 80
fis posts ante 80
Toripilus posts ante 80
DCL021 posts ante 80
babar-14 posts small blind 350
Tunguska0b posts big blind 700
Dealt to P1xel7 [Qs Jc]
*** PRE-FLOP *** 
P1xel7 folds
fis folds
Toripilus folds
DCL021 raises 1050 to 1750
babar-14 folds
Tunguska0b folds
DCL021 collected 3280 from pot
*** SUMMARY ***
Total pot 3280 | No rake
Seat 4: DCL021 (button) won 3280


Winamax Poker - Tournament "MYSTERY KO" buyIn: 0.90€ + 0.10€ level: 8 - HandId: #3051052004374741014-71-1700239464 - Holdem no limit (80/350/700) - 2023/11/17 16:44:24 UTC
Table: 'MYSTERY KO(710378402)#0021' 6-max (real money) Seat #5 is the button
Seat 1: P1xel7 (20664)
Seat 2: fis (27238)
Seat 3: Toripilus (48997)
Seat 4: DCL021 (29319)
Seat 5: babar-14 (28391)
Seat 6: Tunguska0b (13958)
*** ANTE/BLINDS ***
Tunguska0b posts ante 80
P1xel7 posts ante 80
fis posts ante 80
Toripilus posts ante 80
DCL021 posts ante 80
babar-14 posts ante 80
Tunguska0b posts small blind 350
P1xel7 posts big blind 700
Dealt to P1xel7 [5d 9d]
*** PRE-FLOP *** 
fis raises 1050 to 1750
Toripilus folds
DCL021 folds
babar-14 folds
Tunguska0b folds
P1xel7 folds
fis collected 3280 from pot
*** SUMMARY ***
Total pot 3280 | No rake
Seat 2: fis won 3280


Winamax Poker - Tournament "MYSTERY KO" buyIn: 0.90€ + 0.10€ level: 8 - HandId: #3051052004374741014-72-1700239491 - Holdem no limit (80/350/700) - 2023/11/17 16:44:51 UTC
Table: 'MYSTERY KO(710378402)#0021' 6-max (real money) Seat #6 is the button
Seat 1: P1xel7 (19884)
Seat 2: fis (28688)
Seat 3: Toripilus (48917)
Seat 4: DCL021 (29239)
Seat 5: babar-14 (28311)
Seat 6: Tunguska0b (13528)
*** ANTE/BLINDS ***
P1xel7 posts ante 80
fis posts ante 80
Toripilus posts ante 80
DCL021 posts ante 80
babar-14 posts ante 80
Tunguska0b posts ante 80
P1xel7 posts small blind 350
fis posts big blind 700
Dealt to P1xel7 [7h Tc]
*** PRE-FLOP *** 
Toripilus folds
DCL021 raises 1050 to 1750
babar-14 calls 1750
Tunguska0b folds
P1xel7 folds
fis calls 1050
*** FLOP *** [Qh Ts Kh]
fis checks
DCL021 checks
babar-14 checks
*** TURN *** [Qh Ts Kh][Ah]
fis checks
DCL021 checks
babar-14 checks
*** RIVER *** [Qh Ts Kh Ah][4c]
fis checks
DCL021 checks
babar-14 bets 6080
fis folds
DCL021 calls 6080
*** SHOW DOWN ***
babar-14 shows [9h 9s] (One pair : 9)
DCL021 shows [6h Ks] (One pair : Kings)
DCL021 collected 18240 from pot
*** SUMMARY ***
Total pot 18240 | No rake
Board: [Qh Ts Kh Ah 4c]
Seat 4: DCL021 showed [6h Ks] and won 18240 with One pair : Kings
Seat 5: babar-14 showed [9h 9s] and lost with One pair : 9


Winamax Poker - Tournament "MYSTERY KO" buyIn: 0.90€ + 0.10€ level: 9 - HandId: #3051052004374741014-73-1700239548 - Holdem no limit (100/400/800) - 2023/11/17 16:45:48 UTC
Table: 'MYSTERY KO(710378402)#0021' 6-max (real money) Seat #1 is the button
Seat 1: P1xel7 (19454)
Seat 2: fis (26858)
Seat 3: Toripilus (48837)
Seat 4: DCL021 (39569)
Seat 5: babar-14 (20401)
Seat 6: Tunguska0b (13448)
*** ANTE/BLINDS ***
fis posts ante 100
Toripilus posts ante 100
P1xel7 posts ante 100
DCL021 posts ante 100
babar-14 posts ante 100
Tunguska0b posts ante 100
fis posts small blind 400
Toripilus posts big blind 800
Dealt to P1xel7 [Td Qc]
*** PRE-FLOP *** 
DCL021 raises 1200 to 2000
babar-14 folds
Tunguska0b folds
P1xel7 folds
fis folds
Toripilus folds
DCL021 collected 3800 from pot
*** SUMMARY ***
Total pot 3800 | No rake
Seat 4: DCL021 won 3800


Winamax Poker - Tournament "MYSTERY KO" buyIn: 0.90€ + 0.10€ level: 9 - HandId: #3051052004374741014-74-1700239589 - Holdem no limit (100/400/800) - 2023/11/17 16:46:29 UTC
Table: 'MYSTERY KO(710378402)#0021' 6-max (real money) Seat #2 is the button
Seat 1: P1xel7 (19354)
Seat 2: fis (26358)
Seat 3: Toripilus (47937)
Seat 4: DCL021 (41269)
Seat 5: babar-14 (20301)
Seat 6: Tunguska0b (13348)
*** ANTE/BLINDS ***
Toripilus posts ante 100
DCL021 posts ante 100
P1xel7 posts ante 100
fis posts ante 100
babar-14 posts ante 100
Tunguska0b posts ante 100
Toripilus posts small blind 400
DCL021 posts big blind 800
Dealt to P1xel7 [8s Ah]
*** PRE-FLOP *** 
babar-14 raises 800 to 1600
Tunguska0b calls 1600
P1xel7 folds
fis folds
Toripilus calls 1200
DCL021 folds
*** FLOP *** [Tc 2h Kd]
Toripilus checks
babar-14 bets 3100
Tunguska0b raises 8548 to 11648 and is all-in
Toripilus calls 11648
babar-14 calls 8548
*** TURN *** [Tc 2h Kd][Kh]
Toripilus bets 20572
babar-14 calls 6953 and is all-in
*** RIVER *** [Tc 2h Kd Kh][Js]
*** SHOW DOWN ***
Toripilus shows [Qh Jh] (Two pairs : Kings and Jacks)
babar-14 shows [Qs Ks] (Trips of Kings)
Tunguska0b shows [Kc Jd] (Full of Kings and Jacks)
Tunguska0b collected 41144 from main pot
babar-14 collected 13906 from side pot 1
Toripilus collected 13619 from side pot 2
*** SUMMARY ***
Total pot 68669 | No rake
Board: [Tc 2h Kd Kh Js]
Seat 3: Toripilus (small blind) showed [Qh Jh] and won 13619 with Two pairs : Kings and Jacks
Seat 5: babar-14 showed [Qs Ks] and won 13906 with Trips of Kings
Seat 6: Tunguska0b showed [Kc Jd] and won 41144 with Full of Kings and Jacks


Winamax Poker - Tournament "MYSTERY KO" buyIn: 0.90€ + 0.10€ level: 9 - HandId: #3051052004374741014-75-1700239664 - Holdem no limit (100/400/800) - 2023/11/17 16:47:44 UTC
Table: 'MYSTERY KO(710378402)#0021' 6-max (real money) Seat #3 is the button
Seat 1: P1xel7 (19254)
Seat 2: fis (26258)
Seat 3: Toripilus (27636)
Seat 4: DCL021 (40369)
Seat 5: babar-14 (13906)
Seat 6: Tunguska0b (41144)
*** ANTE/BLINDS ***
DCL021 posts ante 100
babar-14 posts ante 100
P1xel7 posts ante 100
fis posts ante 100
Toripilus posts ante 100
Tunguska0b posts ante 100
DCL021 posts small blind 400
babar-14 posts big blind 800
Dealt to P1xel7 [2s As]
*** PRE-FLOP *** 
Tunguska0b folds
P1xel7 folds
fis raises 800 to 1600
Toripilus folds
DCL021 calls 1200
babar-14 folds
*** FLOP *** [Qd Kd Ks]
DCL021 checks
fis checks
*** TURN *** [Qd Kd Ks][9c]
DCL021 checks
fis bets 1610
DCL021 folds
fis collected 6210 from pot
*** SUMMARY ***
Total pot 6210 | No rake
Board: [Qd Kd Ks 9c]
Seat 2: fis won 6210


Winamax Poker - Tournament "MYSTERY KO" buyIn: 0.90€ + 0.10€ level: 9 - HandId: #3051052004374741014-76-1700239732 - Holdem no limit (100/400/800) - 2023/11/17 16:48:52 UTC
Table: 'MYSTERY KO(710378402)#0021' 6-max (real money) Seat #4 is the button
Seat 1: P1xel7 (19154)
Seat 2: fis (29158)
Seat 3: Toripilus (27536)
Seat 4: DCL021 (38669)
Seat 5: babar-14 (13006)
Seat 6: Tunguska0b (41044)
*** ANTE/BLINDS ***
babar-14 posts ante 100
Tunguska0b posts ante 100
P1xel7 posts ante 100
fis posts ante 100
Toripilus posts ante 100
DCL021 posts ante 100
babar-14 posts small blind 400
Tunguska0b posts big blind 800
Dealt to P1xel7 [3c 6c]
*** PRE-FLOP *** 
P1xel7 folds
fis folds
Toripilus folds
DCL021 raises 1200 to 2000
babar-14 folds
Tunguska0b folds
DCL021 collected 3800 from pot
*** SUMMARY ***
Total pot 3800 | No rake
Seat 4: DCL021 (button) won 3800


Winamax Poker - Tournament "MYSTERY KO" buyIn: 0.90€ + 0.10€ level: 9 - HandId: #3051052004374741014-77-1700239758 - Holdem no limit (100/400/800) - 2023/11/17 16:49:18 UTC
Table: 'MYSTERY KO(710378402)#0021' 6-max (real money) Seat #5 is the button
Seat 1: P1xel7 (19054)
Seat 2: fis (29058)
Seat 3: Toripilus (27436)
Seat 4: DCL021 (40369)
Seat 5: babar-14 (12506)
Seat 6: Tunguska0b (40144)
*** ANTE/BLINDS ***
Tunguska0b posts ante 100
P1xel7 posts ante 100
fis posts ante 100
Toripilus posts ante 100
DCL021 posts ante 100
babar-14 posts ante 100
Tunguska0b posts small blind 400
P1xel7 posts big blind 800
Dealt to P1xel7 [Kc Tc]
*** PRE-FLOP *** 
fis folds
Toripilus folds
DCL021 folds
babar-14 calls 800
Tunguska0b calls 400
P1xel7 checks
*** FLOP *** [As Kd 2s]
Tunguska0b checks
P1xel7 checks
babar-14 checks
*** TURN *** [As Kd 2s][9s]
Tunguska0b checks
P1xel7 bets 1500
babar-14 raises 6000 to 7500
Tunguska0b folds
P1xel7 raises 6000 to 13500
babar-14 calls 4106 and is all-in
*** RIVER *** [As Kd 2s 9s][Ac]
*** SHOW DOWN ***
P1xel7 shows [Kc Tc] (Two pairs : Aces and Kings)
babar-14 shows [Ts 6s] (Flush Ace high)
babar-14 collected 26212 from main pot
P1xel7 collected 1894 from side pot 1
*** SUMMARY ***
Total pot 28106 | No rake
Board: [As Kd 2s 9s Ac]
Seat 1: P1xel7 (big blind) showed [Kc Tc] and won 1894 with Two pairs : Aces and Kings
Seat 5: babar-14 (button) showed [Ts 6s] and won 26212 with Flush Ace high


Winamax Poker - Tournament "MYSTERY KO" buyIn: 0.90€ + 0.10€ level: 9 - HandId: #3051052004374741014-78-1700239835 - Holdem no limit (100/400/800) - 2023/11/17 16:50:35 UTC
Table: 'MYSTERY KO(710378402)#0021' 6-max (real money) Seat #6 is the button
Seat 1: P1xel7 (6548)
Seat 2: fis (28958)
Seat 3: Toripilus (27336)
Seat 4: DCL021 (40269)
Seat 5: babar-14 (26212)
Seat 6: Tunguska0b (39244)
*** ANTE/BLINDS ***
P1xel7 posts ante 100
fis posts ante 100
Toripilus posts ante 100
DCL021 posts ante 100
babar-14 posts ante 100
Tunguska0b posts ante 100
P1xel7 posts small blind 400
fis posts big blind 800
Dealt to P1xel7 [Ts Kd]
*** PRE-FLOP *** 
Toripilus folds
DCL021 raises 1600 to 2400
babar-14 folds
Tunguska0b calls 2400
P1xel7 folds
fis calls 1600
*** FLOP *** [3d 4c 2d]
fis checks
DCL021 checks
Tunguska0b checks
*** TURN *** [3d 4c 2d][8d]
fis checks
DCL021 bets 2870
Tunguska0b calls 2870
fis folds
*** RIVER *** [3d 4c 2d 8d][Qs]
DCL021 checks
Tunguska0b checks
*** SHOW DOWN ***
Tunguska0b shows [7s 7c] (One pair : 7)
DCL021 shows [5s Ah] (Straight 5 high)
DCL021 collected 13940 from pot
*** SUMMARY ***
Total pot 13940 | No rake
Board: [3d 4c 2d 8d Qs]
Seat 4: DCL021 showed [5s Ah] and won 13940 with Straight 5 high
Seat 6: Tunguska0b (button) showed [7s 7c] and lost with One pair : 7


Winamax Poker - Tournament "MYSTERY KO" buyIn: 0.90€ + 0.10€ level: 9 - HandId: #3051052004374741014-79-1700239910 - Holdem no limit (100/400/800) - 2023/11/17 16:51:50 UTC
Table: 'MYSTERY KO(710378402)#0021' 6-max (real money) Seat #1 is the button
Seat 1: P1xel7 (6048)
Seat 2: fis (26458)
Seat 3: Toripilus (27236)
Seat 4: DCL021 (48839)
Seat 5: babar-14 (26112)
Seat 6: Tunguska0b (33874)
*** ANTE/BLINDS ***
fis posts ante 100
Toripilus posts ante 100
P1xel7 posts ante 100
DCL021 posts ante 100
babar-14 posts ante 100
Tunguska0b posts ante 100
fis posts small blind 400
Toripilus posts big blind 800
Dealt to P1xel7 [4c 6h]
*** PRE-FLOP *** 
DCL021 raises 1200 to 2000
babar-14 folds
Tunguska0b folds
P1xel7 folds
fis folds
Toripilus folds
DCL021 collected 3800 from pot
*** SUMMARY ***
Total pot 3800 | No rake
Seat 4: DCL021 won 3800


Winamax Poker - Tournament "MYSTERY KO" buyIn: 0.90€ + 0.10€ level: 10 - HandId: #3051052004374741014-80-1700239937 - Holdem no limit (120/500/1000) - 2023/11/17 16:52:17 UTC
Table: 'MYSTERY KO(710378402)#0021' 6-max (real money) Seat #2 is the button
Seat 1: P1xel7 (5948)
Seat 2: fis (25958)
Seat 3: Toripilus (26336)
Seat 4: DCL021 (50539)
Seat 5: babar-14 (26012)
Seat 6: Tunguska0b (33774)
*** ANTE/BLINDS ***
Toripilus posts ante 120
DCL021 posts ante 120
P1xel7 posts ante 120
fis posts ante 120
babar-14 posts ante 120
Tunguska0b posts ante 120
Toripilus posts small blind 500
DCL021 posts big blind 1000
Dealt to P1xel7 [6c 2d]
*** PRE-FLOP *** 
babar-14 calls 1000
Tunguska0b folds
P1xel7 folds
fis folds
Toripilus calls 500
DCL021 checks
*** FLOP *** [9c 9d Th]
Toripilus checks
DCL021 checks
babar-14 checks
*** TURN *** [9c 9d Th][Ts]
Toripilus checks
DCL021 bets 1302
babar-14 folds
Toripilus calls 1302
*** RIVER *** [9c 9d Th Ts][Kh]
Toripilus checks
DCL021 bets 2213
Toripilus calls 2213
*** SHOW DOWN ***
Toripilus shows [Jd 9s] (Full of 9 and Tens)
DCL021 shows [8h 9h] (Full of 9 and Tens)
DCL021 collected 5375 from pot
Toripilus collected 5375 from pot
*** SUMMARY ***
Total pot 10750 | No rake
Board: [9c 9d Th Ts Kh]
Seat 3: Toripilus (small blind) showed [Jd 9s] and won 5375 with Full of 9 and Tens
Seat 4: DCL021 (big blind) showed [8h 9h] and won 5375 with Full of 9 and Tens


Winamax Poker - Tournament "MYSTERY KO" buyIn: 0.90€ + 0.10€ level: 10 - HandId: #3051052004374741014-81-1700240046 - Holdem no limit (120/500/1000) - 2023/11/17 16:54:06 UTC
Table: 'MYSTERY KO(710378402)#0021' 6-max (real money) Seat #3 is the button
Seat 1: P1xel7 (5828)
Seat 2: fis (25838)
Seat 3: Toripilus (27076)
Seat 4: DCL021 (51279)
Seat 5: babar-14 (24892)
Seat 6: Tunguska0b (33654)
*** ANTE/BLINDS ***
DCL021 posts ante 120
babar-14 posts ante 120
P1xel7 posts ante 120
fis posts ante 120
Toripilus posts ante 120
Tunguska0b posts ante 120
DCL021 posts small blind 500
babar-14 posts big blind 1000
Dealt to P1xel7 [2c 5d]
*** PRE-FLOP *** 
Tunguska0b folds
P1xel7 folds
fis folds
Toripilus raises 1500 to 2500
DCL021 calls 2000
babar-14 folds
*** FLOP *** [6s Kc Js]
DCL021 checks
Toripilus checks
*** TURN *** [6s Kc Js][Th]
DCL021 checks
Toripilus bets 3360
DCL021 folds
Toripilus collected 10080 from pot
*** SUMMARY ***
Total pot 10080 | No rake
Board: [6s Kc Js Th]
Seat 3: Toripilus (button) won 10080


Winamax Poker - Tournament "MYSTERY KO" buyIn: 0.90€ + 0.10€ level: 10 - HandId: #3051052004374741014-82-1700240089 - Holdem no limit (120/500/1000) - 2023/11/17 16:54:49 UTC
Table: 'MYSTERY KO(710378402)#0021' 6-max (real money) Seat #4 is the button
Seat 1: P1xel7 (5708)
Seat 2: fis (25718)
Seat 3: Toripilus (31176)
Seat 4: DCL021 (48659)
Seat 5: babar-14 (23772)
Seat 6: Tunguska0b (33534)
*** ANTE/BLINDS ***
babar-14 posts ante 120
Tunguska0b posts ante 120
P1xel7 posts ante 120
fis posts ante 120
Toripilus posts ante 120
DCL021 posts ante 120
babar-14 posts small blind 500
Tunguska0b posts big blind 1000
Dealt to P1xel7 [2c Kc]
*** PRE-FLOP *** 
P1xel7 folds
fis folds
Toripilus folds
DCL021 raises 1500 to 2500
babar-14 folds
Tunguska0b folds
DCL021 collected 4720 from pot
*** SUMMARY ***
Total pot 4720 | No rake
Seat 4: DCL021 (button) won 4720


Winamax Poker - Tournament "MYSTERY KO" buyIn: 0.90€ + 0.10€ level: 10 - HandId: #3051052004374741014-83-1700240460 - Holdem no limit (120/500/1000) - 2023/11/17 17:01:00 UTC
Table: 'MYSTERY KO(710378402)#0021' 6-max (real money) Seat #5 is the button
Seat 1: P1xel7 (5588)
Seat 2: fis (25598)
Seat 3: Toripilus (31056)
Seat 4: DCL021 (50759)
Seat 5: babar-14 (23152)
Seat 6: Tunguska0b (32414)
*** ANTE/BLINDS ***
Tunguska0b posts ante 120
P1xel7 posts ante 120
fis posts ante 120
Toripilus posts ante 120
DCL021 posts ante 120
babar-14 posts ante 120
Tunguska0b posts small blind 500
P1xel7 posts big blind 1000
Dealt to P1xel7 [8h 8s]
*** PRE-FLOP *** 
fis folds
Toripilus folds
DCL021 folds
babar-14 calls 1000
Tunguska0b folds
P1xel7 raises 4468 to 5468 and is all-in
babar-14 folds
P1xel7 collected 7688 from pot
*** SUMMARY ***
Total pot 7688 | No rake
Seat 1: P1xel7 (big blind) won 7688


Winamax Poker - Tournament "MYSTERY KO" buyIn: 0.90€ + 0.10€ level: 10 - HandId: #3051052004374741014-84-1700240527 - Holdem no limit (120/500/1000) - 2023/11/17 17:02:07 UTC
Table: 'MYSTERY KO(710378402)#0021' 6-max (real money) Seat #6 is the button
Seat 1: P1xel7 (7688)
Seat 2: fis (25478)
Seat 3: Toripilus (30936)
Seat 4: DCL021 (50639)
Seat 5: babar-14 (22032)
Seat 6: Tunguska0b (31794)
*** ANTE/BLINDS ***
P1xel7 posts ante 120
fis posts ante 120
Toripilus posts ante 120
DCL021 posts ante 120
babar-14 posts ante 120
Tunguska0b posts ante 120
P1xel7 posts small blind 500
fis posts big blind 1000
Dealt to P1xel7 [8h Kc]
*** PRE-FLOP *** 
Toripilus folds
DCL021 folds
babar-14 folds
Tunguska0b folds
P1xel7 raises 6568 to 7568 and is all-in
fis folds
P1xel7 collected 9288 from pot
*** SUMMARY ***
Total pot 9288 | No rake
Seat 1: P1xel7 (small blind) won 9288


Winamax Poker - Tournament "MYSTERY KO" buyIn: 0.90€ + 0.10€ level: 10 - HandId: #3051052004374741014-85-1700240542 - Holdem no limit (120/500/1000) - 2023/11/17 17:02:22 UTC
Table: 'MYSTERY KO(710378402)#0021' 6-max (real money) Seat #1 is the button
Seat 1: P1xel7 (9288)
Seat 2: fis (24358)
Seat 3: Toripilus (30816)
Seat 4: DCL021 (50519)
Seat 5: babar-14 (21912)
Seat 6: Tunguska0b (31674)
*** ANTE/BLINDS ***
fis posts ante 120
Toripilus posts ante 120
P1xel7 posts ante 120
DCL021 posts ante 120
babar-14 posts ante 120
Tunguska0b posts ante 120
fis posts small blind 500
Toripilus posts big blind 1000
Dealt to P1xel7 [9s 6s]
*** PRE-FLOP *** 
DCL021 folds
babar-14 calls 1000
Tunguska0b folds
P1xel7 folds
fis raises 2000 to 3000
Toripilus folds
babar-14 calls 2000
*** FLOP *** [Th 3c Jh]
fis bets 2702
babar-14 folds
fis collected 10422 from pot
*** SUMMARY ***
Total pot 10422 | No rake
Board: [Th 3c Jh]
Seat 2: fis (small blind) won 10422


Winamax Poker - Tournament "MYSTERY KO" buyIn: 0.90€ + 0.10€ level: 10 - HandId: #3051052004374741014-86-1700240573 - Holdem no limit (120/500/1000) - 2023/11/17 17:02:53 UTC
Table: 'MYSTERY KO(710378402)#0021' 6-max (real money) Seat #2 is the button
Seat 1: P1xel7 (9168)
Seat 2: fis (28958)
Seat 3: Toripilus (29696)
Seat 4: DCL021 (50399)
Seat 5: babar-14 (18792)
Seat 6: Tunguska0b (31554)
*** ANTE/BLINDS ***
Toripilus posts ante 120
DCL021 posts ante 120
P1xel7 posts ante 120
fis posts ante 120
babar-14 posts ante 120
Tunguska0b posts ante 120
Toripilus posts small blind 500
DCL021 posts big blind 1000
Dealt to P1xel7 [7h 2s]
*** PRE-FLOP *** 
babar-14 raises 1000 to 2000
Tunguska0b folds
P1xel7 folds
fis folds
Toripilus folds
DCL021 calls 1000
*** FLOP *** [9s 8s 4s]
DCL021 checks
babar-14 bets 5220
DCL021 folds
babar-14 collected 10440 from pot
*** SUMMARY ***
Total pot 10440 | No rake
Board: [9s 8s 4s]
Seat 5: babar-14 won 10440


Winamax Poker - Tournament "MYSTERY KO" buyIn: 0.90€ + 0.10€ level: 10 - HandId: #3051052004374741014-87-1700240614 - Holdem no limit (120/500/1000) - 2023/11/17 17:03:34 UTC
Table: 'MYSTERY KO(710378402)#0021' 6-max (real money) Seat #3 is the button
Seat 1: P1xel7 (9048)
Seat 2: fis (28838)
Seat 3: Toripilus (29076)
Seat 4: DCL021 (48279)
Seat 5: babar-14 (21892)
Seat 6: Tunguska0b (31434)
*** ANTE/BLINDS ***
DCL021 posts ante 120
babar-14 posts ante 120
P1xel7 posts ante 120
fis posts ante 120
Toripilus posts ante 120
Tunguska0b posts ante 120
DCL021 posts small blind 500
babar-14 posts big blind 1000
Dealt to P1xel7 [7d 5d]
*** PRE-FLOP *** 
Tunguska0b folds
P1xel7 folds
fis folds
Toripilus raises 1500 to 2500
DCL021 raises 3125 to 5625
babar-14 calls 4625
Toripilus calls 3125
*** FLOP *** [Ah Tc 3d]
DCL021 checks
babar-14 checks
Toripilus checks
*** TURN *** [Ah Tc 3d][Kc]
DCL021 bets 17595
babar-14 folds
Toripilus raises 5736 to 23331 and is all-in
DCL021 calls 5736
*** RIVER *** [Ah Tc 3d Kc][Kh]
*** SHOW DOWN ***
DCL021 shows [As 8c] (Two pairs : Aces and Kings)
Toripilus shows [Jd Qd] (Straight Ace high)
Toripilus collected 64257 from pot
*** SUMMARY ***
Total pot 64257 | No rake
Board: [Ah Tc 3d Kc Kh]
Seat 3: Toripilus (button) showed [Jd Qd] and won 64257 with Straight Ace high
Seat 4: DCL021 (small blind) showed [As 8c] and lost with Two pairs : Aces and Kings


Winamax Poker - Tournament "MYSTERY KO" buyIn: 0.90€ + 0.10€ level: 11 - HandId: #3051052004374741014-88-1700240734 - Holdem no limit (140/600/1200) - 2023/11/17 17:05:34 UTC
Table: 'MYSTERY KO(710378402)#0021' 6-max (real money) Seat #4 is the button
Seat 1: P1xel7 (8928)
Seat 2: fis (28718)
Seat 3: Toripilus (64257)
Seat 4: DCL021 (19203)
Seat 5: babar-14 (16147)
Seat 6: Tunguska0b (31314)
*** ANTE/BLINDS ***
babar-14 posts ante 140
Tunguska0b posts ante 140
P1xel7 posts ante 140
fis posts ante 140
Toripilus posts ante 140
DCL021 posts ante 140
babar-14 posts small blind 600
Tunguska0b posts big blind 1200
Dealt to P1xel7 [6d 8c]
*** PRE-FLOP *** 
P1xel7 folds
fis folds
Toripilus folds
DCL021 folds
babar-14 calls 600
Tunguska0b checks
*** FLOP *** [8d 6s Kd]
babar-14 checks
Tunguska0b checks
*** TURN *** [8d 6s Kd][4d]
babar-14 checks
Tunguska0b bets 1200
babar-14 calls 1200
*** RIVER *** [8d 6s Kd 4d][5c]
babar-14 bets 5640
Tunguska0b folds
babar-14 collected 11280 from pot
*** SUMMARY ***
Total pot 11280 | No rake
Board: [8d 6s Kd 4d 5c]
Seat 5: babar-14 (small blind) won 11280


Winamax Poker - Tournament "MYSTERY KO" buyIn: 0.90€ + 0.10€ level: 11 - HandId: #3051052004374741014-89-1700240769 - Holdem no limit (140/600/1200) - 2023/11/17 17:06:09 UTC
Table: 'MYSTERY KO(710378402)#0021' 6-max (real money) Seat #5 is the button
Seat 1: P1xel7 (8788)
Seat 2: fis (28578)
Seat 3: Toripilus (64117)
Seat 4: DCL021 (19063)
Seat 5: babar-14 (19247)
Seat 6: Tunguska0b (28774)
*** ANTE/BLINDS ***
Tunguska0b posts ante 140
P1xel7 posts ante 140
fis posts ante 140
Toripilus posts ante 140
DCL021 posts ante 140
babar-14 posts ante 140
Tunguska0b posts small blind 600
P1xel7 posts big blind 1200
Dealt to P1xel7 [Js 5s]
*** PRE-FLOP *** 
fis folds
Toripilus folds
DCL021 raises 2400 to 3600
babar-14 folds
Tunguska0b folds
P1xel7 folds
DCL021 collected 6240 from pot
*** SUMMARY ***
Total pot 6240 | No rake
Seat 4: DCL021 won 6240


Winamax Poker - Tournament "MYSTERY KO" buyIn: 0.90€ + 0.10€ level: 11 - HandId: #3051052004374741014-90-1700240797 - Holdem no limit (140/600/1200) - 2023/11/17 17:06:37 UTC
Table: 'MYSTERY KO(710378402)#0021' 6-max (real money) Seat #6 is the button
Seat 1: P1xel7 (7448)
Seat 2: fis (28438)
Seat 3: Toripilus (63977)
Seat 4: DCL021 (21563)
Seat 5: babar-14 (19107)
Seat 6: Tunguska0b (28034)
*** ANTE/BLINDS ***
P1xel7 posts ante 140
fis posts ante 140
Toripilus posts ante 140
DCL021 posts ante 140
babar-14 posts ante 140
Tunguska0b posts ante 140
P1xel7 posts small blind 600
fis posts big blind 1200
Dealt to P1xel7 [Qs 5d]
*** PRE-FLOP *** 
Toripilus raises 1800 to 3000
DCL021 calls 3000
babar-14 folds
Tunguska0b folds
P1xel7 folds
fis calls 1800
*** FLOP *** [Ah 2d 7s]
fis checks
Toripilus bets 3654
DCL021 folds
fis folds
Toripilus collected 14094 from pot
*** SUMMARY ***
Total pot 14094 | No rake
Board: [Ah 2d 7s]
Seat 3: Toripilus won 14094


Winamax Poker - Tournament "MYSTERY KO" buyIn: 0.90€ + 0.10€ level: 11 - HandId: #3051052004374741014-91-1700240840 - Holdem no limit (140/600/1200) - 2023/11/17 17:07:20 UTC
Table: 'MYSTERY KO(710378402)#0021' 6-max (real money) Seat #1 is the button
Seat 1: P1xel7 (6708)
Seat 2: fis (25298)
Seat 3: Toripilus (71277)
Seat 4: DCL021 (18423)
Seat 5: babar-14 (18967)
Seat 6: Tunguska0b (27894)
*** ANTE/BLINDS ***
fis posts ante 140
Toripilus posts ante 140
P1xel7 posts ante 140
DCL021 posts ante 140
babar-14 posts ante 140
Tunguska0b posts ante 140
fis posts small blind 600
Toripilus posts big blind 1200
Dealt to P1xel7 [3d Ac]
*** PRE-FLOP *** 
DCL021 folds
babar-14 folds
Tunguska0b folds
P1xel7 raises 5368 to 6568 and is all-in
fis folds
Toripilus calls 5368
*** FLOP *** [Jh 5h 8h]
*** TURN *** [Jh 5h 8h][Kc]
*** RIVER *** [Jh 5h 8h Kc][2s]
*** SHOW DOWN ***
P1xel7 shows [3d Ac] (High card : Ace)
Toripilus shows [Ad 6c] (High card : Ace)
Toripilus collected 14576 from pot
*** SUMMARY ***
Total pot 14576 | No rake
Board: [Jh 5h 8h Kc 2s]
Seat 1: P1xel7 (button) showed [3d Ac] and lost with High card : Ace
Seat 3: Toripilus (big blind) showed [Ad 6c] and won 14576 with High card : Ace


