Winamax Poker - Tournament "Starting Block WiPT" buyIn: 0€ + 0€ level: 1 - HandId: #3092528434832736257-1-1699867419 - Holdem no limit (10/20) - 2023/11/13 09:23:39 UTC
Table: 'Starting Block WiPT(720035386)#0' 6-max (real money) Seat #2 is the button
Seat 1: Szi1000 (1500)
Seat 2: AceMoney34 (1500)
Seat 3: P1xel7 (1500)
Seat 4: L1frKentAble (1500)
Seat 5: Fahkri (1500)
Seat 6: DEBSON-DEB (1500)
*** ANTE/BLINDS ***
P1xel7 posts small blind 10
L1frKentAble posts big blind 20
Dealt to P1xel7 [Ad Qc]
*** PRE-FLOP *** 
Fahkri calls 20
DEBSON-DEB calls 20
Szi1000 raises 20 to 40
AceMoney34 folds
P1xel7 raises 80 to 120
L1frKentAble folds
Fahkri calls 100
DEBSON-DEB calls 100
Szi1000 calls 80
*** FLOP *** [Ts 3s Kh]
P1xel7 checks
Fahkri bets 175
DEBSON-DEB calls 175
Szi1000 calls 175
P1xel7 calls 175
*** TURN *** [Ts 3s Kh][8c]
P1xel7 checks
Fahkri checks
DEBSON-DEB checks
Szi1000 checks
*** RIVER *** [Ts 3s Kh 8c][4d]
P1xel7 checks
Fahkri bets 420
DEBSON-DEB calls 420
Szi1000 calls 420
P1xel7 folds
*** SHOW DOWN ***
Szi1000 shows [Kd 2s] (One pair : Kings)
DEBSON-DEB shows [Jd 8s] (One pair : 8)
Fahkri shows [As Ah] (One pair : Aces)
Fahkri collected 2460 from pot
*** SUMMARY ***
Total pot 2460 | No rake
Board: [Ts 3s Kh 8c 4d]
Seat 1: Szi1000 showed [Kd 2s] and lost with One pair : Kings
Seat 5: Fahkri showed [As Ah] and won 2460 with One pair : Aces
Seat 6: DEBSON-DEB showed [Jd 8s] and lost with One pair : 8


Winamax Poker - Tournament "Starting Block WiPT" buyIn: 0€ + 0€ level: 1 - HandId: #3092528434832736257-2-1699867491 - Holdem no limit (10/20) - 2023/11/13 09:24:51 UTC
Table: 'Starting Block WiPT(720035386)#0' 6-max (real money) Seat #3 is the button
Seat 1: Szi1000 (785)
Seat 2: AceMoney34 (1500)
Seat 3: P1xel7 (1205)
Seat 4: L1frKentAble (1480)
Seat 5: Fahkri (3245)
Seat 6: DEBSON-DEB (785)
*** ANTE/BLINDS ***
L1frKentAble posts small blind 10
Fahkri posts big blind 20
Dealt to P1xel7 [5d Jc]
*** PRE-FLOP *** 
DEBSON-DEB folds
Szi1000 folds
AceMoney34 raises 20 to 40
P1xel7 folds
L1frKentAble raises 100 to 140
Fahkri calls 120
AceMoney34 calls 100
*** FLOP *** [2h 4s Js]
L1frKentAble bets 273
Fahkri folds
AceMoney34 raises 273 to 546
L1frKentAble calls 273
*** TURN *** [2h 4s Js][Qd]
L1frKentAble bets 794 and is all-in
AceMoney34 folds
L1frKentAble collected 2306 from pot
*** SUMMARY ***
Total pot 2306 | No rake
Board: [2h 4s Js Qd]
Seat 4: L1frKentAble (small blind) won 2306


Winamax Poker - Tournament "Starting Block WiPT" buyIn: 0€ + 0€ level: 2 - HandId: #3092528434832736257-3-1699867527 - Holdem no limit (15/30) - 2023/11/13 09:25:27 UTC
Table: 'Starting Block WiPT(720035386)#0' 6-max (real money) Seat #4 is the button
Seat 1: Szi1000 (785)
Seat 2: AceMoney34 (814)
Seat 3: P1xel7 (1205)
Seat 4: L1frKentAble (2306)
Seat 5: Fahkri (3105)
Seat 6: DEBSON-DEB (785)
*** ANTE/BLINDS ***
Fahkri posts small blind 15
DEBSON-DEB posts big blind 30
Dealt to P1xel7 [7c Ac]
*** PRE-FLOP *** 
Szi1000 raises 755 to 785 and is all-in
AceMoney34 raises 29 to 814 and is all-in
P1xel7 folds
L1frKentAble folds
Fahkri calls 799
DEBSON-DEB calls 755 and is all-in
*** FLOP *** [5c 6c 9d]
*** TURN *** [5c 6c 9d][Qd]
*** RIVER *** [5c 6c 9d Qd][6s]
*** SHOW DOWN ***
Szi1000 shows [Kd 9h] (Two pairs : 9 and 6)
Fahkri shows [5h 2d] (Two pairs : 6 and 5)
DEBSON-DEB shows [Ad 8d] (One pair : 6)
AceMoney34 shows [6d 6h] (Quads of 6)
AceMoney34 collected 3198 from pot
*** SUMMARY ***
Total pot 3198 | No rake
Board: [5c 6c 9d Qd 6s]
Seat 1: Szi1000 showed [Kd 9h] and lost with Two pairs : 9 and 6
Seat 2: AceMoney34 showed [6d 6h] and won 3198 with Quads of 6
Seat 5: Fahkri (small blind) showed [5h 2d] and lost with Two pairs : 6 and 5
Seat 6: DEBSON-DEB (big blind) showed [Ad 8d] and lost with One pair : 6


Winamax Poker - Tournament "Starting Block WiPT" buyIn: 0€ + 0€ level: 2 - HandId: #3092528434832736257-4-1699867545 - Holdem no limit (15/30) - 2023/11/13 09:25:45 UTC
Table: 'Starting Block WiPT(720035386)#0' 6-max (real money) Seat #5 is the button
Seat 2: AceMoney34 (3198)
Seat 3: P1xel7 (1205)
Seat 4: L1frKentAble (2306)
Seat 5: Fahkri (2291)
*** ANTE/BLINDS ***
AceMoney34 posts big blind 30
Dealt to P1xel7 [Ah 2c]
*** PRE-FLOP *** 
P1xel7 folds
L1frKentAble raises 60 to 90
Fahkri raises 60 to 150
AceMoney34 folds
L1frKentAble calls 60
*** FLOP *** [6c Kc 7d]
L1frKentAble checks
Fahkri checks
*** TURN *** [6c Kc 7d][7s]
L1frKentAble bets 165
Fahkri calls 165
*** RIVER *** [6c Kc 7d 7s][Js]
L1frKentAble checks
Fahkri bets 429
L1frKentAble calls 429
*** SHOW DOWN ***
L1frKentAble shows [9s 9d] (Two pairs : 9 and 7)
Fahkri shows [Jh Jc] (Full of Jacks and 7)
Fahkri collected 1518 from pot
*** SUMMARY ***
Total pot 1518 | No rake
Board: [6c Kc 7d 7s Js]
Seat 4: L1frKentAble showed [9s 9d] and lost with Two pairs : 9 and 7
Seat 5: Fahkri (button) showed [Jh Jc] and won 1518 with Full of Jacks and 7


Winamax Poker - Tournament "Starting Block WiPT" buyIn: 0€ + 0€ level: 2 - HandId: #3092528434832736257-5-1699867579 - Holdem no limit (15/30) - 2023/11/13 09:26:19 UTC
Table: 'Starting Block WiPT(720035386)#0' 6-max (real money) Seat #6 is the button
Seat 2: AceMoney34 (3168)
Seat 3: P1xel7 (1205)
Seat 4: L1frKentAble (1562)
Seat 5: Fahkri (3065)
*** ANTE/BLINDS ***
AceMoney34 posts small blind 15
P1xel7 posts big blind 30
Dealt to P1xel7 [Ts 4d]
*** PRE-FLOP *** 
L1frKentAble folds
Fahkri calls 30
AceMoney34 calls 15
P1xel7 checks
*** FLOP *** [Ac Js 7c]
AceMoney34 checks
P1xel7 checks
Fahkri checks
*** TURN *** [Ac Js 7c][Qs]
AceMoney34 checks
P1xel7 checks
Fahkri bets 59
AceMoney34 folds
P1xel7 folds
Fahkri collected 149 from pot
*** SUMMARY ***
Total pot 149 | No rake
Board: [Ac Js 7c Qs]
Seat 5: Fahkri won 149


Winamax Poker - Tournament "Starting Block WiPT" buyIn: 0€ + 0€ level: 3 - HandId: #3092528434832736257-6-1699867642 - Holdem no limit (20/40) - 2023/11/13 09:27:22 UTC
Table: 'Starting Block WiPT(720035386)#0' 6-max (real money) Seat #2 is the button
Seat 2: AceMoney34 (3138)
Seat 3: P1xel7 (1175)
Seat 4: L1frKentAble (1562)
Seat 5: Fahkri (3125)
*** ANTE/BLINDS ***
P1xel7 posts small blind 20
L1frKentAble posts big blind 40
Dealt to P1xel7 [Qd Jh]
*** PRE-FLOP *** 
Fahkri calls 40
AceMoney34 raises 100 to 140
P1xel7 calls 120
L1frKentAble folds
Fahkri calls 100
*** FLOP *** [9d 7s Ks]
P1xel7 checks
Fahkri bets 161
AceMoney34 calls 161
P1xel7 calls 161
*** TURN *** [9d 7s Ks][4d]
P1xel7 checks
Fahkri bets 40
AceMoney34 calls 40
P1xel7 calls 40
*** RIVER *** [9d 7s Ks 4d][Jd]
P1xel7 checks
Fahkri checks
AceMoney34 checks
*** SHOW DOWN ***
AceMoney34 shows [Ts Ad] (High card : Ace)
Fahkri shows [9s Qs] (One pair : 9)
P1xel7 shows [Qd Jh] (One pair : Jacks)
P1xel7 collected 1063 from pot
*** SUMMARY ***
Total pot 1063 | No rake
Board: [9d 7s Ks 4d Jd]
Seat 2: AceMoney34 (button) showed [Ts Ad] and lost with High card : Ace
Seat 3: P1xel7 (small blind) showed [Qd Jh] and won 1063 with One pair : Jacks
Seat 5: Fahkri showed [9s Qs] and lost with One pair : 9


Winamax Poker - Tournament "Starting Block WiPT" buyIn: 0€ + 0€ level: 4 - HandId: #3092528434832736257-7-1699867712 - Holdem no limit (30/60) - 2023/11/13 09:28:32 UTC
Table: 'Starting Block WiPT(720035386)#0' 6-max (real money) Seat #3 is the button
Seat 2: AceMoney34 (2797)
Seat 3: P1xel7 (1897)
Seat 4: L1frKentAble (1522)
Seat 5: Fahkri (2784)
*** ANTE/BLINDS ***
L1frKentAble posts small blind 30
Fahkri posts big blind 60
Dealt to P1xel7 [Ks 3c]
*** PRE-FLOP *** 
AceMoney34 raises 90 to 150
P1xel7 folds
L1frKentAble folds
Fahkri calls 90
*** FLOP *** [Jd 7c 4d]
Fahkri checks
AceMoney34 bets 215
Fahkri calls 215
*** TURN *** [Jd 7c 4d][Kd]
Fahkri checks
AceMoney34 checks
*** RIVER *** [Jd 7c 4d Kd][5h]
Fahkri checks
AceMoney34 checks
*** SHOW DOWN ***
AceMoney34 shows [Ac 7d] (One pair : 7)
Fahkri shows [Jc 2s] (One pair : Jacks)
Fahkri collected 760 from pot
*** SUMMARY ***
Total pot 760 | No rake
Board: [Jd 7c 4d Kd 5h]
Seat 2: AceMoney34 showed [Ac 7d] and lost with One pair : 7
Seat 5: Fahkri (big blind) showed [Jc 2s] and won 760 with One pair : Jacks


Winamax Poker - Tournament "Starting Block WiPT" buyIn: 0€ + 0€ level: 4 - HandId: #3092528434832736257-8-1699867757 - Holdem no limit (30/60) - 2023/11/13 09:29:17 UTC
Table: 'Starting Block WiPT(720035386)#0' 6-max (real money) Seat #4 is the button
Seat 2: AceMoney34 (2432)
Seat 3: P1xel7 (1897)
Seat 4: L1frKentAble (1492)
Seat 5: Fahkri (3179)
*** ANTE/BLINDS ***
Fahkri posts small blind 30
AceMoney34 posts big blind 60
Dealt to P1xel7 [Ts 8c]
*** PRE-FLOP *** 
P1xel7 folds
L1frKentAble calls 60
Fahkri calls 30
AceMoney34 checks
*** FLOP *** [Qd Jc 2s]
Fahkri checks
AceMoney34 checks
L1frKentAble checks
*** TURN *** [Qd Jc 2s][5d]
Fahkri checks
AceMoney34 checks
L1frKentAble checks
*** RIVER *** [Qd Jc 2s 5d][8h]
Fahkri checks
AceMoney34 bets 240
L1frKentAble folds
Fahkri folds
AceMoney34 collected 420 from pot
*** SUMMARY ***
Total pot 420 | No rake
Board: [Qd Jc 2s 5d 8h]
Seat 2: AceMoney34 (big blind) won 420


Winamax Poker - Tournament "Starting Block WiPT" buyIn: 0€ + 0€ level: 6 - HandId: #3092528434832736257-9-1699867879 - Holdem no limit (60/120) - 2023/11/13 09:31:19 UTC
Table: 'Starting Block WiPT(720035386)#0' 6-max (real money) Seat #5 is the button
Seat 2: AceMoney34 (2552)
Seat 3: P1xel7 (1897)
Seat 4: L1frKentAble (1432)
Seat 5: Fahkri (3119)
*** ANTE/BLINDS ***
AceMoney34 posts small blind 60
P1xel7 posts big blind 120
Dealt to P1xel7 [6s 4s]
*** PRE-FLOP *** 
L1frKentAble folds
Fahkri calls 120
AceMoney34 raises 360 to 480
P1xel7 folds
Fahkri calls 360
*** FLOP *** [3d Js Ts]
AceMoney34 bets 378
Fahkri calls 378
*** TURN *** [3d Js Ts][Qc]
AceMoney34 checks
Fahkri checks
*** RIVER *** [3d Js Ts Qc][7s]
AceMoney34 bets 1694 and is all-in
Fahkri calls 1694
*** SHOW DOWN ***
AceMoney34 shows [4d Ah] (High card : Ace)
Fahkri shows [9c 7d] (One pair : 7)
Fahkri collected 5224 from pot
*** SUMMARY ***
Total pot 5224 | No rake
Board: [3d Js Ts Qc 7s]
Seat 2: AceMoney34 (small blind) showed [4d Ah] and lost with High card : Ace
Seat 5: Fahkri (button) showed [9c 7d] and won 5224 with One pair : 7


Winamax Poker - Tournament "Starting Block WiPT" buyIn: 0€ + 0€ level: 6 - HandId: #3092528434832736257-10-1699867921 - Holdem no limit (60/120) - 2023/11/13 09:32:01 UTC
Table: 'Starting Block WiPT(720035386)#0' 6-max (real money) Seat #2 is the button
Seat 3: P1xel7 (1777)
Seat 4: L1frKentAble (1432)
Seat 5: Fahkri (5791)
*** ANTE/BLINDS ***
P1xel7 posts small blind 60
L1frKentAble posts big blind 120
Dealt to P1xel7 [5s 5c]
*** PRE-FLOP *** 
Fahkri calls 120
P1xel7 raises 1657 to 1777 and is all-in
L1frKentAble folds
Fahkri calls 1657
*** FLOP *** [Kh 8c 4h]
*** TURN *** [Kh 8c 4h][9h]
*** RIVER *** [Kh 8c 4h 9h][8s]
*** SHOW DOWN ***
Fahkri shows [Ac 5h] (One pair : 8)
P1xel7 shows [5s 5c] (Two pairs : 8 and 5)
P1xel7 collected 3674 from pot
*** SUMMARY ***
Total pot 3674 | No rake
Board: [Kh 8c 4h 9h 8s]
Seat 3: P1xel7 (small blind) showed [5s 5c] and won 3674 with Two pairs : 8 and 5
Seat 5: Fahkri showed [Ac 5h] and lost with One pair : 8


Winamax Poker - Tournament "Starting Block WiPT" buyIn: 0€ + 0€ level: 6 - HandId: #3092528434832736257-11-1699867955 - Holdem no limit (60/120) - 2023/11/13 09:32:35 UTC
Table: 'Starting Block WiPT(720035386)#0' 6-max (real money) Seat #3 is the button
Seat 3: P1xel7 (3674)
Seat 4: L1frKentAble (1312)
Seat 5: Fahkri (4014)
*** ANTE/BLINDS ***
L1frKentAble posts small blind 60
Fahkri posts big blind 120
Dealt to P1xel7 [Qd 4s]
*** PRE-FLOP *** 
P1xel7 folds
L1frKentAble calls 60
Fahkri checks
*** FLOP *** [4d 2d 6c]
L1frKentAble bets 240
Fahkri folds
L1frKentAble collected 480 from pot
*** SUMMARY ***
Total pot 480 | No rake
Board: [4d 2d 6c]
Seat 4: L1frKentAble (small blind) won 480


Winamax Poker - Tournament "Starting Block WiPT" buyIn: 0€ + 0€ level: 7 - HandId: #3092528434832736257-12-1699867981 - Holdem no limit (10/60/120) - 2023/11/13 09:33:01 UTC
Table: 'Starting Block WiPT(720035386)#0' 6-max (real money) Seat #4 is the button
Seat 3: P1xel7 (3674)
Seat 4: L1frKentAble (1432)
Seat 5: Fahkri (3894)
*** ANTE/BLINDS ***
Fahkri posts ante 10
P1xel7 posts ante 10
L1frKentAble posts ante 10
Fahkri posts small blind 60
P1xel7 posts big blind 120
Dealt to P1xel7 [Kh 5c]
*** PRE-FLOP *** 
L1frKentAble calls 120
Fahkri calls 60
P1xel7 checks
*** FLOP *** [Qd Jc Jd]
Fahkri checks
P1xel7 checks
L1frKentAble checks
*** TURN *** [Qd Jc Jd][Kd]
Fahkri checks
P1xel7 bets 254
L1frKentAble calls 254
Fahkri calls 254
*** RIVER *** [Qd Jc Jd Kd][5s]
Fahkri checks
P1xel7 bets 749
L1frKentAble raises 299 to 1048 and is all-in
Fahkri folds
P1xel7 calls 299
*** SHOW DOWN ***
P1xel7 shows [Kh 5c] (Two pairs : Kings and Jacks)
L1frKentAble shows [Jh 9d] (Trips of Jacks)
L1frKentAble collected 3248 from pot
*** SUMMARY ***
Total pot 3248 | No rake
Board: [Qd Jc Jd Kd 5s]
Seat 3: P1xel7 (big blind) showed [Kh 5c] and lost with Two pairs : Kings and Jacks
Seat 4: L1frKentAble (button) showed [Jh 9d] and won 3248 with Trips of Jacks


Winamax Poker - Tournament "Starting Block WiPT" buyIn: 0€ + 0€ level: 7 - HandId: #3092528434832736257-13-1699868030 - Holdem no limit (10/60/120) - 2023/11/13 09:33:50 UTC
Table: 'Starting Block WiPT(720035386)#0' 6-max (real money) Seat #5 is the button
Seat 3: P1xel7 (2242)
Seat 4: L1frKentAble (3248)
Seat 5: Fahkri (3510)
*** ANTE/BLINDS ***
P1xel7 posts ante 10
L1frKentAble posts ante 10
Fahkri posts ante 10
P1xel7 posts small blind 60
L1frKentAble posts big blind 120
Dealt to P1xel7 [4h 3d]
*** PRE-FLOP *** 
Fahkri calls 120
P1xel7 folds
L1frKentAble raises 330 to 450
Fahkri calls 330
*** FLOP *** [Jh 9s Jd]
L1frKentAble bets 495
Fahkri folds
L1frKentAble collected 1485 from pot
*** SUMMARY ***
Total pot 1485 | No rake
Board: [Jh 9s Jd]
Seat 4: L1frKentAble (big blind) won 1485


Winamax Poker - Tournament "Starting Block WiPT" buyIn: 0€ + 0€ level: 8 - HandId: #3092528434832736257-14-1699868059 - Holdem no limit (16/80/160) - 2023/11/13 09:34:19 UTC
Table: 'Starting Block WiPT(720035386)#0' 6-max (real money) Seat #3 is the button
Seat 3: P1xel7 (2172)
Seat 4: L1frKentAble (3778)
Seat 5: Fahkri (3050)
*** ANTE/BLINDS ***
L1frKentAble posts ante 16
Fahkri posts ante 16
P1xel7 posts ante 16
L1frKentAble posts small blind 80
Fahkri posts big blind 160
Dealt to P1xel7 [4c 9s]
*** PRE-FLOP *** 
P1xel7 folds
L1frKentAble calls 80
Fahkri checks
*** FLOP *** [5d Ts Th]
L1frKentAble bets 294
Fahkri calls 294
*** TURN *** [5d Ts Th][Jd]
L1frKentAble checks
Fahkri checks
*** RIVER *** [5d Ts Th Jd][2s]
L1frKentAble bets 335
Fahkri calls 335
*** SHOW DOWN ***
L1frKentAble shows [3s 3h] (Two pairs : Tens and 3)
Fahkri shows [5c 8h] (Two pairs : Tens and 5)
Fahkri collected 1626 from pot
*** SUMMARY ***
Total pot 1626 | No rake
Board: [5d Ts Th Jd 2s]
Seat 4: L1frKentAble (small blind) showed [3s 3h] and lost with Two pairs : Tens and 3
Seat 5: Fahkri (big blind) showed [5c 8h] and won 1626 with Two pairs : Tens and 5


Winamax Poker - Tournament "Starting Block WiPT" buyIn: 0€ + 0€ level: 8 - HandId: #3092528434832736257-15-1699868094 - Holdem no limit (16/80/160) - 2023/11/13 09:34:54 UTC
Table: 'Starting Block WiPT(720035386)#0' 6-max (real money) Seat #4 is the button
Seat 3: P1xel7 (2156)
Seat 4: L1frKentAble (2973)
Seat 5: Fahkri (3871)
*** ANTE/BLINDS ***
Fahkri posts ante 16
P1xel7 posts ante 16
L1frKentAble posts ante 16
Fahkri posts small blind 80
P1xel7 posts big blind 160
Dealt to P1xel7 [4h 2c]
*** PRE-FLOP *** 
L1frKentAble calls 160
Fahkri calls 80
P1xel7 checks
*** FLOP *** [4s 3d 6s]
Fahkri checks
P1xel7 bets 1980 and is all-in
L1frKentAble calls 1980
Fahkri folds
*** TURN *** [4s 3d 6s][5s]
*** RIVER *** [4s 3d 6s 5s][Ac]
*** SHOW DOWN ***
L1frKentAble shows [Kc Kd] (One pair : Kings)
P1xel7 shows [4h 2c] (Straight 6 high)
P1xel7 collected 4488 from pot
*** SUMMARY ***
Total pot 4488 | No rake
Board: [4s 3d 6s 5s Ac]
Seat 3: P1xel7 (big blind) showed [4h 2c] and won 4488 with Straight 6 high
Seat 4: L1frKentAble (button) showed [Kc Kd] and lost with One pair : Kings


Winamax Poker - Tournament "Starting Block WiPT" buyIn: 0€ + 0€ level: 8 - HandId: #3092528434832736257-16-1699868129 - Holdem no limit (16/80/160) - 2023/11/13 09:35:29 UTC
Table: 'Starting Block WiPT(720035386)#0' 6-max (real money) Seat #5 is the button
Seat 3: P1xel7 (4488)
Seat 4: L1frKentAble (817)
Seat 5: Fahkri (3695)
*** ANTE/BLINDS ***
P1xel7 posts ante 16
L1frKentAble posts ante 16
Fahkri posts ante 16
P1xel7 posts small blind 80
L1frKentAble posts big blind 160
Dealt to P1xel7 [2h 3c]
*** PRE-FLOP *** 
Fahkri calls 160
P1xel7 folds
L1frKentAble raises 641 to 801 and is all-in
Fahkri calls 641
*** FLOP *** [Jc 9c 2s]
*** TURN *** [Jc 9c 2s][5d]
*** RIVER *** [Jc 9c 2s 5d][8h]
*** SHOW DOWN ***
Fahkri shows [Kh 5h] (One pair : 5)
L1frKentAble shows [As Ad] (One pair : Aces)
L1frKentAble collected 1730 from pot
*** SUMMARY ***
Total pot 1730 | No rake
Board: [Jc 9c 2s 5d 8h]
Seat 4: L1frKentAble (big blind) showed [As Ad] and won 1730 with One pair : Aces
Seat 5: Fahkri (button) showed [Kh 5h] and lost with One pair : 5


Winamax Poker - Tournament "Starting Block WiPT" buyIn: 0€ + 0€ level: 9 - HandId: #3092528434832736257-17-1699868145 - Holdem no limit (20/100/200) - 2023/11/13 09:35:45 UTC
Table: 'Starting Block WiPT(720035386)#0' 6-max (real money) Seat #3 is the button
Seat 3: P1xel7 (4392)
Seat 4: L1frKentAble (1730)
Seat 5: Fahkri (2878)
*** ANTE/BLINDS ***
L1frKentAble posts ante 20
Fahkri posts ante 20
P1xel7 posts ante 20
L1frKentAble posts small blind 100
Fahkri posts big blind 200
Dealt to P1xel7 [As 2h]
*** PRE-FLOP *** 
P1xel7 raises 300 to 500
L1frKentAble raises 1210 to 1710 and is all-in
Fahkri calls 1510
P1xel7 calls 1210
*** FLOP *** [Qc Qh 9c]
Fahkri bets 1148 and is all-in
P1xel7 calls 1148
*** TURN *** [Qc Qh 9c][4s]
*** RIVER *** [Qc Qh 9c 4s][6h]
*** SHOW DOWN ***
P1xel7 shows [As 2h] (One pair : Queens)
L1frKentAble shows [8c Ac] (One pair : Queens)
Fahkri shows [Js 9s] (Two pairs : Queens and 9)
Fahkri collected 7486 from pot
*** SUMMARY ***
Total pot 7486 | No rake
Board: [Qc Qh 9c 4s 6h]
Seat 3: P1xel7 (button) showed [As 2h] and lost with One pair : Queens
Seat 4: L1frKentAble (small blind) showed [8c Ac] and lost with One pair : Queens
Seat 5: Fahkri (big blind) showed [Js 9s] and won 7486 with Two pairs : Queens and 9


Winamax Poker - Tournament "Starting Block WiPT" buyIn: 0€ + 0€ level: 9 - HandId: #3092528434832736257-18-1699868165 - Holdem no limit (20/100/200) - 2023/11/13 09:36:05 UTC
Table: 'Starting Block WiPT(720035386)#0' 6-max (real money) Seat #5 is the button
Seat 3: P1xel7 (1514)
Seat 5: Fahkri (7486)
*** ANTE/BLINDS ***
Fahkri posts ante 20
P1xel7 posts ante 20
Fahkri posts small blind 100
P1xel7 posts big blind 200
Dealt to P1xel7 [Qd 6c]
*** PRE-FLOP *** 
Fahkri calls 100
P1xel7 checks
*** FLOP *** [Ts As Th]
P1xel7 checks
Fahkri bets 200
P1xel7 folds
Fahkri collected 640 from pot
*** SUMMARY ***
Total pot 640 | No rake
Board: [Ts As Th]
Seat 5: Fahkri (small blind) (button) won 640


Winamax Poker - Tournament "Starting Block WiPT" buyIn: 0€ + 0€ level: 9 - HandId: #3092528434832736257-19-1699868177 - Holdem no limit (20/100/200) - 2023/11/13 09:36:17 UTC
Table: 'Starting Block WiPT(720035386)#0' 6-max (real money) Seat #3 is the button
Seat 3: P1xel7 (1294)
Seat 5: Fahkri (7706)
*** ANTE/BLINDS ***
P1xel7 posts ante 20
Fahkri posts ante 20
P1xel7 posts small blind 100
Fahkri posts big blind 200
Dealt to P1xel7 [Qs 8c]
*** PRE-FLOP *** 
P1xel7 folds
Fahkri collected 340 from pot
*** SUMMARY ***
Total pot 340 | No rake
Seat 5: Fahkri (big blind) won 340


Winamax Poker - Tournament "Starting Block WiPT" buyIn: 0€ + 0€ level: 9 - HandId: #3092528434832736257-20-1699868182 - Holdem no limit (20/100/200) - 2023/11/13 09:36:22 UTC
Table: 'Starting Block WiPT(720035386)#0' 6-max (real money) Seat #5 is the button
Seat 3: P1xel7 (1174)
Seat 5: Fahkri (7826)
*** ANTE/BLINDS ***
Fahkri posts ante 20
P1xel7 posts ante 20
Fahkri posts small blind 100
P1xel7 posts big blind 200
Dealt to P1xel7 [3c 5c]
*** PRE-FLOP *** 
Fahkri calls 100
P1xel7 checks
*** FLOP *** [5s 4s 6h]
P1xel7 bets 954 and is all-in
Fahkri calls 954
*** TURN *** [5s 4s 6h][9c]
*** RIVER *** [5s 4s 6h 9c][Ah]
*** SHOW DOWN ***
Fahkri shows [Tc Kh] (High card : Ace)
P1xel7 shows [3c 5c] (One pair : 5)
P1xel7 collected 2348 from pot
*** SUMMARY ***
Total pot 2348 | No rake
Board: [5s 4s 6h 9c Ah]
Seat 3: P1xel7 (big blind) showed [3c 5c] and won 2348 with One pair : 5
Seat 5: Fahkri (small blind) (button) showed [Tc Kh] and lost with High card : Ace


Winamax Poker - Tournament "Starting Block WiPT" buyIn: 0€ + 0€ level: 9 - HandId: #3092528434832736257-21-1699868198 - Holdem no limit (20/100/200) - 2023/11/13 09:36:38 UTC
Table: 'Starting Block WiPT(720035386)#0' 6-max (real money) Seat #3 is the button
Seat 3: P1xel7 (2348)
Seat 5: Fahkri (6652)
*** ANTE/BLINDS ***
P1xel7 posts ante 20
Fahkri posts ante 20
P1xel7 posts small blind 100
Fahkri posts big blind 200
Dealt to P1xel7 [7h 7c]
*** PRE-FLOP *** 
P1xel7 raises 2128 to 2328 and is all-in
Fahkri calls 2128
*** FLOP *** [Ah 9d Kc]
*** TURN *** [Ah 9d Kc][Ac]
*** RIVER *** [Ah 9d Kc Ac][6d]
*** SHOW DOWN ***
Fahkri shows [Jc 2c] (One pair : Aces)
P1xel7 shows [7h 7c] (Two pairs : Aces and 7)
P1xel7 collected 4696 from pot
*** SUMMARY ***
Total pot 4696 | No rake
Board: [Ah 9d Kc Ac 6d]
Seat 3: P1xel7 (small blind) (button) showed [7h 7c] and won 4696 with Two pairs : Aces and 7
Seat 5: Fahkri (big blind) showed [Jc 2c] and lost with One pair : Aces


Winamax Poker - Tournament "Starting Block WiPT" buyIn: 0€ + 0€ level: 9 - HandId: #3092528434832736257-22-1699868212 - Holdem no limit (20/100/200) - 2023/11/13 09:36:52 UTC
Table: 'Starting Block WiPT(720035386)#0' 6-max (real money) Seat #5 is the button
Seat 3: P1xel7 (4696)
Seat 5: Fahkri (4304)
*** ANTE/BLINDS ***
Fahkri posts ante 20
P1xel7 posts ante 20
Fahkri posts small blind 100
P1xel7 posts big blind 200
Dealt to P1xel7 [Ac 3h]
*** PRE-FLOP *** 
Fahkri raises 200 to 400
P1xel7 raises 4276 to 4676 and is all-in
Fahkri calls 3884 and is all-in
*** FLOP *** [As Ad Kd]
*** TURN *** [As Ad Kd][2c]
*** RIVER *** [As Ad Kd 2c][Qs]
*** SHOW DOWN ***
Fahkri shows [2s Ks] (Two pairs : Aces and Kings)
P1xel7 shows [Ac 3h] (Trips of Aces)
P1xel7 collected 9000 from pot
*** SUMMARY ***
Total pot 9000 | No rake
Board: [As Ad Kd 2c Qs]
Seat 3: P1xel7 (big blind) showed [Ac 3h] and won 9000 with Trips of Aces
Seat 5: Fahkri (small blind) (button) showed [2s Ks] and lost with Two pairs : Aces and Kings


