Winamax Poker - Tournament "Winamax Campus League - Stade 1-3" buyIn: 0€ + 0€ level: 5 - HandId: #3041146555659714631-74-1700511895 - Holdem no limit (50/200/400) - 2023/11/20 20:24:55 UTC
Table: 'Winamax Campus League - Stade 1-3(708072110)#0070' 6-max (real money) Seat #5 is the button
Seat 1: Doukygt24 (94101)
Seat 2: leototo (14265)
Seat 3: lAs-tr0naute (27834)
Seat 4: P1xel7 (20000)
Seat 5: Yunlepanda (15154)
Seat 6: Paul_Av (25708)
*** ANTE/BLINDS ***
Paul_Av posts ante 50
Doukygt24 posts ante 50
leototo posts ante 50
lAs-tr0naute posts ante 50
P1xel7 posts ante 50
Yunlepanda posts ante 50
Paul_Av posts small blind 200
Doukygt24 posts big blind 400
Dealt to P1xel7 [7s Jc]
*** PRE-FLOP *** 
leototo folds
lAs-tr0naute folds
P1xel7 folds
Yunlepanda folds
Paul_Av folds
Doukygt24 collected 900 from pot
*** SUMMARY ***
Total pot 900 | No rake
Seat 1: Doukygt24 (big blind) won 900


Winamax Poker - Tournament "Winamax Campus League - Stade 1-3" buyIn: 0€ + 0€ level: 5 - HandId: #3041146555659714631-75-1700511909 - Holdem no limit (50/200/400) - 2023/11/20 20:25:09 UTC
Table: 'Winamax Campus League - Stade 1-3(708072110)#0070' 6-max (real money) Seat #6 is the button
Seat 1: Doukygt24 (94551)
Seat 2: leototo (14215)
Seat 3: lAs-tr0naute (27784)
Seat 4: P1xel7 (19950)
Seat 5: Yunlepanda (15104)
Seat 6: Paul_Av (25458)
*** ANTE/BLINDS ***
Doukygt24 posts ante 50
leototo posts ante 50
lAs-tr0naute posts ante 50
P1xel7 posts ante 50
Yunlepanda posts ante 50
Paul_Av posts ante 50
Doukygt24 posts small blind 200
leototo posts big blind 400
Dealt to P1xel7 [Tc Ac]
*** PRE-FLOP *** 
lAs-tr0naute folds
P1xel7 raises 600 to 1000
Yunlepanda folds
Paul_Av folds
Doukygt24 calls 800
leototo folds
*** FLOP *** [7c 9s Qs]
Doukygt24 bets 945
P1xel7 calls 945
*** TURN *** [7c 9s Qs][3s]
Doukygt24 bets 2984
P1xel7 folds
Doukygt24 collected 7574 from pot
*** SUMMARY ***
Total pot 7574 | No rake
Board: [7c 9s Qs 3s]
Seat 1: Doukygt24 (small blind) won 7574


Winamax Poker - Tournament "Winamax Campus League - Stade 1-3" buyIn: 0€ + 0€ level: 5 - HandId: #3041146555659714631-76-1700511961 - Holdem no limit (50/200/400) - 2023/11/20 20:26:01 UTC
Table: 'Winamax Campus League - Stade 1-3(708072110)#0070' 6-max (real money) Seat #1 is the button
Seat 1: Doukygt24 (97146)
Seat 2: leototo (13765)
Seat 3: lAs-tr0naute (27734)
Seat 4: P1xel7 (17955)
Seat 5: Yunlepanda (15054)
Seat 6: Paul_Av (25408)
*** ANTE/BLINDS ***
leototo posts ante 50
lAs-tr0naute posts ante 50
Doukygt24 posts ante 50
P1xel7 posts ante 50
Yunlepanda posts ante 50
Paul_Av posts ante 50
leototo posts small blind 200
lAs-tr0naute posts big blind 400
Dealt to P1xel7 [4s 6h]
*** PRE-FLOP *** 
P1xel7 folds
Yunlepanda folds
Paul_Av folds
Doukygt24 folds
leototo folds
lAs-tr0naute collected 900 from pot
*** SUMMARY ***
Total pot 900 | No rake
Seat 3: lAs-tr0naute (big blind) won 900


Winamax Poker - Tournament "Winamax Campus League - Stade 1-3" buyIn: 0€ + 0€ level: 5 - HandId: #3041146555659714631-77-1700511986 - Holdem no limit (50/200/400) - 2023/11/20 20:26:26 UTC
Table: 'Winamax Campus League - Stade 1-3(708072110)#0070' 6-max (real money) Seat #2 is the button
Seat 1: Doukygt24 (97096)
Seat 2: leototo (13515)
Seat 3: lAs-tr0naute (28184)
Seat 4: P1xel7 (17905)
Seat 5: Yunlepanda (15004)
Seat 6: Paul_Av (25358)
*** ANTE/BLINDS ***
lAs-tr0naute posts ante 50
P1xel7 posts ante 50
Doukygt24 posts ante 50
leototo posts ante 50
Yunlepanda posts ante 50
Paul_Av posts ante 50
lAs-tr0naute posts small blind 200
P1xel7 posts big blind 400
Dealt to P1xel7 [6c 2d]
*** PRE-FLOP *** 
Yunlepanda folds
Paul_Av folds
Doukygt24 calls 400
leototo folds
lAs-tr0naute calls 200
P1xel7 checks
*** FLOP *** [4d 9c Ts]
lAs-tr0naute checks
P1xel7 checks
Doukygt24 checks
*** TURN *** [4d 9c Ts][7c]
lAs-tr0naute bets 800
P1xel7 folds
Doukygt24 calls 800
*** RIVER *** [4d 9c Ts 7c][5h]
lAs-tr0naute checks
Doukygt24 checks
*** SHOW DOWN ***
Doukygt24 shows [Qc 3c] (High card : Queen)
lAs-tr0naute shows [Qd 8d] (High card : Queen)
lAs-tr0naute collected 3100 from pot
*** SUMMARY ***
Total pot 3100 | No rake
Board: [4d 9c Ts 7c 5h]
Seat 1: Doukygt24 showed [Qc 3c] and lost with High card : Queen
Seat 3: lAs-tr0naute (small blind) showed [Qd 8d] and won 3100 with High card : Queen


Winamax Poker - Tournament "Winamax Campus League - Stade 1-3" buyIn: 0€ + 0€ level: 5 - HandId: #3041146555659714631-78-1700512066 - Holdem no limit (50/200/400) - 2023/11/20 20:27:46 UTC
Table: 'Winamax Campus League - Stade 1-3(708072110)#0070' 6-max (real money) Seat #3 is the button
Seat 1: Doukygt24 (95846)
Seat 2: leototo (13465)
Seat 3: lAs-tr0naute (30034)
Seat 4: P1xel7 (17455)
Seat 5: Yunlepanda (14954)
Seat 6: Paul_Av (25308)
*** ANTE/BLINDS ***
P1xel7 posts ante 50
Yunlepanda posts ante 50
Doukygt24 posts ante 50
leototo posts ante 50
lAs-tr0naute posts ante 50
Paul_Av posts ante 50
P1xel7 posts small blind 200
Yunlepanda posts big blind 400
Dealt to P1xel7 [Ad 6d]
*** PRE-FLOP *** 
Paul_Av folds
Doukygt24 folds
leototo folds
lAs-tr0naute folds
P1xel7 raises 800 to 1200
Yunlepanda folds
P1xel7 collected 1900 from pot
*** SUMMARY ***
Total pot 1900 | No rake
Seat 4: P1xel7 (small blind) won 1900


Winamax Poker - Tournament "Winamax Campus League - Stade 1-3" buyIn: 0€ + 0€ level: 5 - HandId: #3041146555659714631-79-1700512089 - Holdem no limit (50/200/400) - 2023/11/20 20:28:09 UTC
Table: 'Winamax Campus League - Stade 1-3(708072110)#0070' 6-max (real money) Seat #4 is the button
Seat 1: Doukygt24 (95796)
Seat 2: leototo (13415)
Seat 3: lAs-tr0naute (29984)
Seat 4: P1xel7 (18105)
Seat 5: Yunlepanda (14504)
Seat 6: Paul_Av (25258)
*** ANTE/BLINDS ***
Yunlepanda posts ante 50
Paul_Av posts ante 50
Doukygt24 posts ante 50
leototo posts ante 50
lAs-tr0naute posts ante 50
P1xel7 posts ante 50
Yunlepanda posts small blind 200
Paul_Av posts big blind 400
Dealt to P1xel7 [5h Tc]
*** PRE-FLOP *** 
Doukygt24 folds
leototo folds
lAs-tr0naute folds
P1xel7 folds
Yunlepanda raises 800 to 1200
Paul_Av calls 800
*** FLOP *** [4d 9h 2s]
Yunlepanda bets 945
Paul_Av calls 945
*** TURN *** [4d 9h 2s][Jh]
Yunlepanda bets 1607
Paul_Av calls 1607
*** RIVER *** [4d 9h 2s Jh][Kd]
Yunlepanda bets 10702 and is all-in
Paul_Av folds
Yunlepanda collected 18506 from pot
*** SUMMARY ***
Total pot 18506 | No rake
Board: [4d 9h 2s Jh Kd]
Seat 5: Yunlepanda (small blind) won 18506


Winamax Poker - Tournament "Winamax Campus League - Stade 1-3" buyIn: 0€ + 0€ level: 5 - HandId: #3041146555659714631-80-1700512137 - Holdem no limit (50/200/400) - 2023/11/20 20:28:57 UTC
Table: 'Winamax Campus League - Stade 1-3(708072110)#0070' 6-max (real money) Seat #5 is the button
Seat 1: Doukygt24 (95746)
Seat 2: leototo (13365)
Seat 3: lAs-tr0naute (29934)
Seat 4: P1xel7 (18055)
Seat 5: Yunlepanda (18506)
Seat 6: Paul_Av (21456)
*** ANTE/BLINDS ***
Paul_Av posts ante 50
Doukygt24 posts ante 50
leototo posts ante 50
lAs-tr0naute posts ante 50
P1xel7 posts ante 50
Yunlepanda posts ante 50
Paul_Av posts small blind 200
Doukygt24 posts big blind 400
Dealt to P1xel7 [3s As]
*** PRE-FLOP *** 
leototo folds
lAs-tr0naute folds
P1xel7 folds
Yunlepanda folds
Paul_Av folds
Doukygt24 collected 900 from pot
*** SUMMARY ***
Total pot 900 | No rake
Seat 1: Doukygt24 (big blind) won 900


Winamax Poker - Tournament "Winamax Campus League - Stade 1-3" buyIn: 0€ + 0€ level: 5 - HandId: #3041146555659714631-81-1700512147 - Holdem no limit (50/200/400) - 2023/11/20 20:29:07 UTC
Table: 'Winamax Campus League - Stade 1-3(708072110)#0070' 6-max (real money) Seat #6 is the button
Seat 1: Doukygt24 (96196)
Seat 2: leototo (13315)
Seat 3: lAs-tr0naute (29884)
Seat 4: P1xel7 (18005)
Seat 5: Yunlepanda (18456)
Seat 6: Paul_Av (21206)
*** ANTE/BLINDS ***
Doukygt24 posts ante 50
leototo posts ante 50
lAs-tr0naute posts ante 50
P1xel7 posts ante 50
Yunlepanda posts ante 50
Paul_Av posts ante 50
Doukygt24 posts small blind 200
leototo posts big blind 400
Dealt to P1xel7 [8d 8c]
*** PRE-FLOP *** 
lAs-tr0naute folds
P1xel7 raises 800 to 1200
Yunlepanda folds
Paul_Av folds
Doukygt24 calls 1000
leototo folds
*** FLOP *** [Td 2c Kd]
Doukygt24 checks
P1xel7 bets 1550
Doukygt24 folds
P1xel7 collected 4650 from pot
*** SUMMARY ***
Total pot 4650 | No rake
Board: [Td 2c Kd]
Seat 4: P1xel7 won 4650


Winamax Poker - Tournament "Winamax Campus League - Stade 1-3" buyIn: 0€ + 0€ level: 5 - HandId: #3041146555659714631-82-1700512170 - Holdem no limit (50/200/400) - 2023/11/20 20:29:30 UTC
Table: 'Winamax Campus League - Stade 1-3(708072110)#0070' 6-max (real money) Seat #1 is the button
Seat 1: Doukygt24 (94946)
Seat 2: leototo (12865)
Seat 3: lAs-tr0naute (29834)
Seat 4: P1xel7 (19855)
Seat 5: Yunlepanda (18406)
Seat 6: Paul_Av (21156)
*** ANTE/BLINDS ***
leototo posts ante 50
lAs-tr0naute posts ante 50
Doukygt24 posts ante 50
P1xel7 posts ante 50
Yunlepanda posts ante 50
Paul_Av posts ante 50
leototo posts small blind 200
lAs-tr0naute posts big blind 400
Dealt to P1xel7 [3c 6c]
*** PRE-FLOP *** 
P1xel7 folds
Yunlepanda folds
Paul_Av calls 400
Doukygt24 raises 600 to 1000
leototo folds
lAs-tr0naute calls 600
Paul_Av calls 600
*** FLOP *** [Th 4s 2c]
lAs-tr0naute bets 1600
Paul_Av folds
Doukygt24 calls 1600
*** TURN *** [Th 4s 2c][4d]
lAs-tr0naute bets 1600
Doukygt24 raises 90696 to 92296 and is all-in
lAs-tr0naute folds
Doukygt24 collected 100596 from pot
*** SUMMARY ***
Total pot 100596 | No rake
Board: [Th 4s 2c 4d]
Seat 1: Doukygt24 (button) won 100596


Winamax Poker - Tournament "Winamax Campus League - Stade 1-3" buyIn: 0€ + 0€ level: 6 - HandId: #3041146555659714631-83-1700512202 - Holdem no limit (60/250/500) - 2023/11/20 20:30:02 UTC
Table: 'Winamax Campus League - Stade 1-3(708072110)#0070' 6-max (real money) Seat #2 is the button
Seat 1: Doukygt24 (100596)
Seat 2: leototo (12615)
Seat 3: lAs-tr0naute (25584)
Seat 4: P1xel7 (19805)
Seat 5: Yunlepanda (18356)
Seat 6: Paul_Av (20106)
*** ANTE/BLINDS ***
lAs-tr0naute posts ante 60
P1xel7 posts ante 60
Doukygt24 posts ante 60
leototo posts ante 60
Yunlepanda posts ante 60
Paul_Av posts ante 60
lAs-tr0naute posts small blind 250
P1xel7 posts big blind 500
Dealt to P1xel7 [2h Jd]
*** PRE-FLOP *** 
Yunlepanda folds
Paul_Av folds
Doukygt24 folds
leototo folds
lAs-tr0naute raises 1500 to 2000
P1xel7 folds
lAs-tr0naute collected 2860 from pot
*** SUMMARY ***
Total pot 2860 | No rake
Seat 3: lAs-tr0naute (small blind) won 2860


Winamax Poker - Tournament "Winamax Campus League - Stade 1-3" buyIn: 0€ + 0€ level: 6 - HandId: #3041146555659714631-84-1700512231 - Holdem no limit (60/250/500) - 2023/11/20 20:30:31 UTC
Table: 'Winamax Campus League - Stade 1-3(708072110)#0070' 6-max (real money) Seat #3 is the button
Seat 1: Doukygt24 (100536)
Seat 2: leototo (12555)
Seat 3: lAs-tr0naute (26384)
Seat 4: P1xel7 (19245)
Seat 5: Yunlepanda (18296)
Seat 6: Paul_Av (20046)
*** ANTE/BLINDS ***
P1xel7 posts ante 60
Yunlepanda posts ante 60
Doukygt24 posts ante 60
leototo posts ante 60
lAs-tr0naute posts ante 60
Paul_Av posts ante 60
P1xel7 posts small blind 250
Yunlepanda posts big blind 500
Dealt to P1xel7 [As 2h]
*** PRE-FLOP *** 
Paul_Av folds
Doukygt24 raises 750 to 1250
leototo folds
lAs-tr0naute folds
P1xel7 folds
Yunlepanda folds
Doukygt24 collected 2360 from pot
*** SUMMARY ***
Total pot 2360 | No rake
Seat 1: Doukygt24 won 2360


Winamax Poker - Tournament "Winamax Campus League - Stade 1-3" buyIn: 0€ + 0€ level: 6 - HandId: #3041146555659714631-85-1700512250 - Holdem no limit (60/250/500) - 2023/11/20 20:30:50 UTC
Table: 'Winamax Campus League - Stade 1-3(708072110)#0070' 6-max (real money) Seat #4 is the button
Seat 1: Doukygt24 (101586)
Seat 2: leototo (12495)
Seat 3: lAs-tr0naute (26324)
Seat 4: P1xel7 (18935)
Seat 5: Yunlepanda (17736)
Seat 6: Paul_Av (19986)
*** ANTE/BLINDS ***
Yunlepanda posts ante 60
Paul_Av posts ante 60
Doukygt24 posts ante 60
leototo posts ante 60
lAs-tr0naute posts ante 60
P1xel7 posts ante 60
Yunlepanda posts small blind 250
Paul_Av posts big blind 500
Dealt to P1xel7 [As Qs]
*** PRE-FLOP *** 
Doukygt24 folds
leototo folds
lAs-tr0naute folds
P1xel7 raises 1000 to 1500
Yunlepanda folds
Paul_Av folds
P1xel7 collected 2610 from pot
*** SUMMARY ***
Total pot 2610 | No rake
Seat 4: P1xel7 (button) won 2610


Winamax Poker - Tournament "Winamax Campus League - Stade 1-3" buyIn: 0€ + 0€ level: 6 - HandId: #3041146555659714631-86-1700512264 - Holdem no limit (60/250/500) - 2023/11/20 20:31:04 UTC
Table: 'Winamax Campus League - Stade 1-3(708072110)#0070' 6-max (real money) Seat #5 is the button
Seat 1: Doukygt24 (101526)
Seat 2: leototo (12435)
Seat 3: lAs-tr0naute (26264)
Seat 4: P1xel7 (19985)
Seat 5: Yunlepanda (17426)
Seat 6: Paul_Av (19426)
*** ANTE/BLINDS ***
Paul_Av posts ante 60
Doukygt24 posts ante 60
leototo posts ante 60
lAs-tr0naute posts ante 60
P1xel7 posts ante 60
Yunlepanda posts ante 60
Paul_Av posts small blind 250
Doukygt24 posts big blind 500
Dealt to P1xel7 [Tc Qh]
*** PRE-FLOP *** 
leototo folds
lAs-tr0naute folds
P1xel7 raises 1000 to 1500
Yunlepanda folds
Paul_Av folds
Doukygt24 calls 1000
*** FLOP *** [8s 2h 7h]
Doukygt24 checks
P1xel7 bets 1805
Doukygt24 folds
P1xel7 collected 5415 from pot
*** SUMMARY ***
Total pot 5415 | No rake
Board: [8s 2h 7h]
Seat 4: P1xel7 won 5415


Winamax Poker - Tournament "Winamax Campus League - Stade 1-3" buyIn: 0€ + 0€ level: 6 - HandId: #3041146555659714631-87-1700512297 - Holdem no limit (60/250/500) - 2023/11/20 20:31:37 UTC
Table: 'Winamax Campus League - Stade 1-3(708072110)#0070' 6-max (real money) Seat #6 is the button
Seat 1: Doukygt24 (99966)
Seat 2: leototo (12375)
Seat 3: lAs-tr0naute (26204)
Seat 4: P1xel7 (22035)
Seat 5: Yunlepanda (17366)
Seat 6: Paul_Av (19116)
*** ANTE/BLINDS ***
Doukygt24 posts ante 60
leototo posts ante 60
lAs-tr0naute posts ante 60
P1xel7 posts ante 60
Yunlepanda posts ante 60
Paul_Av posts ante 60
Doukygt24 posts small blind 250
leototo posts big blind 500
Dealt to P1xel7 [9s Qs]
*** PRE-FLOP *** 
lAs-tr0naute raises 1000 to 1500
P1xel7 folds
Yunlepanda folds
Paul_Av folds
Doukygt24 calls 1250
leototo folds
*** FLOP *** [5d 8d 2c]
Doukygt24 checks
lAs-tr0naute checks
*** TURN *** [5d 8d 2c][Ks]
Doukygt24 bets 1351
lAs-tr0naute folds
Doukygt24 collected 5211 from pot
*** SUMMARY ***
Total pot 5211 | No rake
Board: [5d 8d 2c Ks]
Seat 1: Doukygt24 (small blind) won 5211


Winamax Poker - Tournament "Winamax Campus League - Stade 1-3" buyIn: 0€ + 0€ level: 6 - HandId: #3041146555659714631-88-1700512328 - Holdem no limit (60/250/500) - 2023/11/20 20:32:08 UTC
Table: 'Winamax Campus League - Stade 1-3(708072110)#0070' 6-max (real money) Seat #1 is the button
Seat 1: Doukygt24 (102266)
Seat 2: leototo (11815)
Seat 3: lAs-tr0naute (24644)
Seat 4: P1xel7 (21975)
Seat 5: Yunlepanda (17306)
Seat 6: Paul_Av (19056)
*** ANTE/BLINDS ***
leototo posts ante 60
lAs-tr0naute posts ante 60
Doukygt24 posts ante 60
P1xel7 posts ante 60
Yunlepanda posts ante 60
Paul_Av posts ante 60
leototo posts small blind 250
lAs-tr0naute posts big blind 500
Dealt to P1xel7 [Jd Ah]
*** PRE-FLOP *** 
P1xel7 raises 1000 to 1500
Yunlepanda folds
Paul_Av folds
Doukygt24 folds
leototo folds
lAs-tr0naute calls 1000
*** FLOP *** [9c 3h Ts]
lAs-tr0naute bets 1000
P1xel7 calls 1000
*** TURN *** [9c 3h Ts][8c]
lAs-tr0naute bets 1000
P1xel7 calls 1000
*** RIVER *** [9c 3h Ts 8c][7s]
lAs-tr0naute bets 1500
P1xel7 raises 4555 to 6055
lAs-tr0naute calls 4555
*** SHOW DOWN ***
lAs-tr0naute shows [6d 8d] (Straight Ten high)
P1xel7 shows [Jd Ah] (Straight Jack high)
P1xel7 collected 19720 from pot
*** SUMMARY ***
Total pot 19720 | No rake
Board: [9c 3h Ts 8c 7s]
Seat 3: lAs-tr0naute (big blind) showed [6d 8d] and lost with Straight Ten high
Seat 4: P1xel7 showed [Jd Ah] and won 19720 with Straight Jack high


Winamax Poker - Tournament "Winamax Campus League - Stade 1-3" buyIn: 0€ + 0€ level: 6 - HandId: #3041146555659714631-89-1700512378 - Holdem no limit (60/250/500) - 2023/11/20 20:32:58 UTC
Table: 'Winamax Campus League - Stade 1-3(708072110)#0070' 6-max (real money) Seat #2 is the button
Seat 1: Doukygt24 (102206)
Seat 2: leototo (11505)
Seat 3: lAs-tr0naute (15029)
Seat 4: P1xel7 (32080)
Seat 5: Yunlepanda (17246)
Seat 6: Paul_Av (18996)
*** ANTE/BLINDS ***
lAs-tr0naute posts ante 60
P1xel7 posts ante 60
Doukygt24 posts ante 60
leototo posts ante 60
Yunlepanda posts ante 60
Paul_Av posts ante 60
lAs-tr0naute posts small blind 250
P1xel7 posts big blind 500
Dealt to P1xel7 [7d 9s]
*** PRE-FLOP *** 
Yunlepanda folds
Paul_Av folds
Doukygt24 folds
leototo folds
lAs-tr0naute folds
P1xel7 collected 1110 from pot
*** SUMMARY ***
Total pot 1110 | No rake
Seat 4: P1xel7 (big blind) won 1110


Winamax Poker - Tournament "Winamax Campus League - Stade 1-3" buyIn: 0€ + 0€ level: 6 - HandId: #3041146555659714631-90-1700512386 - Holdem no limit (60/250/500) - 2023/11/20 20:33:06 UTC
Table: 'Winamax Campus League - Stade 1-3(708072110)#0070' 6-max (real money) Seat #3 is the button
Seat 1: Doukygt24 (102146)
Seat 2: leototo (11445)
Seat 3: lAs-tr0naute (14719)
Seat 4: P1xel7 (32630)
Seat 5: Yunlepanda (17186)
Seat 6: Paul_Av (18936)
*** ANTE/BLINDS ***
P1xel7 posts ante 60
Yunlepanda posts ante 60
Doukygt24 posts ante 60
leototo posts ante 60
lAs-tr0naute posts ante 60
Paul_Av posts ante 60
P1xel7 posts small blind 250
Yunlepanda posts big blind 500
Dealt to P1xel7 [Qs Kc]
*** PRE-FLOP *** 
Paul_Av calls 500
Doukygt24 folds
leototo folds
lAs-tr0naute folds
P1xel7 calls 250
Yunlepanda checks
*** FLOP *** [3s Ks Ac]
P1xel7 checks
Yunlepanda checks
Paul_Av checks
*** TURN *** [3s Ks Ac][Th]
P1xel7 checks
Yunlepanda bets 651
Paul_Av calls 651
P1xel7 calls 651
*** RIVER *** [3s Ks Ac Th][2c]
P1xel7 checks
Yunlepanda checks
Paul_Av checks
*** SHOW DOWN ***
Yunlepanda shows [6c 3d] (One pair : 3)
Paul_Av shows [Jc 9c] (High card : Ace)
P1xel7 shows [Qs Kc] (One pair : Kings)
P1xel7 collected 3813 from pot
*** SUMMARY ***
Total pot 3813 | No rake
Board: [3s Ks Ac Th 2c]
Seat 4: P1xel7 (small blind) showed [Qs Kc] and won 3813 with One pair : Kings
Seat 5: Yunlepanda (big blind) showed [6c 3d] and lost with One pair : 3
Seat 6: Paul_Av showed [Jc 9c] and lost with High card : Ace


Winamax Poker - Tournament "Winamax Campus League - Stade 1-3" buyIn: 0€ + 0€ level: 6 - HandId: #3041146555659714631-91-1700512435 - Holdem no limit (60/250/500) - 2023/11/20 20:33:55 UTC
Table: 'Winamax Campus League - Stade 1-3(708072110)#0070' 6-max (real money) Seat #4 is the button
Seat 1: Doukygt24 (102086)
Seat 2: leototo (11385)
Seat 3: lAs-tr0naute (14659)
Seat 4: P1xel7 (35232)
Seat 5: Yunlepanda (15975)
Seat 6: Paul_Av (17725)
*** ANTE/BLINDS ***
Yunlepanda posts ante 60
Paul_Av posts ante 60
Doukygt24 posts ante 60
leototo posts ante 60
lAs-tr0naute posts ante 60
P1xel7 posts ante 60
Yunlepanda posts small blind 250
Paul_Av posts big blind 500
Dealt to P1xel7 [Kc As]
*** PRE-FLOP *** 
Doukygt24 folds
leototo folds
lAs-tr0naute folds
P1xel7 raises 1000 to 1500
Yunlepanda folds
Paul_Av folds
P1xel7 collected 2610 from pot
*** SUMMARY ***
Total pot 2610 | No rake
Seat 4: P1xel7 (button) won 2610


Winamax Poker - Tournament "Winamax Campus League - Stade 1-3" buyIn: 0€ + 0€ level: 6 - HandId: #3041146555659714631-92-1700512447 - Holdem no limit (60/250/500) - 2023/11/20 20:34:07 UTC
Table: 'Winamax Campus League - Stade 1-3(708072110)#0070' 6-max (real money) Seat #5 is the button
Seat 1: Doukygt24 (102026)
Seat 2: leototo (11325)
Seat 3: lAs-tr0naute (14599)
Seat 4: P1xel7 (36282)
Seat 5: Yunlepanda (15665)
Seat 6: Paul_Av (17165)
*** ANTE/BLINDS ***
Paul_Av posts ante 60
Doukygt24 posts ante 60
leototo posts ante 60
lAs-tr0naute posts ante 60
P1xel7 posts ante 60
Yunlepanda posts ante 60
Paul_Av posts small blind 250
Doukygt24 posts big blind 500
Dealt to P1xel7 [Ac 7h]
*** PRE-FLOP *** 
leototo folds
lAs-tr0naute folds
P1xel7 folds
Yunlepanda raises 1610 to 2110
Paul_Av folds
Doukygt24 folds
Yunlepanda collected 3220 from pot
*** SUMMARY ***
Total pot 3220 | No rake
Seat 5: Yunlepanda (button) won 3220


Winamax Poker - Tournament "Winamax Campus League - Stade 1-3" buyIn: 0€ + 0€ level: 6 - HandId: #3041146555659714631-93-1700512466 - Holdem no limit (60/250/500) - 2023/11/20 20:34:26 UTC
Table: 'Winamax Campus League - Stade 1-3(708072110)#0070' 6-max (real money) Seat #6 is the button
Seat 1: Doukygt24 (101466)
Seat 2: leototo (11265)
Seat 3: lAs-tr0naute (14539)
Seat 4: P1xel7 (36222)
Seat 5: Yunlepanda (16715)
Seat 6: Paul_Av (16855)
*** ANTE/BLINDS ***
Doukygt24 posts ante 60
leototo posts ante 60
lAs-tr0naute posts ante 60
P1xel7 posts ante 60
Yunlepanda posts ante 60
Paul_Av posts ante 60
Doukygt24 posts small blind 250
leototo posts big blind 500
Dealt to P1xel7 [Td 6s]
*** PRE-FLOP *** 
lAs-tr0naute folds
P1xel7 folds
Yunlepanda folds
Paul_Av folds
Doukygt24 raises 1000 to 1500
leototo folds
Doukygt24 collected 2360 from pot
*** SUMMARY ***
Total pot 2360 | No rake
Seat 1: Doukygt24 (small blind) won 2360


Winamax Poker - Tournament "Winamax Campus League - Stade 1-3" buyIn: 0€ + 0€ level: 6 - HandId: #3041146555659714631-94-1700512475 - Holdem no limit (60/250/500) - 2023/11/20 20:34:35 UTC
Table: 'Winamax Campus League - Stade 1-3(708072110)#0070' 6-max (real money) Seat #1 is the button
Seat 1: Doukygt24 (102266)
Seat 2: leototo (10705)
Seat 3: lAs-tr0naute (14479)
Seat 4: P1xel7 (36162)
Seat 5: Yunlepanda (16655)
Seat 6: Paul_Av (16795)
*** ANTE/BLINDS ***
leototo posts ante 60
lAs-tr0naute posts ante 60
Doukygt24 posts ante 60
P1xel7 posts ante 60
Yunlepanda posts ante 60
Paul_Av posts ante 60
leototo posts small blind 250
lAs-tr0naute posts big blind 500
Dealt to P1xel7 [Kh 3h]
*** PRE-FLOP *** 
P1xel7 folds
Yunlepanda folds
Paul_Av folds
Doukygt24 folds
leototo folds
lAs-tr0naute collected 1110 from pot
*** SUMMARY ***
Total pot 1110 | No rake
Seat 3: lAs-tr0naute (big blind) won 1110


Winamax Poker - Tournament "Winamax Campus League - Stade 1-3" buyIn: 0€ + 0€ level: 6 - HandId: #3041146555659714631-95-1700512487 - Holdem no limit (60/250/500) - 2023/11/20 20:34:47 UTC
Table: 'Winamax Campus League - Stade 1-3(708072110)#0070' 6-max (real money) Seat #2 is the button
Seat 1: Doukygt24 (102206)
Seat 2: leototo (10395)
Seat 3: lAs-tr0naute (15029)
Seat 4: P1xel7 (36102)
Seat 5: Yunlepanda (16595)
Seat 6: Paul_Av (16735)
*** ANTE/BLINDS ***
lAs-tr0naute posts ante 60
P1xel7 posts ante 60
Doukygt24 posts ante 60
leototo posts ante 60
Yunlepanda posts ante 60
Paul_Av posts ante 60
lAs-tr0naute posts small blind 250
P1xel7 posts big blind 500
Dealt to P1xel7 [Qs 5c]
*** PRE-FLOP *** 
Yunlepanda folds
Paul_Av folds
Doukygt24 folds
leototo folds
lAs-tr0naute folds
P1xel7 collected 1110 from pot
*** SUMMARY ***
Total pot 1110 | No rake
Seat 4: P1xel7 (big blind) won 1110


Winamax Poker - Tournament "Winamax Campus League - Stade 1-3" buyIn: 0€ + 0€ level: 6 - HandId: #3041146555659714631-96-1700512493 - Holdem no limit (60/250/500) - 2023/11/20 20:34:53 UTC
Table: 'Winamax Campus League - Stade 1-3(708072110)#0070' 6-max (real money) Seat #3 is the button
Seat 1: Doukygt24 (102146)
Seat 2: leototo (10335)
Seat 3: lAs-tr0naute (14719)
Seat 4: P1xel7 (36652)
Seat 5: Yunlepanda (16535)
Seat 6: Paul_Av (16675)
*** ANTE/BLINDS ***
P1xel7 posts ante 60
Yunlepanda posts ante 60
Doukygt24 posts ante 60
leototo posts ante 60
lAs-tr0naute posts ante 60
Paul_Av posts ante 60
P1xel7 posts small blind 250
Yunlepanda posts big blind 500
Dealt to P1xel7 [8d Kh]
*** PRE-FLOP *** 
Paul_Av folds
Doukygt24 folds
leototo folds
lAs-tr0naute raises 1000 to 1500
P1xel7 folds
Yunlepanda folds
lAs-tr0naute collected 2610 from pot
*** SUMMARY ***
Total pot 2610 | No rake
Seat 3: lAs-tr0naute (button) won 2610


Winamax Poker - Tournament "Winamax Campus League - Stade 1-3" buyIn: 0€ + 0€ level: 6 - HandId: #3041146555659714631-97-1700512506 - Holdem no limit (60/250/500) - 2023/11/20 20:35:06 UTC
Table: 'Winamax Campus League - Stade 1-3(708072110)#0070' 6-max (real money) Seat #4 is the button
Seat 1: Doukygt24 (102086)
Seat 2: leototo (10275)
Seat 3: lAs-tr0naute (15769)
Seat 4: P1xel7 (36342)
Seat 5: Yunlepanda (15975)
Seat 6: Paul_Av (16615)
*** ANTE/BLINDS ***
Yunlepanda posts ante 60
Paul_Av posts ante 60
Doukygt24 posts ante 60
leototo posts ante 60
lAs-tr0naute posts ante 60
P1xel7 posts ante 60
Yunlepanda posts small blind 250
Paul_Av posts big blind 500
Dealt to P1xel7 [9s 8h]
*** PRE-FLOP *** 
Doukygt24 folds
leototo folds
lAs-tr0naute folds
P1xel7 raises 1000 to 1500
Yunlepanda folds
Paul_Av calls 1000
*** FLOP *** [Kh 6c 2h]
Paul_Av checks
P1xel7 bets 2347
Paul_Av folds
P1xel7 collected 5957 from pot
*** SUMMARY ***
Total pot 5957 | No rake
Board: [Kh 6c 2h]
Seat 4: P1xel7 (button) won 5957


Winamax Poker - Tournament "Winamax Campus League - Stade 1-3" buyIn: 0€ + 0€ level: 6 - HandId: #3041146555659714631-98-1700512530 - Holdem no limit (60/250/500) - 2023/11/20 20:35:30 UTC
Table: 'Winamax Campus League - Stade 1-3(708072110)#0070' 6-max (real money) Seat #5 is the button
Seat 1: Doukygt24 (102026)
Seat 2: leototo (10215)
Seat 3: lAs-tr0naute (15709)
Seat 4: P1xel7 (38392)
Seat 5: Yunlepanda (15665)
Seat 6: Paul_Av (15055)
*** ANTE/BLINDS ***
Paul_Av posts ante 60
Doukygt24 posts ante 60
leototo posts ante 60
lAs-tr0naute posts ante 60
P1xel7 posts ante 60
Yunlepanda posts ante 60
Paul_Av posts small blind 250
Doukygt24 posts big blind 500
Dealt to P1xel7 [9c 3c]
*** PRE-FLOP *** 
leototo folds
lAs-tr0naute folds
P1xel7 folds
Yunlepanda folds
Paul_Av calls 250
Doukygt24 checks
*** FLOP *** [3d 8d 2s]
Paul_Av bets 1250
Doukygt24 folds
Paul_Av collected 2610 from pot
*** SUMMARY ***
Total pot 2610 | No rake
Board: [3d 8d 2s]
Seat 6: Paul_Av (small blind) won 2610


Winamax Poker - Tournament "Winamax Campus League - Stade 1-3" buyIn: 0€ + 0€ level: 6 - HandId: #3041146555659714631-99-1700512557 - Holdem no limit (60/250/500) - 2023/11/20 20:35:57 UTC
Table: 'Winamax Campus League - Stade 1-3(708072110)#0070' 6-max (real money) Seat #6 is the button
Seat 1: Doukygt24 (101466)
Seat 2: leototo (10155)
Seat 3: lAs-tr0naute (15649)
Seat 4: P1xel7 (38332)
Seat 5: Yunlepanda (15605)
Seat 6: Paul_Av (15855)
*** ANTE/BLINDS ***
Doukygt24 posts ante 60
leototo posts ante 60
lAs-tr0naute posts ante 60
P1xel7 posts ante 60
Yunlepanda posts ante 60
Paul_Av posts ante 60
Doukygt24 posts small blind 250
leototo posts big blind 500
Dealt to P1xel7 [6s Ad]
*** PRE-FLOP *** 
lAs-tr0naute folds
P1xel7 folds
Yunlepanda calls 500
Paul_Av folds
Doukygt24 calls 250
leototo folds
*** FLOP *** [4h 4d 5s]
Doukygt24 checks
Yunlepanda bets 651
Doukygt24 calls 651
*** TURN *** [4h 4d 5s][Tc]
Doukygt24 checks
Yunlepanda checks
*** RIVER *** [4h 4d 5s Tc][Td]
Doukygt24 bets 1581
Yunlepanda calls 1581
*** SHOW DOWN ***
Yunlepanda shows [Kc 9h] (Two pairs : Tens and 4)
Doukygt24 shows [As 3d] (Two pairs : Tens and 4)
Doukygt24 collected 6324 from pot
*** SUMMARY ***
Total pot 6324 | No rake
Board: [4h 4d 5s Tc Td]
Seat 1: Doukygt24 (small blind) showed [As 3d] and won 6324 with Two pairs : Tens and 4
Seat 5: Yunlepanda showed [Kc 9h] and lost with Two pairs : Tens and 4


Winamax Poker - Tournament "Winamax Campus League - Stade 1-3" buyIn: 0€ + 0€ level: 7 - HandId: #3041146555659714631-100-1700512586 - Holdem no limit (70/300/600) - 2023/11/20 20:36:26 UTC
Table: 'Winamax Campus League - Stade 1-3(708072110)#0070' 6-max (real money) Seat #1 is the button
Seat 1: Doukygt24 (104998)
Seat 2: leototo (9595)
Seat 3: lAs-tr0naute (15589)
Seat 4: P1xel7 (38272)
Seat 5: Yunlepanda (12813)
Seat 6: Paul_Av (15795)
*** ANTE/BLINDS ***
leototo posts ante 70
lAs-tr0naute posts ante 70
Doukygt24 posts ante 70
P1xel7 posts ante 70
Yunlepanda posts ante 70
Paul_Av posts ante 70
leototo posts small blind 300
lAs-tr0naute posts big blind 600
Dealt to P1xel7 [4d 7s]
*** PRE-FLOP *** 
P1xel7 folds
Yunlepanda folds
Paul_Av calls 600
Doukygt24 folds
leototo folds
lAs-tr0naute raises 1200 to 1800
Paul_Av calls 1200
*** FLOP *** [Kh 4c Js]
lAs-tr0naute bets 1200
Paul_Av calls 1200
*** TURN *** [Kh 4c Js][3d]
lAs-tr0naute bets 1200
Paul_Av calls 1200
*** RIVER *** [Kh 4c Js 3d][Qc]
lAs-tr0naute bets 1800
Paul_Av calls 1800
*** SHOW DOWN ***
Paul_Av shows [5h 5s] (One pair : 5)
lAs-tr0naute shows [Jc Qs] (Two pairs : Queens and Jacks)
lAs-tr0naute collected 12720 from pot
*** SUMMARY ***
Total pot 12720 | No rake
Board: [Kh 4c Js 3d Qc]
Seat 3: lAs-tr0naute (big blind) showed [Jc Qs] and won 12720 with Two pairs : Queens and Jacks
Seat 6: Paul_Av showed [5h 5s] and lost with One pair : 5


Winamax Poker - Tournament "Winamax Campus League - Stade 1-3" buyIn: 0€ + 0€ level: 7 - HandId: #3041146555659714631-101-1700512640 - Holdem no limit (70/300/600) - 2023/11/20 20:37:20 UTC
Table: 'Winamax Campus League - Stade 1-3(708072110)#0070' 6-max (real money) Seat #2 is the button
Seat 1: Doukygt24 (104928)
Seat 2: leototo (9225)
Seat 3: lAs-tr0naute (22239)
Seat 4: P1xel7 (38202)
Seat 5: Yunlepanda (12743)
Seat 6: Paul_Av (9725)
*** ANTE/BLINDS ***
lAs-tr0naute posts ante 70
P1xel7 posts ante 70
Doukygt24 posts ante 70
leototo posts ante 70
Yunlepanda posts ante 70
Paul_Av posts ante 70
lAs-tr0naute posts small blind 300
P1xel7 posts big blind 600
Dealt to P1xel7 [8s Ac]
*** PRE-FLOP *** 
Yunlepanda folds
Paul_Av raises 9055 to 9655 and is all-in
Doukygt24 folds
leototo folds
lAs-tr0naute folds
P1xel7 folds
Paul_Av collected 10975 from pot
*** SUMMARY ***
Total pot 10975 | No rake
Seat 6: Paul_Av won 10975


Winamax Poker - Tournament "Winamax Campus League - Stade 1-3" buyIn: 0€ + 0€ level: 7 - HandId: #3041146555659714631-102-1700512665 - Holdem no limit (70/300/600) - 2023/11/20 20:37:45 UTC
Table: 'Winamax Campus League - Stade 1-3(708072110)#0070' 6-max (real money) Seat #3 is the button
Seat 1: Doukygt24 (104858)
Seat 2: leototo (9155)
Seat 3: lAs-tr0naute (21869)
Seat 4: P1xel7 (37532)
Seat 5: Yunlepanda (12673)
Seat 6: Paul_Av (10975)
*** ANTE/BLINDS ***
P1xel7 posts ante 70
Yunlepanda posts ante 70
Doukygt24 posts ante 70
leototo posts ante 70
lAs-tr0naute posts ante 70
Paul_Av posts ante 70
P1xel7 posts small blind 300
Yunlepanda posts big blind 600
Dealt to P1xel7 [8d 7c]
*** PRE-FLOP *** 
Paul_Av folds
Doukygt24 raises 900 to 1500
leototo folds
lAs-tr0naute folds
P1xel7 folds
Yunlepanda folds
Doukygt24 collected 2820 from pot
*** SUMMARY ***
Total pot 2820 | No rake
Seat 1: Doukygt24 won 2820


Winamax Poker - Tournament "Winamax Campus League - Stade 1-3" buyIn: 0€ + 0€ level: 7 - HandId: #3041146555659714631-103-1700512709 - Holdem no limit (70/300/600) - 2023/11/20 20:38:29 UTC
Table: 'Winamax Campus League - Stade 1-3(708072110)#0070' 6-max (real money) Seat #4 is the button
Seat 1: Doukygt24 (106108)
Seat 2: leototo (9085)
Seat 3: lAs-tr0naute (21799)
Seat 4: P1xel7 (37162)
Seat 5: Yunlepanda (12003)
Seat 6: Paul_Av (10905)
*** ANTE/BLINDS ***
Yunlepanda posts ante 70
Paul_Av posts ante 70
Doukygt24 posts ante 70
leototo posts ante 70
lAs-tr0naute posts ante 70
P1xel7 posts ante 70
Yunlepanda posts small blind 300
Paul_Av posts big blind 600
Dealt to P1xel7 [3h 7s]
*** PRE-FLOP *** 
Doukygt24 calls 600
leototo folds
lAs-tr0naute folds
P1xel7 folds
Yunlepanda raises 11333 to 11933 and is all-in
Paul_Av folds
Doukygt24 folds
Yunlepanda collected 13553 from pot
*** SUMMARY ***
Total pot 13553 | No rake
Seat 5: Yunlepanda (small blind) won 13553


Winamax Poker - Tournament "Winamax Campus League - Stade 1-3" buyIn: 0€ + 0€ level: 7 - HandId: #3041146555659714631-104-1700512741 - Holdem no limit (70/300/600) - 2023/11/20 20:39:01 UTC
Table: 'Winamax Campus League - Stade 1-3(708072110)#0070' 6-max (real money) Seat #5 is the button
Seat 1: Doukygt24 (105438)
Seat 2: leototo (9015)
Seat 3: lAs-tr0naute (21729)
Seat 4: P1xel7 (37092)
Seat 5: Yunlepanda (13553)
Seat 6: Paul_Av (10235)
*** ANTE/BLINDS ***
Paul_Av posts ante 70
Doukygt24 posts ante 70
leototo posts ante 70
lAs-tr0naute posts ante 70
P1xel7 posts ante 70
Yunlepanda posts ante 70
Paul_Av posts small blind 300
Doukygt24 posts big blind 600
Dealt to P1xel7 [Jd Th]
*** PRE-FLOP *** 
leototo folds
lAs-tr0naute folds
P1xel7 folds
Yunlepanda calls 600
Paul_Av calls 300
Doukygt24 checks
*** FLOP *** [Td Ac Ad]
Paul_Av checks
Doukygt24 checks
Yunlepanda checks
*** TURN *** [Td Ac Ad][6h]
Paul_Av checks
Doukygt24 checks
Yunlepanda bets 777
Paul_Av folds
Doukygt24 calls 777
*** RIVER *** [Td Ac Ad 6h][7c]
Doukygt24 checks
Yunlepanda bets 3774
Doukygt24 folds
Yunlepanda collected 7548 from pot
*** SUMMARY ***
Total pot 7548 | No rake
Board: [Td Ac Ad 6h 7c]
Seat 5: Yunlepanda (button) won 7548


Winamax Poker - Tournament "Winamax Campus League - Stade 1-3" buyIn: 0€ + 0€ level: 7 - HandId: #3041146555659714631-105-1700512789 - Holdem no limit (70/300/600) - 2023/11/20 20:39:49 UTC
Table: 'Winamax Campus League - Stade 1-3(708072110)#0070' 6-max (real money) Seat #6 is the button
Seat 1: Doukygt24 (103991)
Seat 2: leototo (8945)
Seat 3: lAs-tr0naute (21659)
Seat 4: P1xel7 (37022)
Seat 5: Yunlepanda (15880)
Seat 6: Paul_Av (9565)
*** ANTE/BLINDS ***
Doukygt24 posts ante 70
leototo posts ante 70
lAs-tr0naute posts ante 70
P1xel7 posts ante 70
Yunlepanda posts ante 70
Paul_Av posts ante 70
Doukygt24 posts small blind 300
leototo posts big blind 600
Dealt to P1xel7 [Qs 2d]
*** PRE-FLOP *** 
lAs-tr0naute folds
P1xel7 folds
Yunlepanda calls 600
Paul_Av folds
Doukygt24 raises 1200 to 1800
leototo folds
Yunlepanda raises 14010 to 15810 and is all-in
Doukygt24 calls 14010
*** FLOP *** [Th 7h 2s]
*** TURN *** [Th 7h 2s][As]
*** RIVER *** [Th 7h 2s As][Ad]
*** SHOW DOWN ***
Doukygt24 shows [5d 6d] (One pair : Aces)
Yunlepanda shows [Qh Ks] (One pair : Aces)
Yunlepanda collected 32640 from pot
*** SUMMARY ***
Total pot 32640 | No rake
Board: [Th 7h 2s As Ad]
Seat 1: Doukygt24 (small blind) showed [5d 6d] and lost with One pair : Aces
Seat 5: Yunlepanda showed [Qh Ks] and won 32640 with One pair : Aces


Winamax Poker - Tournament "Winamax Campus League - Stade 1-3" buyIn: 0€ + 0€ level: 7 - HandId: #3041146555659714631-106-1700512808 - Holdem no limit (70/300/600) - 2023/11/20 20:40:08 UTC
Table: 'Winamax Campus League - Stade 1-3(708072110)#0070' 6-max (real money) Seat #1 is the button
Seat 1: Doukygt24 (88111)
Seat 2: leototo (8275)
Seat 3: lAs-tr0naute (21589)
Seat 4: P1xel7 (36952)
Seat 5: Yunlepanda (32640)
Seat 6: Paul_Av (9495)
*** ANTE/BLINDS ***
leototo posts ante 70
lAs-tr0naute posts ante 70
Doukygt24 posts ante 70
P1xel7 posts ante 70
Yunlepanda posts ante 70
Paul_Av posts ante 70
leototo posts small blind 300
lAs-tr0naute posts big blind 600
Dealt to P1xel7 [As 9s]
*** PRE-FLOP *** 
P1xel7 folds
Yunlepanda folds
Paul_Av folds
Doukygt24 folds
leototo folds
lAs-tr0naute collected 1320 from pot
*** SUMMARY ***
Total pot 1320 | No rake
Seat 3: lAs-tr0naute (big blind) won 1320


Winamax Poker - Tournament "Winamax Campus League - Stade 1-3" buyIn: 0€ + 0€ level: 7 - HandId: #3041146555659714631-107-1700512824 - Holdem no limit (70/300/600) - 2023/11/20 20:40:24 UTC
Table: 'Winamax Campus League - Stade 1-3(708072110)#0070' 6-max (real money) Seat #2 is the button
Seat 1: Doukygt24 (88041)
Seat 2: leototo (7905)
Seat 3: lAs-tr0naute (22239)
Seat 4: P1xel7 (36882)
Seat 5: Yunlepanda (32570)
Seat 6: Paul_Av (9425)
*** ANTE/BLINDS ***
lAs-tr0naute posts ante 70
P1xel7 posts ante 70
Doukygt24 posts ante 70
leototo posts ante 70
Yunlepanda posts ante 70
Paul_Av posts ante 70
lAs-tr0naute posts small blind 300
P1xel7 posts big blind 600
Dealt to P1xel7 [4s Js]
*** PRE-FLOP *** 
Yunlepanda folds
Paul_Av folds
Doukygt24 calls 600
leototo folds
lAs-tr0naute folds
P1xel7 checks
*** FLOP *** [5c 9h 8d]
P1xel7 checks
Doukygt24 checks
*** TURN *** [5c 9h 8d][6s]
P1xel7 bets 960
Doukygt24 folds
P1xel7 collected 2880 from pot
*** SUMMARY ***
Total pot 2880 | No rake
Board: [5c 9h 8d 6s]
Seat 4: P1xel7 (big blind) won 2880


Winamax Poker - Tournament "Winamax Campus League - Stade 1-3" buyIn: 0€ + 0€ level: 7 - HandId: #3041146555659714631-108-1700512847 - Holdem no limit (70/300/600) - 2023/11/20 20:40:47 UTC
Table: 'Winamax Campus League - Stade 1-3(708072110)#0070' 6-max (real money) Seat #3 is the button
Seat 1: Doukygt24 (87371)
Seat 2: leototo (7835)
Seat 3: lAs-tr0naute (21869)
Seat 4: P1xel7 (38132)
Seat 5: Yunlepanda (32500)
Seat 6: Paul_Av (9355)
*** ANTE/BLINDS ***
P1xel7 posts ante 70
Yunlepanda posts ante 70
Doukygt24 posts ante 70
leototo posts ante 70
lAs-tr0naute posts ante 70
Paul_Av posts ante 70
P1xel7 posts small blind 300
Yunlepanda posts big blind 600
Dealt to P1xel7 [3d 9d]
*** PRE-FLOP *** 
Paul_Av raises 900 to 1500
Doukygt24 raises 3000 to 4500
leototo folds
lAs-tr0naute folds
P1xel7 folds
Yunlepanda folds
Paul_Av raises 4785 to 9285 and is all-in
Doukygt24 calls 4785
*** FLOP *** [6d 7h Qc]
*** TURN *** [6d 7h Qc][4c]
*** RIVER *** [6d 7h Qc 4c][Kc]
*** SHOW DOWN ***
Doukygt24 shows [As Jh] (High card : Ace)
Paul_Av shows [Ac Jc] (Flush Ace high)
Paul_Av collected 19890 from pot
*** SUMMARY ***
Total pot 19890 | No rake
Board: [6d 7h Qc 4c Kc]
Seat 1: Doukygt24 showed [As Jh] and lost with High card : Ace
Seat 6: Paul_Av showed [Ac Jc] and won 19890 with Flush Ace high


Winamax Poker - Tournament "Winamax Campus League - Stade 1-3" buyIn: 0€ + 0€ level: 7 - HandId: #3041146555659714631-109-1700512870 - Holdem no limit (70/300/600) - 2023/11/20 20:41:10 UTC
Table: 'Winamax Campus League - Stade 1-3(708072110)#0070' 6-max (real money) Seat #4 is the button
Seat 1: Doukygt24 (78016)
Seat 2: leototo (7765)
Seat 3: lAs-tr0naute (21799)
Seat 4: P1xel7 (37762)
Seat 5: Yunlepanda (31830)
Seat 6: Paul_Av (19890)
*** ANTE/BLINDS ***
Yunlepanda posts ante 70
Paul_Av posts ante 70
Doukygt24 posts ante 70
leototo posts ante 70
lAs-tr0naute posts ante 70
P1xel7 posts ante 70
Yunlepanda posts small blind 300
Paul_Av posts big blind 600
Dealt to P1xel7 [6d 8s]
*** PRE-FLOP *** 
Doukygt24 folds
leototo folds
lAs-tr0naute folds
P1xel7 folds
Yunlepanda calls 300
Paul_Av checks
*** FLOP *** [9s 6c 5h]
Yunlepanda bets 1053
Paul_Av calls 1053
*** TURN *** [9s 6c 5h][Tc]
Yunlepanda checks
Paul_Av bets 1500
Yunlepanda folds
Paul_Av collected 5226 from pot
*** SUMMARY ***
Total pot 5226 | No rake
Board: [9s 6c 5h Tc]
Seat 6: Paul_Av (big blind) won 5226


Winamax Poker - Tournament "Winamax Campus League - Stade 1-3" buyIn: 0€ + 0€ level: 7 - HandId: #3041146555659714631-110-1700512920 - Holdem no limit (70/300/600) - 2023/11/20 20:42:00 UTC
Table: 'Winamax Campus League - Stade 1-3(708072110)#0070' 6-max (real money) Seat #5 is the button
Seat 1: Doukygt24 (77946)
Seat 3: lAs-tr0naute (21729)
Seat 4: P1xel7 (37692)
Seat 5: Yunlepanda (30107)
Seat 6: Paul_Av (21893)
*** ANTE/BLINDS ***
Paul_Av posts ante 70
Doukygt24 posts ante 70
lAs-tr0naute posts ante 70
P1xel7 posts ante 70
Yunlepanda posts ante 70
Paul_Av posts small blind 300
Doukygt24 posts big blind 600
Dealt to P1xel7 [7s 6h]
*** PRE-FLOP *** 
lAs-tr0naute raises 600 to 1200
P1xel7 folds
Yunlepanda folds
Paul_Av folds
Doukygt24 raises 2700 to 3900
lAs-tr0naute calls 2700
*** FLOP *** [Kd As 6c]
Doukygt24 checks
lAs-tr0naute bets 1800
Doukygt24 raises 1800 to 3600
lAs-tr0naute calls 1800
*** TURN *** [Kd As 6c][Ad]
Doukygt24 bets 70376 and is all-in
lAs-tr0naute calls 14159 and is all-in
*** RIVER *** [Kd As 6c Ad][6s]
*** SHOW DOWN ***
Doukygt24 shows [9s 9h] (Two pairs : Aces and 9)
lAs-tr0naute shows [4h Ah] (Full of Aces and 6)
lAs-tr0naute collected 43968 from main pot
Doukygt24 collected 56217 from side pot 1
*** SUMMARY ***
Total pot 100185 | No rake
Board: [Kd As 6c Ad 6s]
Seat 1: Doukygt24 (big blind) showed [9s 9h] and won 56217 with Two pairs : Aces and 9
Seat 3: lAs-tr0naute showed [4h Ah] and won 43968 with Full of Aces and 6


Winamax Poker - Tournament "Winamax Campus League - Stade 1-3" buyIn: 0€ + 0€ level: 8 - HandId: #3041146555659714631-111-1700512967 - Holdem no limit (80/350/700) - 2023/11/20 20:42:47 UTC
Table: 'Winamax Campus League - Stade 1-3(708072110)#0070' 6-max (real money) Seat #6 is the button
Seat 1: Doukygt24 (56217)
Seat 3: lAs-tr0naute (43968)
Seat 4: P1xel7 (37622)
Seat 5: Yunlepanda (30037)
Seat 6: Paul_Av (21523)
*** ANTE/BLINDS ***
Doukygt24 posts ante 80
lAs-tr0naute posts ante 80
P1xel7 posts ante 80
Yunlepanda posts ante 80
Paul_Av posts ante 80
Doukygt24 posts small blind 350
lAs-tr0naute posts big blind 700
Dealt to P1xel7 [8d Ad]
*** PRE-FLOP *** 
P1xel7 folds
Yunlepanda raises 29257 to 29957 and is all-in
Paul_Av folds
Doukygt24 folds
lAs-tr0naute folds
Yunlepanda collected 31407 from pot
*** SUMMARY ***
Total pot 31407 | No rake
Seat 5: Yunlepanda won 31407


Winamax Poker - Tournament "Winamax Campus League - Stade 1-3" buyIn: 0€ + 0€ level: 8 - HandId: #3041146555659714631-112-1700512994 - Holdem no limit (80/350/700) - 2023/11/20 20:43:14 UTC
Table: 'Winamax Campus League - Stade 1-3(708072110)#0070' 6-max (real money) Seat #1 is the button
Seat 1: Doukygt24 (55787)
Seat 3: lAs-tr0naute (43188)
Seat 4: P1xel7 (37542)
Seat 5: Yunlepanda (31407)
Seat 6: Paul_Av (21443)
*** ANTE/BLINDS ***
lAs-tr0naute posts ante 80
P1xel7 posts ante 80
Doukygt24 posts ante 80
Yunlepanda posts ante 80
Paul_Av posts ante 80
lAs-tr0naute posts small blind 350
P1xel7 posts big blind 700
Dealt to P1xel7 [4h Qh]
*** PRE-FLOP *** 
Yunlepanda folds
Paul_Av folds
Doukygt24 folds
lAs-tr0naute raises 700 to 1400
P1xel7 calls 700
*** FLOP *** [5d Jh 9c]
lAs-tr0naute checks
P1xel7 bets 1600
lAs-tr0naute folds
P1xel7 collected 4800 from pot
*** SUMMARY ***
Total pot 4800 | No rake
Board: [5d Jh 9c]
Seat 4: P1xel7 (big blind) won 4800


Winamax Poker - Tournament "Winamax Campus League - Stade 1-3" buyIn: 0€ + 0€ level: 8 - HandId: #3041146555659714631-113-1700513027 - Holdem no limit (80/350/700) - 2023/11/20 20:43:47 UTC
Table: 'Winamax Campus League - Stade 1-3(708072110)#0070' 6-max (real money) Seat #3 is the button
Seat 1: Doukygt24 (55707)
Seat 2: Tweenerprono (16792)
Seat 3: lAs-tr0naute (41708)
Seat 4: P1xel7 (39262)
Seat 5: Yunlepanda (31327)
Seat 6: Paul_Av (21363)
*** ANTE/BLINDS ***
P1xel7 posts ante 80
Yunlepanda posts ante 80
Doukygt24 posts ante 80
Tweenerprono posts ante 80
lAs-tr0naute posts ante 80
Paul_Av posts ante 80
P1xel7 posts small blind 350
Yunlepanda posts big blind 700
Dealt to P1xel7 [7h 8s]
*** PRE-FLOP *** 
Paul_Av folds
Doukygt24 folds
Tweenerprono folds
lAs-tr0naute raises 1400 to 2100
P1xel7 folds
Yunlepanda calls 1400
*** FLOP *** [Ad 9s 2s]
Yunlepanda checks
lAs-tr0naute bets 1400
Yunlepanda folds
lAs-tr0naute collected 6430 from pot
*** SUMMARY ***
Total pot 6430 | No rake
Board: [Ad 9s 2s]
Seat 3: lAs-tr0naute (button) won 6430


Winamax Poker - Tournament "Winamax Campus League - Stade 1-3" buyIn: 0€ + 0€ level: 8 - HandId: #3041146555659714631-114-1700513048 - Holdem no limit (80/350/700) - 2023/11/20 20:44:08 UTC
Table: 'Winamax Campus League - Stade 1-3(708072110)#0070' 6-max (real money) Seat #4 is the button
Seat 1: Doukygt24 (55627)
Seat 2: Tweenerprono (16712)
Seat 3: lAs-tr0naute (44558)
Seat 4: P1xel7 (38832)
Seat 5: Yunlepanda (29147)
Seat 6: Paul_Av (21283)
*** ANTE/BLINDS ***
Yunlepanda posts ante 80
Paul_Av posts ante 80
Doukygt24 posts ante 80
Tweenerprono posts ante 80
lAs-tr0naute posts ante 80
P1xel7 posts ante 80
Yunlepanda posts small blind 350
Paul_Av posts big blind 700
Dealt to P1xel7 [Kh 2h]
*** PRE-FLOP *** 
Doukygt24 folds
Tweenerprono folds
lAs-tr0naute folds
P1xel7 raises 1400 to 2100
Yunlepanda folds
Paul_Av folds
P1xel7 collected 3630 from pot
*** SUMMARY ***
Total pot 3630 | No rake
Seat 4: P1xel7 (button) won 3630


Winamax Poker - Tournament "Winamax Campus League - Stade 1-3" buyIn: 0€ + 0€ level: 8 - HandId: #3041146555659714631-115-1700513068 - Holdem no limit (80/350/700) - 2023/11/20 20:44:28 UTC
Table: 'Winamax Campus League - Stade 1-3(708072110)#0070' 6-max (real money) Seat #5 is the button
Seat 1: Doukygt24 (55547)
Seat 2: Tweenerprono (16632)
Seat 3: lAs-tr0naute (44478)
Seat 4: P1xel7 (40282)
Seat 5: Yunlepanda (28717)
Seat 6: Paul_Av (20503)
*** ANTE/BLINDS ***
Paul_Av posts ante 80
Doukygt24 posts ante 80
Tweenerprono posts ante 80
lAs-tr0naute posts ante 80
P1xel7 posts ante 80
Yunlepanda posts ante 80
Paul_Av posts small blind 350
Doukygt24 posts big blind 700
Dealt to P1xel7 [As 7s]
*** PRE-FLOP *** 
Tweenerprono folds
lAs-tr0naute folds
P1xel7 raises 1400 to 2100
Yunlepanda folds
Paul_Av raises 18323 to 20423 and is all-in
Doukygt24 folds
P1xel7 folds
Paul_Av collected 23703 from pot
*** SUMMARY ***
Total pot 23703 | No rake
Seat 6: Paul_Av (small blind) won 23703


Winamax Poker - Tournament "Winamax Campus League - Stade 1-3" buyIn: 0€ + 0€ level: 8 - HandId: #3041146555659714631-116-1700513103 - Holdem no limit (80/350/700) - 2023/11/20 20:45:03 UTC
Table: 'Winamax Campus League - Stade 1-3(708072110)#0070' 6-max (real money) Seat #6 is the button
Seat 1: Doukygt24 (54767)
Seat 2: Tweenerprono (16552)
Seat 3: lAs-tr0naute (44398)
Seat 4: P1xel7 (38102)
Seat 5: Yunlepanda (28637)
Seat 6: Paul_Av (23703)
*** ANTE/BLINDS ***
Doukygt24 posts ante 80
Tweenerprono posts ante 80
lAs-tr0naute posts ante 80
P1xel7 posts ante 80
Yunlepanda posts ante 80
Paul_Av posts ante 80
Doukygt24 posts small blind 350
Tweenerprono posts big blind 700
Dealt to P1xel7 [Qh Kd]
*** PRE-FLOP *** 
lAs-tr0naute raises 700 to 1400
P1xel7 folds
Yunlepanda folds
Paul_Av folds
Doukygt24 folds
Tweenerprono folds
lAs-tr0naute collected 2930 from pot
*** SUMMARY ***
Total pot 2930 | No rake
Seat 3: lAs-tr0naute won 2930


Winamax Poker - Tournament "Winamax Campus League - Stade 1-3" buyIn: 0€ + 0€ level: 8 - HandId: #3041146555659714631-117-1700513130 - Holdem no limit (80/350/700) - 2023/11/20 20:45:30 UTC
Table: 'Winamax Campus League - Stade 1-3(708072110)#0070' 6-max (real money) Seat #1 is the button
Seat 1: Doukygt24 (54337)
Seat 2: Tweenerprono (15772)
Seat 3: lAs-tr0naute (45848)
Seat 4: P1xel7 (38022)
Seat 5: Yunlepanda (28557)
Seat 6: Paul_Av (23623)
*** ANTE/BLINDS ***
Tweenerprono posts ante 80
lAs-tr0naute posts ante 80
Doukygt24 posts ante 80
P1xel7 posts ante 80
Yunlepanda posts ante 80
Paul_Av posts ante 80
Tweenerprono posts small blind 350
lAs-tr0naute posts big blind 700
Dealt to P1xel7 [4d Ks]
*** PRE-FLOP *** 
P1xel7 folds
Yunlepanda folds
Paul_Av folds
Doukygt24 raises 1050 to 1750
Tweenerprono folds
lAs-tr0naute folds
Doukygt24 collected 3280 from pot
*** SUMMARY ***
Total pot 3280 | No rake
Seat 1: Doukygt24 (button) won 3280


Winamax Poker - Tournament "Winamax Campus League - Stade 1-3" buyIn: 0€ + 0€ level: 8 - HandId: #3041146555659714631-118-1700513152 - Holdem no limit (80/350/700) - 2023/11/20 20:45:52 UTC
Table: 'Winamax Campus League - Stade 1-3(708072110)#0070' 6-max (real money) Seat #2 is the button
Seat 1: Doukygt24 (55787)
Seat 2: Tweenerprono (15342)
Seat 3: lAs-tr0naute (45068)
Seat 4: P1xel7 (37942)
Seat 5: Yunlepanda (28477)
Seat 6: Paul_Av (23543)
*** ANTE/BLINDS ***
lAs-tr0naute posts ante 80
P1xel7 posts ante 80
Doukygt24 posts ante 80
Tweenerprono posts ante 80
Yunlepanda posts ante 80
Paul_Av posts ante 80
lAs-tr0naute posts small blind 350
P1xel7 posts big blind 700
Dealt to P1xel7 [Tc Kd]
*** PRE-FLOP *** 
Yunlepanda folds
Paul_Av folds
Doukygt24 folds
Tweenerprono folds
lAs-tr0naute raises 700 to 1400
P1xel7 raises 2800 to 4200
lAs-tr0naute folds
P1xel7 collected 6080 from pot
*** SUMMARY ***
Total pot 6080 | No rake
Seat 4: P1xel7 (big blind) won 6080


Winamax Poker - Tournament "Winamax Campus League - Stade 1-3" buyIn: 0€ + 0€ level: 8 - HandId: #3041146555659714631-119-1700513169 - Holdem no limit (80/350/700) - 2023/11/20 20:46:09 UTC
Table: 'Winamax Campus League - Stade 1-3(708072110)#0070' 6-max (real money) Seat #3 is the button
Seat 1: Doukygt24 (55707)
Seat 2: Tweenerprono (15262)
Seat 3: lAs-tr0naute (43588)
Seat 4: P1xel7 (39742)
Seat 5: Yunlepanda (28397)
Seat 6: Paul_Av (23463)
*** ANTE/BLINDS ***
P1xel7 posts ante 80
Yunlepanda posts ante 80
Doukygt24 posts ante 80
Tweenerprono posts ante 80
lAs-tr0naute posts ante 80
Paul_Av posts ante 80
P1xel7 posts small blind 350
Yunlepanda posts big blind 700
Dealt to P1xel7 [Qh 7h]
*** PRE-FLOP *** 
Paul_Av folds
Doukygt24 folds
Tweenerprono folds
lAs-tr0naute folds
P1xel7 raises 1400 to 2100
Yunlepanda calls 1400
*** FLOP *** [2d 6d 2s]
P1xel7 bets 1638
Yunlepanda folds
P1xel7 collected 6318 from pot
*** SUMMARY ***
Total pot 6318 | No rake
Board: [2d 6d 2s]
Seat 4: P1xel7 (small blind) won 6318


Winamax Poker - Tournament "Winamax Campus League - Stade 1-3" buyIn: 0€ + 0€ level: 8 - HandId: #3041146555659714631-120-1700513224 - Holdem no limit (80/350/700) - 2023/11/20 20:47:04 UTC
Table: 'Winamax Campus League - Stade 1-3(708072110)#0070' 6-max (real money) Seat #4 is the button
Seat 1: Doukygt24 (55627)
Seat 2: Tweenerprono (15182)
Seat 3: lAs-tr0naute (43508)
Seat 4: P1xel7 (42242)
Seat 5: Yunlepanda (26217)
Seat 6: Paul_Av (23383)
*** ANTE/BLINDS ***
Yunlepanda posts ante 80
Paul_Av posts ante 80
Doukygt24 posts ante 80
Tweenerprono posts ante 80
lAs-tr0naute posts ante 80
P1xel7 posts ante 80
Yunlepanda posts small blind 350
Paul_Av posts big blind 700
Dealt to P1xel7 [Kh 9s]
*** PRE-FLOP *** 
Doukygt24 folds
Tweenerprono folds
lAs-tr0naute folds
P1xel7 raises 1050 to 1750
Yunlepanda folds
Paul_Av folds
P1xel7 collected 3280 from pot
*** SUMMARY ***
Total pot 3280 | No rake
Seat 4: P1xel7 (button) won 3280


Winamax Poker - Tournament "Winamax Campus League - Stade 1-3" buyIn: 0€ + 0€ level: 8 - HandId: #3041146555659714631-121-1700513239 - Holdem no limit (80/350/700) - 2023/11/20 20:47:19 UTC
Table: 'Winamax Campus League - Stade 1-3(708072110)#0070' 6-max (real money) Seat #5 is the button
Seat 1: Doukygt24 (55547)
Seat 2: Tweenerprono (15102)
Seat 3: lAs-tr0naute (43428)
Seat 4: P1xel7 (43692)
Seat 5: Yunlepanda (25787)
Seat 6: Paul_Av (22603)
*** ANTE/BLINDS ***
Paul_Av posts ante 80
Doukygt24 posts ante 80
Tweenerprono posts ante 80
lAs-tr0naute posts ante 80
P1xel7 posts ante 80
Yunlepanda posts ante 80
Paul_Av posts small blind 350
Doukygt24 posts big blind 700
Dealt to P1xel7 [8d Ts]
*** PRE-FLOP *** 
Tweenerprono folds
lAs-tr0naute folds
P1xel7 folds
Yunlepanda folds
Paul_Av raises 1050 to 1750
Doukygt24 raises 3500 to 5250
Paul_Av raises 17273 to 22523 and is all-in
Doukygt24 calls 17273
*** FLOP *** [6h Kd 3d]
*** TURN *** [6h Kd 3d][9c]
*** RIVER *** [6h Kd 3d 9c][Ks]
*** SHOW DOWN ***
Paul_Av shows [Ah Qd] (One pair : Kings)
Doukygt24 shows [Qc Qh] (Two pairs : Kings and Queens)
Doukygt24 collected 45526 from pot
*** SUMMARY ***
Total pot 45526 | No rake
Board: [6h Kd 3d 9c Ks]
Seat 1: Doukygt24 (big blind) showed [Qc Qh] and won 45526 with Two pairs : Kings and Queens
Seat 6: Paul_Av (small blind) showed [Ah Qd] and lost with One pair : Kings


Winamax Poker - Tournament "Winamax Campus League - Stade 1-3" buyIn: 0€ + 0€ level: 8 - HandId: #3041146555659714631-122-1700513274 - Holdem no limit (80/350/700) - 2023/11/20 20:47:54 UTC
Table: 'Winamax Campus League - Stade 1-3(708072110)#0070' 6-max (real money) Seat #6 is the button
Seat 1: Doukygt24 (78470)
Seat 2: Tweenerprono (15022)
Seat 3: lAs-tr0naute (43348)
Seat 4: P1xel7 (43612)
Seat 5: Yunlepanda (25707)
*** ANTE/BLINDS ***
Doukygt24 posts ante 80
Tweenerprono posts ante 80
lAs-tr0naute posts ante 80
P1xel7 posts ante 80
Yunlepanda posts ante 80
Doukygt24 posts small blind 350
Tweenerprono posts big blind 700
Dealt to P1xel7 [As 3c]
*** PRE-FLOP *** 
lAs-tr0naute folds
P1xel7 folds
Yunlepanda raises 2150 to 2850
Doukygt24 folds
Tweenerprono folds
Yunlepanda collected 4300 from pot
*** SUMMARY ***
Total pot 4300 | No rake
Seat 5: Yunlepanda won 4300


Winamax Poker - Tournament "Winamax Campus League - Stade 1-3" buyIn: 0€ + 0€ level: 9 - HandId: #3041146555659714631-123-1700513296 - Holdem no limit (100/400/800) - 2023/11/20 20:48:16 UTC
Table: 'Winamax Campus League - Stade 1-3(708072110)#0070' 6-max (real money) Seat #1 is the button
Seat 1: Doukygt24 (78040)
Seat 2: Tweenerprono (14242)
Seat 3: lAs-tr0naute (43268)
Seat 4: P1xel7 (43532)
Seat 5: Yunlepanda (27077)
Seat 6: Tullochboy42 (57567)
*** ANTE/BLINDS ***
Tweenerprono posts ante 100
lAs-tr0naute posts ante 100
Doukygt24 posts ante 100
P1xel7 posts ante 100
Yunlepanda posts ante 100
Tullochboy42 posts ante 100
Tweenerprono posts small blind 400
lAs-tr0naute posts big blind 800
Dealt to P1xel7 [2h Ah]
*** PRE-FLOP *** 
P1xel7 folds
Yunlepanda calls 800
Tullochboy42 folds
Doukygt24 calls 800
Tweenerprono folds
lAs-tr0naute checks
*** FLOP *** [7s 8c Jc]
lAs-tr0naute bets 1600
Yunlepanda calls 1600
Doukygt24 folds
*** TURN *** [7s 8c Jc][8s]
lAs-tr0naute checks
Yunlepanda checks
*** RIVER *** [7s 8c Jc 8s][3s]
lAs-tr0naute bets 1600
Yunlepanda calls 1600
*** SHOW DOWN ***
Yunlepanda shows [Ac Qc] (One pair : 8)
lAs-tr0naute shows [7c 4h] (Two pairs : 8 and 7)
lAs-tr0naute collected 9800 from pot
*** SUMMARY ***
Total pot 9800 | No rake
Board: [7s 8c Jc 8s 3s]
Seat 3: lAs-tr0naute (big blind) showed [7c 4h] and won 9800 with Two pairs : 8 and 7
Seat 5: Yunlepanda showed [Ac Qc] and lost with One pair : 8


Winamax Poker - Tournament "Winamax Campus League - Stade 1-3" buyIn: 0€ + 0€ level: 9 - HandId: #3041146555659714631-124-1700513328 - Holdem no limit (100/400/800) - 2023/11/20 20:48:48 UTC
Table: 'Winamax Campus League - Stade 1-3(708072110)#0070' 6-max (real money) Seat #2 is the button
Seat 1: Doukygt24 (77140)
Seat 2: Tweenerprono (13742)
Seat 3: lAs-tr0naute (48968)
Seat 4: P1xel7 (43432)
Seat 5: Yunlepanda (22977)
Seat 6: Tullochboy42 (57467)
*** ANTE/BLINDS ***
lAs-tr0naute posts ante 100
P1xel7 posts ante 100
Doukygt24 posts ante 100
Tweenerprono posts ante 100
Yunlepanda posts ante 100
Tullochboy42 posts ante 100
lAs-tr0naute posts small blind 400
P1xel7 posts big blind 800
Dealt to P1xel7 [Ah Qc]
*** PRE-FLOP *** 
Yunlepanda folds
Tullochboy42 folds
Doukygt24 folds
Tweenerprono folds
lAs-tr0naute folds
P1xel7 collected 1800 from pot
*** SUMMARY ***
Total pot 1800 | No rake
Seat 4: P1xel7 (big blind) won 1800


Winamax Poker - Tournament "Winamax Campus League - Stade 1-3" buyIn: 0€ + 0€ level: 9 - HandId: #3041146555659714631-125-1700513348 - Holdem no limit (100/400/800) - 2023/11/20 20:49:08 UTC
Table: 'Winamax Campus League - Stade 1-3(708072110)#0070' 6-max (real money) Seat #3 is the button
Seat 1: Doukygt24 (77040)
Seat 2: Tweenerprono (13642)
Seat 3: lAs-tr0naute (48468)
Seat 4: P1xel7 (44332)
Seat 5: Yunlepanda (22877)
Seat 6: Tullochboy42 (57367)
*** ANTE/BLINDS ***
P1xel7 posts ante 100
Yunlepanda posts ante 100
Doukygt24 posts ante 100
Tweenerprono posts ante 100
lAs-tr0naute posts ante 100
Tullochboy42 posts ante 100
P1xel7 posts small blind 400
Yunlepanda posts big blind 800
Dealt to P1xel7 [Js Qs]
*** PRE-FLOP *** 
Tullochboy42 folds
Doukygt24 folds
Tweenerprono folds
lAs-tr0naute folds
P1xel7 raises 1600 to 2400
Yunlepanda folds
P1xel7 collected 3800 from pot
*** SUMMARY ***
Total pot 3800 | No rake
Seat 4: P1xel7 (small blind) won 3800


Winamax Poker - Tournament "Winamax Campus League - Stade 1-3" buyIn: 0€ + 0€ level: 9 - HandId: #3041146555659714631-126-1700513390 - Holdem no limit (100/400/800) - 2023/11/20 20:49:50 UTC
Table: 'Winamax Campus League - Stade 1-3(708072110)#0070' 6-max (real money) Seat #4 is the button
Seat 1: Doukygt24 (76940)
Seat 2: Tweenerprono (13542)
Seat 3: lAs-tr0naute (48368)
Seat 4: P1xel7 (45632)
Seat 5: Yunlepanda (21977)
Seat 6: Tullochboy42 (57267)
*** ANTE/BLINDS ***
Yunlepanda posts ante 100
Tullochboy42 posts ante 100
Doukygt24 posts ante 100
Tweenerprono posts ante 100
lAs-tr0naute posts ante 100
P1xel7 posts ante 100
Yunlepanda posts small blind 400
Tullochboy42 posts big blind 800
Dealt to P1xel7 [4s 6s]
*** PRE-FLOP *** 
Doukygt24 raises 1200 to 2000
Tweenerprono folds
lAs-tr0naute calls 2000
P1xel7 folds
Yunlepanda folds
Tullochboy42 folds
*** FLOP *** [7d 9d Ac]
Doukygt24 checks
lAs-tr0naute bets 2400
Doukygt24 calls 2400
*** TURN *** [7d 9d Ac][5h]
Doukygt24 checks
lAs-tr0naute bets 2400
Doukygt24 folds
lAs-tr0naute collected 13000 from pot
*** SUMMARY ***
Total pot 13000 | No rake
Board: [7d 9d Ac 5h]
Seat 3: lAs-tr0naute won 13000


Winamax Poker - Tournament "Winamax Campus League - Stade 1-3" buyIn: 0€ + 0€ level: 9 - HandId: #3041146555659714580-85-1700513503 - Holdem no limit (100/400/800) - 2023/11/20 20:51:43 UTC
Table: 'Winamax Campus League - Stade 1-3(708072110)#0019' 6-max (real money) Seat #5 is the button
Seat 1: Mirax24370 (42785)
Seat 2: queenCroco (23027)
Seat 3: P1xel7 (45532)
Seat 4: Chautoto22 (81218)
Seat 5: mpadawan (36137)
Seat 6: Mouton116309 (43718)
*** ANTE/BLINDS ***
Mouton116309 posts ante 100
Mirax24370 posts ante 100
queenCroco posts ante 100
P1xel7 posts ante 100
Chautoto22 posts ante 100
mpadawan posts ante 100
Mouton116309 posts small blind 400
Mirax24370 posts big blind 800
Dealt to P1xel7 [2d 3s]
*** PRE-FLOP *** 
queenCroco raises 1200 to 2000
P1xel7 folds
Chautoto22 folds
mpadawan calls 2000
Mouton116309 folds
Mirax24370 calls 1200
*** FLOP *** [Ah Qd 8c]
Mirax24370 bets 1200
queenCroco calls 1200
mpadawan calls 1200
*** TURN *** [Ah Qd 8c][Td]
Mirax24370 bets 1200
queenCroco calls 1200
mpadawan calls 1200
*** RIVER *** [Ah Qd 8c Td][Kc]
Mirax24370 bets 14200
queenCroco folds
mpadawan folds
Mirax24370 collected 28400 from pot
*** SUMMARY ***
Total pot 28400 | No rake
Board: [Ah Qd 8c Td Kc]
Seat 1: Mirax24370 (big blind) won 28400


Winamax Poker - Tournament "Winamax Campus League - Stade 1-3" buyIn: 0€ + 0€ level: 9 - HandId: #3041146555659714580-86-1700513573 - Holdem no limit (100/400/800) - 2023/11/20 20:52:53 UTC
Table: 'Winamax Campus League - Stade 1-3(708072110)#0019' 6-max (real money) Seat #6 is the button
Seat 1: Mirax24370 (52485)
Seat 2: queenCroco (18527)
Seat 3: P1xel7 (45432)
Seat 4: Chautoto22 (81118)
Seat 5: mpadawan (31637)
Seat 6: Mouton116309 (43218)
*** ANTE/BLINDS ***
Mirax24370 posts ante 100
queenCroco posts ante 100
P1xel7 posts ante 100
Chautoto22 posts ante 100
mpadawan posts ante 100
Mouton116309 posts ante 100
Mirax24370 posts small blind 400
queenCroco posts big blind 800
Dealt to P1xel7 [2d 4d]
*** PRE-FLOP *** 
P1xel7 folds
Chautoto22 folds
mpadawan folds
Mouton116309 folds
Mirax24370 raises 1200 to 2000
queenCroco folds
Mirax24370 collected 3400 from pot
*** SUMMARY ***
Total pot 3400 | No rake
Seat 1: Mirax24370 (small blind) won 3400


Winamax Poker - Tournament "Winamax Campus League - Stade 1-3" buyIn: 0€ + 0€ level: 9 - HandId: #3041146555659714580-87-1700513586 - Holdem no limit (100/400/800) - 2023/11/20 20:53:06 UTC
Table: 'Winamax Campus League - Stade 1-3(708072110)#0019' 6-max (real money) Seat #1 is the button
Seat 1: Mirax24370 (53785)
Seat 2: queenCroco (17627)
Seat 3: P1xel7 (45332)
Seat 4: Chautoto22 (81018)
Seat 5: mpadawan (31537)
Seat 6: Mouton116309 (43118)
*** ANTE/BLINDS ***
queenCroco posts ante 100
P1xel7 posts ante 100
Mirax24370 posts ante 100
Chautoto22 posts ante 100
mpadawan posts ante 100
Mouton116309 posts ante 100
queenCroco posts small blind 400
P1xel7 posts big blind 800
Dealt to P1xel7 [6c 9c]
*** PRE-FLOP *** 
Chautoto22 raises 37535 to 38335
mpadawan folds
Mouton116309 folds
Mirax24370 folds
queenCroco folds
P1xel7 folds
Chautoto22 collected 40135 from pot
*** SUMMARY ***
Total pot 40135 | No rake
Seat 4: Chautoto22 won 40135


Winamax Poker - Tournament "Winamax Campus League - Stade 1-3" buyIn: 0€ + 0€ level: 9 - HandId: #3041146555659714580-88-1700513602 - Holdem no limit (100/400/800) - 2023/11/20 20:53:22 UTC
Table: 'Winamax Campus League - Stade 1-3(708072110)#0019' 6-max (real money) Seat #2 is the button
Seat 1: Mirax24370 (53685)
Seat 2: queenCroco (17127)
Seat 3: P1xel7 (44432)
Seat 4: Chautoto22 (82718)
Seat 5: mpadawan (31437)
Seat 6: Mouton116309 (43018)
*** ANTE/BLINDS ***
P1xel7 posts ante 100
Chautoto22 posts ante 100
Mirax24370 posts ante 100
queenCroco posts ante 100
mpadawan posts ante 100
Mouton116309 posts ante 100
P1xel7 posts small blind 400
Chautoto22 posts big blind 800
Dealt to P1xel7 [7c Kh]
*** PRE-FLOP *** 
mpadawan folds
Mouton116309 folds
Mirax24370 folds
queenCroco folds
P1xel7 folds
Chautoto22 collected 1800 from pot
*** SUMMARY ***
Total pot 1800 | No rake
Seat 4: Chautoto22 (big blind) won 1800


Winamax Poker - Tournament "Winamax Campus League - Stade 1-3" buyIn: 0€ + 0€ level: 9 - HandId: #3041146555659714580-89-1700513625 - Holdem no limit (100/400/800) - 2023/11/20 20:53:45 UTC
Table: 'Winamax Campus League - Stade 1-3(708072110)#0019' 6-max (real money) Seat #3 is the button
Seat 1: Mirax24370 (53585)
Seat 2: queenCroco (17027)
Seat 3: P1xel7 (43932)
Seat 4: Chautoto22 (83618)
Seat 5: mpadawan (31337)
Seat 6: Mouton116309 (42918)
*** ANTE/BLINDS ***
Chautoto22 posts ante 100
mpadawan posts ante 100
Mirax24370 posts ante 100
queenCroco posts ante 100
P1xel7 posts ante 100
Mouton116309 posts ante 100
Chautoto22 posts small blind 400
mpadawan posts big blind 800
Dealt to P1xel7 [8c 9c]
*** PRE-FLOP *** 
Mouton116309 folds
Mirax24370 folds
queenCroco folds
P1xel7 raises 1600 to 2400
Chautoto22 folds
mpadawan calls 1600
*** FLOP *** [Ac 6d 2h]
mpadawan checks
P1xel7 bets 2900
mpadawan folds
P1xel7 collected 8700 from pot
*** SUMMARY ***
Total pot 8700 | No rake
Board: [Ac 6d 2h]
Seat 3: P1xel7 (button) won 8700


Winamax Poker - Tournament "Winamax Campus League - Stade 1-3" buyIn: 0€ + 0€ level: 10 - HandId: #3041146555659714580-90-1700513651 - Holdem no limit (120/500/1000) - 2023/11/20 20:54:11 UTC
Table: 'Winamax Campus League - Stade 1-3(708072110)#0019' 6-max (real money) Seat #4 is the button
Seat 1: Mirax24370 (53485)
Seat 2: queenCroco (16927)
Seat 3: P1xel7 (47232)
Seat 4: Chautoto22 (83118)
Seat 5: mpadawan (28837)
Seat 6: Mouton116309 (42818)
*** ANTE/BLINDS ***
mpadawan posts ante 120
Mouton116309 posts ante 120
Mirax24370 posts ante 120
queenCroco posts ante 120
P1xel7 posts ante 120
Chautoto22 posts ante 120
mpadawan posts small blind 500
Mouton116309 posts big blind 1000
Dealt to P1xel7 [Tc Js]
*** PRE-FLOP *** 
Mirax24370 raises 2000 to 3000
queenCroco folds
P1xel7 folds
Chautoto22 folds
mpadawan folds
Mouton116309 calls 2000
*** FLOP *** [4d Ac Jd]
Mouton116309 checks
Mirax24370 bets 2000
Mouton116309 calls 2000
*** TURN *** [4d Ac Jd][7h]
Mouton116309 checks
Mirax24370 bets 2000
Mouton116309 raises 4027 to 6027
Mirax24370 calls 4027
*** RIVER *** [4d Ac Jd 7h][3s]
Mouton116309 checks
Mirax24370 checks
*** SHOW DOWN ***
Mirax24370 shows [Qh Qs] (One pair : Queens)
Mouton116309 shows [As 2h] (One pair : Aces)
Mouton116309 collected 23274 from pot
*** SUMMARY ***
Total pot 23274 | No rake
Board: [4d Ac Jd 7h 3s]
Seat 1: Mirax24370 showed [Qh Qs] and lost with One pair : Queens
Seat 6: Mouton116309 (big blind) showed [As 2h] and won 23274 with One pair : Aces


Winamax Poker - Tournament "Winamax Campus League - Stade 1-3" buyIn: 0€ + 0€ level: 10 - HandId: #3041146555659714580-91-1700513697 - Holdem no limit (120/500/1000) - 2023/11/20 20:54:57 UTC
Table: 'Winamax Campus League - Stade 1-3(708072110)#0019' 6-max (real money) Seat #5 is the button
Seat 1: Mirax24370 (42338)
Seat 2: queenCroco (16807)
Seat 3: P1xel7 (47112)
Seat 4: Chautoto22 (82998)
Seat 5: mpadawan (28217)
Seat 6: Mouton116309 (54945)
*** ANTE/BLINDS ***
Mouton116309 posts ante 120
Mirax24370 posts ante 120
queenCroco posts ante 120
P1xel7 posts ante 120
Chautoto22 posts ante 120
mpadawan posts ante 120
Mouton116309 posts small blind 500
Mirax24370 posts big blind 1000
Dealt to P1xel7 [7c 2s]
*** PRE-FLOP *** 
queenCroco calls 1000
P1xel7 folds
Chautoto22 calls 1000
mpadawan calls 1000
Mouton116309 calls 500
Mirax24370 checks
*** FLOP *** [6h Ad 4d]
Mouton116309 checks
Mirax24370 checks
queenCroco bets 3218
Chautoto22 folds
mpadawan folds
Mouton116309 folds
Mirax24370 folds
queenCroco collected 8938 from pot
*** SUMMARY ***
Total pot 8938 | No rake
Board: [6h Ad 4d]
Seat 2: queenCroco won 8938


Winamax Poker - Tournament "Winamax Campus League - Stade 1-3" buyIn: 0€ + 0€ level: 10 - HandId: #3041146555659714580-92-1700514060 - Holdem no limit (120/500/1000) - 2023/11/20 21:01:00 UTC
Table: 'Winamax Campus League - Stade 1-3(708072110)#0019' 6-max (real money) Seat #6 is the button
Seat 1: Mirax24370 (41218)
Seat 2: queenCroco (21407)
Seat 3: P1xel7 (46992)
Seat 4: Chautoto22 (81878)
Seat 5: mpadawan (27097)
Seat 6: Mouton116309 (53825)
*** ANTE/BLINDS ***
Mirax24370 posts ante 120
queenCroco posts ante 120
P1xel7 posts ante 120
Chautoto22 posts ante 120
mpadawan posts ante 120
Mouton116309 posts ante 120
Mirax24370 posts small blind 500
queenCroco posts big blind 1000
Dealt to P1xel7 [2c Ad]
*** PRE-FLOP *** 
P1xel7 folds
Chautoto22 folds
mpadawan folds
Mouton116309 raises 1500 to 2500
Mirax24370 folds
queenCroco calls 1500
*** FLOP *** [7d Th 9c]
queenCroco checks
Mouton116309 bets 2177
queenCroco calls 2177
*** TURN *** [7d Th 9c][3d]
queenCroco checks
Mouton116309 bets 5287
queenCroco folds
Mouton116309 collected 15861 from pot
*** SUMMARY ***
Total pot 15861 | No rake
Board: [7d Th 9c 3d]
Seat 6: Mouton116309 (button) won 15861


Winamax Poker - Tournament "Winamax Campus League - Stade 1-3" buyIn: 0€ + 0€ level: 10 - HandId: #3041146555659714580-93-1700514146 - Holdem no limit (120/500/1000) - 2023/11/20 21:02:26 UTC
Table: 'Winamax Campus League - Stade 1-3(708072110)#0019' 6-max (real money) Seat #1 is the button
Seat 1: Mirax24370 (40598)
Seat 2: queenCroco (16610)
Seat 3: P1xel7 (46872)
Seat 4: Chautoto22 (81758)
Seat 5: mpadawan (26977)
Seat 6: Mouton116309 (59602)
*** ANTE/BLINDS ***
queenCroco posts ante 120
P1xel7 posts ante 120
Mirax24370 posts ante 120
Chautoto22 posts ante 120
mpadawan posts ante 120
Mouton116309 posts ante 120
queenCroco posts small blind 500
P1xel7 posts big blind 1000
Dealt to P1xel7 [Jd 6c]
*** PRE-FLOP *** 
Chautoto22 folds
mpadawan folds
Mouton116309 raises 1500 to 2500
Mirax24370 folds
queenCroco folds
P1xel7 calls 1500
*** FLOP *** [5s 2h 2s]
P1xel7 checks
Mouton116309 bets 2177
P1xel7 folds
Mouton116309 collected 8397 from pot
*** SUMMARY ***
Total pot 8397 | No rake
Board: [5s 2h 2s]
Seat 6: Mouton116309 won 8397


Winamax Poker - Tournament "Winamax Campus League - Stade 1-3" buyIn: 0€ + 0€ level: 10 - HandId: #3041146555659714580-94-1700514207 - Holdem no limit (120/500/1000) - 2023/11/20 21:03:27 UTC
Table: 'Winamax Campus League - Stade 1-3(708072110)#0019' 6-max (real money) Seat #2 is the button
Seat 1: Mirax24370 (40478)
Seat 2: queenCroco (15990)
Seat 3: P1xel7 (44252)
Seat 4: Chautoto22 (81638)
Seat 5: mpadawan (26857)
Seat 6: Mouton116309 (63202)
*** ANTE/BLINDS ***
P1xel7 posts ante 120
Chautoto22 posts ante 120
Mirax24370 posts ante 120
queenCroco posts ante 120
mpadawan posts ante 120
Mouton116309 posts ante 120
P1xel7 posts small blind 500
Chautoto22 posts big blind 1000
Dealt to P1xel7 [6h 7c]
*** PRE-FLOP *** 
mpadawan folds
Mouton116309 raises 1500 to 2500
Mirax24370 folds
queenCroco folds
P1xel7 folds
Chautoto22 calls 1500
*** FLOP *** [6d 4h 9d]
Chautoto22 checks
Mouton116309 checks
*** TURN *** [6d 4h 9d][5s]
Chautoto22 checks
Mouton116309 checks
*** RIVER *** [6d 4h 9d 5s][8d]
Chautoto22 bets 2177
Mouton116309 calls 2177
*** SHOW DOWN ***
Mouton116309 shows [Qc Jh] (High card : Queen)
Chautoto22 shows [Jc 8h] (One pair : 8)
Chautoto22 collected 10574 from pot
*** SUMMARY ***
Total pot 10574 | No rake
Board: [6d 4h 9d 5s 8d]
Seat 4: Chautoto22 (big blind) showed [Jc 8h] and won 10574 with One pair : 8
Seat 6: Mouton116309 showed [Qc Jh] and lost with High card : Queen


Winamax Poker - Tournament "Winamax Campus League - Stade 1-3" buyIn: 0€ + 0€ level: 10 - HandId: #3041146555659714580-95-1700514308 - Holdem no limit (120/500/1000) - 2023/11/20 21:05:08 UTC
Table: 'Winamax Campus League - Stade 1-3(708072110)#0019' 6-max (real money) Seat #3 is the button
Seat 1: Mirax24370 (40358)
Seat 2: queenCroco (15870)
Seat 3: P1xel7 (43632)
Seat 4: Chautoto22 (87415)
Seat 5: mpadawan (26737)
Seat 6: Mouton116309 (58405)
*** ANTE/BLINDS ***
Chautoto22 posts ante 120
mpadawan posts ante 120
Mirax24370 posts ante 120
queenCroco posts ante 120
P1xel7 posts ante 120
Mouton116309 posts ante 120
Chautoto22 posts small blind 500
mpadawan posts big blind 1000
Dealt to P1xel7 [3s 4h]
*** PRE-FLOP *** 
Mouton116309 folds
Mirax24370 folds
queenCroco folds
P1xel7 folds
Chautoto22 calls 500
mpadawan raises 1000 to 2000
Chautoto22 calls 1000
*** FLOP *** [4c Tc Ah]
Chautoto22 bets 4720
mpadawan raises 4720 to 9440
Chautoto22 raises 23600 to 33040
mpadawan calls 15177 and is all-in
*** TURN *** [4c Tc Ah][6c]
*** RIVER *** [4c Tc Ah 6c][7h]
*** SHOW DOWN ***
Chautoto22 shows [Ad 8s] (One pair : Aces)
mpadawan shows [Jh As] (One pair : Aces)
mpadawan collected 53954 from main pot
Chautoto22 collected 8423 from side pot 1
*** SUMMARY ***
Total pot 62377 | No rake
Board: [4c Tc Ah 6c 7h]
Seat 4: Chautoto22 (small blind) showed [Ad 8s] and won 8423 with One pair : Aces
Seat 5: mpadawan (big blind) showed [Jh As] and won 53954 with One pair : Aces


Winamax Poker - Tournament "Winamax Campus League - Stade 1-3" buyIn: 0€ + 0€ level: 11 - HandId: #3041146555659714580-96-1700514379 - Holdem no limit (140/600/1200) - 2023/11/20 21:06:19 UTC
Table: 'Winamax Campus League - Stade 1-3(708072110)#0019' 6-max (real money) Seat #4 is the button
Seat 1: Mirax24370 (40238)
Seat 2: queenCroco (15750)
Seat 3: P1xel7 (43512)
Seat 4: Chautoto22 (60678)
Seat 5: mpadawan (53954)
Seat 6: Mouton116309 (58285)
*** ANTE/BLINDS ***
mpadawan posts ante 140
Mouton116309 posts ante 140
Mirax24370 posts ante 140
queenCroco posts ante 140
P1xel7 posts ante 140
Chautoto22 posts ante 140
mpadawan posts small blind 600
Mouton116309 posts big blind 1200
Dealt to P1xel7 [Qc 2c]
*** PRE-FLOP *** 
Mirax24370 raises 1200 to 2400
queenCroco folds
P1xel7 folds
Chautoto22 folds
mpadawan folds
Mouton116309 calls 1200
*** FLOP *** [Tc Qd Td]
Mouton116309 checks
Mirax24370 bets 3120
Mouton116309 folds
Mirax24370 collected 9360 from pot
*** SUMMARY ***
Total pot 9360 | No rake
Board: [Tc Qd Td]
Seat 1: Mirax24370 won 9360


Winamax Poker - Tournament "Winamax Campus League - Stade 1-3" buyIn: 0€ + 0€ level: 11 - HandId: #3041146555659714580-97-1700514421 - Holdem no limit (140/600/1200) - 2023/11/20 21:07:01 UTC
Table: 'Winamax Campus League - Stade 1-3(708072110)#0019' 6-max (real money) Seat #5 is the button
Seat 1: Mirax24370 (43938)
Seat 2: queenCroco (15610)
Seat 3: P1xel7 (43372)
Seat 4: Chautoto22 (60538)
Seat 5: mpadawan (53214)
Seat 6: Mouton116309 (55745)
*** ANTE/BLINDS ***
Mouton116309 posts ante 140
Mirax24370 posts ante 140
queenCroco posts ante 140
P1xel7 posts ante 140
Chautoto22 posts ante 140
mpadawan posts ante 140
Mouton116309 posts small blind 600
Mirax24370 posts big blind 1200
Dealt to P1xel7 [3c Qh]
*** PRE-FLOP *** 
queenCroco folds
P1xel7 folds
Chautoto22 raises 3840 to 5040
mpadawan folds
Mouton116309 folds
Mirax24370 folds
Chautoto22 collected 7680 from pot
*** SUMMARY ***
Total pot 7680 | No rake
Seat 4: Chautoto22 won 7680


Winamax Poker - Tournament "Winamax Campus League - Stade 1-3" buyIn: 0€ + 0€ level: 11 - HandId: #3041146555659714580-98-1700514472 - Holdem no limit (140/600/1200) - 2023/11/20 21:07:52 UTC
Table: 'Winamax Campus League - Stade 1-3(708072110)#0019' 6-max (real money) Seat #6 is the button
Seat 1: Mirax24370 (42598)
Seat 2: queenCroco (15470)
Seat 3: P1xel7 (43232)
Seat 4: Chautoto22 (63038)
Seat 5: mpadawan (53074)
Seat 6: Mouton116309 (55005)
*** ANTE/BLINDS ***
Mirax24370 posts ante 140
queenCroco posts ante 140
P1xel7 posts ante 140
Chautoto22 posts ante 140
mpadawan posts ante 140
Mouton116309 posts ante 140
Mirax24370 posts small blind 600
queenCroco posts big blind 1200
Dealt to P1xel7 [Kc 2c]
*** PRE-FLOP *** 
P1xel7 folds
Chautoto22 calls 1200
mpadawan calls 1200
Mouton116309 folds
Mirax24370 folds
queenCroco checks
*** FLOP *** [Jh Js 8c]
queenCroco checks
Chautoto22 bets 3276
mpadawan folds
queenCroco folds
Chautoto22 collected 8316 from pot
*** SUMMARY ***
Total pot 8316 | No rake
Board: [Jh Js 8c]
Seat 4: Chautoto22 won 8316


Winamax Poker - Tournament "Winamax Campus League - Stade 1-3" buyIn: 0€ + 0€ level: 11 - HandId: #3041146555659714580-99-1700514538 - Holdem no limit (140/600/1200) - 2023/11/20 21:08:58 UTC
Table: 'Winamax Campus League - Stade 1-3(708072110)#0019' 6-max (real money) Seat #1 is the button
Seat 1: Mirax24370 (41858)
Seat 2: queenCroco (14130)
Seat 3: P1xel7 (43092)
Seat 4: Chautoto22 (66738)
Seat 5: mpadawan (51734)
Seat 6: Mouton116309 (54865)
*** ANTE/BLINDS ***
queenCroco posts ante 140
P1xel7 posts ante 140
Mirax24370 posts ante 140
Chautoto22 posts ante 140
mpadawan posts ante 140
Mouton116309 posts ante 140
queenCroco posts small blind 600
P1xel7 posts big blind 1200
Dealt to P1xel7 [7c 9h]
*** PRE-FLOP *** 
Chautoto22 folds
mpadawan folds
Mouton116309 folds
Mirax24370 raises 1200 to 2400
queenCroco folds
P1xel7 calls 1200
*** FLOP *** [8h 8c Th]
P1xel7 checks
Mirax24370 bets 2184
P1xel7 calls 2184
*** TURN *** [8h 8c Th][As]
P1xel7 checks
Mirax24370 checks
*** RIVER *** [8h 8c Th As][6d]
P1xel7 bets 6895
Mirax24370 folds
P1xel7 collected 17503 from pot
*** SUMMARY ***
Total pot 17503 | No rake
Board: [8h 8c Th As 6d]
Seat 3: P1xel7 (big blind) won 17503


Winamax Poker - Tournament "Winamax Campus League - Stade 1-3" buyIn: 0€ + 0€ level: 11 - HandId: #3041146555659714580-100-1700514581 - Holdem no limit (140/600/1200) - 2023/11/20 21:09:41 UTC
Table: 'Winamax Campus League - Stade 1-3(708072110)#0019' 6-max (real money) Seat #2 is the button
Seat 1: Mirax24370 (37134)
Seat 2: queenCroco (13390)
Seat 3: P1xel7 (48976)
Seat 4: Chautoto22 (66598)
Seat 5: mpadawan (51594)
Seat 6: Mouton116309 (54725)
*** ANTE/BLINDS ***
P1xel7 posts ante 140
Chautoto22 posts ante 140
Mirax24370 posts ante 140
queenCroco posts ante 140
mpadawan posts ante 140
Mouton116309 posts ante 140
P1xel7 posts small blind 600
Chautoto22 posts big blind 1200
Dealt to P1xel7 [8h Ac]
*** PRE-FLOP *** 
mpadawan folds
Mouton116309 folds
Mirax24370 raises 1800 to 3000
queenCroco folds
P1xel7 calls 2400
Chautoto22 calls 1800
*** FLOP *** [Kc 9c 7h]
P1xel7 checks
Chautoto22 checks
Mirax24370 checks
*** TURN *** [Kc 9c 7h][4s]
P1xel7 bets 3444
Chautoto22 folds
Mirax24370 folds
P1xel7 collected 13284 from pot
*** SUMMARY ***
Total pot 13284 | No rake
Board: [Kc 9c 7h 4s]
Seat 3: P1xel7 (small blind) won 13284


Winamax Poker - Tournament "Winamax Campus League - Stade 1-3" buyIn: 0€ + 0€ level: 11 - HandId: #3041146555659714580-101-1700514647 - Holdem no limit (140/600/1200) - 2023/11/20 21:10:47 UTC
Table: 'Winamax Campus League - Stade 1-3(708072110)#0019' 6-max (real money) Seat #3 is the button
Seat 1: Mirax24370 (33994)
Seat 2: queenCroco (13250)
Seat 3: P1xel7 (55676)
Seat 4: Chautoto22 (63458)
Seat 5: mpadawan (51454)
Seat 6: Mouton116309 (54585)
*** ANTE/BLINDS ***
Chautoto22 posts ante 140
mpadawan posts ante 140
Mirax24370 posts ante 140
queenCroco posts ante 140
P1xel7 posts ante 140
Mouton116309 posts ante 140
Chautoto22 posts small blind 600
mpadawan posts big blind 1200
Dealt to P1xel7 [6d 7d]
*** PRE-FLOP *** 
Mouton116309 folds
Mirax24370 calls 1200
queenCroco raises 11910 to 13110 and is all-in
P1xel7 folds
Chautoto22 folds
mpadawan folds
Mirax24370 folds
queenCroco collected 16950 from pot
*** SUMMARY ***
Total pot 16950 | No rake
Seat 2: queenCroco won 16950


Winamax Poker - Tournament "Winamax Campus League - Stade 1-3" buyIn: 0€ + 0€ level: 11 - HandId: #3041146555659714580-102-1700514668 - Holdem no limit (140/600/1200) - 2023/11/20 21:11:08 UTC
Table: 'Winamax Campus League - Stade 1-3(708072110)#0019' 6-max (real money) Seat #4 is the button
Seat 1: Mirax24370 (32654)
Seat 2: queenCroco (16950)
Seat 3: P1xel7 (55536)
Seat 4: Chautoto22 (62718)
Seat 5: mpadawan (50114)
Seat 6: Mouton116309 (54445)
*** ANTE/BLINDS ***
mpadawan posts ante 140
Mouton116309 posts ante 140
Mirax24370 posts ante 140
queenCroco posts ante 140
P1xel7 posts ante 140
Chautoto22 posts ante 140
mpadawan posts small blind 600
Mouton116309 posts big blind 1200
Dealt to P1xel7 [8s 7d]
*** PRE-FLOP *** 
Mirax24370 folds
queenCroco folds
P1xel7 folds
Chautoto22 raises 3840 to 5040
mpadawan folds
Mouton116309 folds
Chautoto22 collected 7680 from pot
*** SUMMARY ***
Total pot 7680 | No rake
Seat 4: Chautoto22 (button) won 7680


Winamax Poker - Tournament "Winamax Campus League - Stade 1-3" buyIn: 0€ + 0€ level: 11 - HandId: #3041146555659714580-103-1700514690 - Holdem no limit (140/600/1200) - 2023/11/20 21:11:30 UTC
Table: 'Winamax Campus League - Stade 1-3(708072110)#0019' 6-max (real money) Seat #5 is the button
Seat 1: Mirax24370 (32514)
Seat 2: queenCroco (16810)
Seat 3: P1xel7 (55396)
Seat 4: Chautoto22 (65218)
Seat 5: mpadawan (49374)
Seat 6: Mouton116309 (53105)
*** ANTE/BLINDS ***
Mouton116309 posts ante 140
Mirax24370 posts ante 140
queenCroco posts ante 140
P1xel7 posts ante 140
Chautoto22 posts ante 140
mpadawan posts ante 140
Mouton116309 posts small blind 600
Mirax24370 posts big blind 1200
Dealt to P1xel7 [Jd 7h]
*** PRE-FLOP *** 
queenCroco folds
P1xel7 folds
Chautoto22 folds
mpadawan folds
Mouton116309 folds
Mirax24370 collected 2640 from pot
*** SUMMARY ***
Total pot 2640 | No rake
Seat 1: Mirax24370 (big blind) won 2640


Winamax Poker - Tournament "Winamax Campus League - Stade 1-3" buyIn: 0€ + 0€ level: 12 - HandId: #3041146555659714580-104-1700514727 - Holdem no limit (160/700/1400) - 2023/11/20 21:12:07 UTC
Table: 'Winamax Campus League - Stade 1-3(708072110)#0019' 6-max (real money) Seat #6 is the button
Seat 1: Mirax24370 (33814)
Seat 2: queenCroco (16670)
Seat 3: P1xel7 (55256)
Seat 4: Chautoto22 (65078)
Seat 5: mpadawan (49234)
Seat 6: Mouton116309 (52365)
*** ANTE/BLINDS ***
Mirax24370 posts ante 160
queenCroco posts ante 160
P1xel7 posts ante 160
Chautoto22 posts ante 160
mpadawan posts ante 160
Mouton116309 posts ante 160
Mirax24370 posts small blind 700
queenCroco posts big blind 1400
Dealt to P1xel7 [4s 2h]
*** PRE-FLOP *** 
P1xel7 folds
Chautoto22 calls 1400
mpadawan folds
Mouton116309 folds
Mirax24370 folds
queenCroco checks
*** FLOP *** [Ac Th Js]
queenCroco checks
Chautoto22 checks
*** TURN *** [Ac Th Js][9d]
queenCroco checks
Chautoto22 bets 2899
queenCroco calls 2899
*** RIVER *** [Ac Th Js 9d][5d]
queenCroco checks
Chautoto22 checks
*** SHOW DOWN ***
Chautoto22 shows [6h 9h] (One pair : 9)
queenCroco shows [As 8c] (One pair : Aces)
queenCroco collected 10258 from pot
*** SUMMARY ***
Total pot 10258 | No rake
Board: [Ac Th Js 9d 5d]
Seat 2: queenCroco (big blind) showed [As 8c] and won 10258 with One pair : Aces
Seat 4: Chautoto22 showed [6h 9h] and lost with One pair : 9


Winamax Poker - Tournament "Winamax Campus League - Stade 1-3" buyIn: 0€ + 0€ level: 12 - HandId: #3041146555659714580-105-1700514779 - Holdem no limit (160/700/1400) - 2023/11/20 21:12:59 UTC
Table: 'Winamax Campus League - Stade 1-3(708072110)#0019' 6-max (real money) Seat #1 is the button
Seat 1: Mirax24370 (32954)
Seat 2: queenCroco (22469)
Seat 3: P1xel7 (55096)
Seat 4: Chautoto22 (60619)
Seat 5: mpadawan (49074)
Seat 6: Mouton116309 (52205)
*** ANTE/BLINDS ***
queenCroco posts ante 160
P1xel7 posts ante 160
Mirax24370 posts ante 160
Chautoto22 posts ante 160
mpadawan posts ante 160
Mouton116309 posts ante 160
queenCroco posts small blind 700
P1xel7 posts big blind 1400
Dealt to P1xel7 [5d 8d]
*** PRE-FLOP *** 
Chautoto22 folds
mpadawan folds
Mouton116309 raises 2100 to 3500
Mirax24370 calls 3500
queenCroco folds
P1xel7 calls 2100
*** FLOP *** [Qh Th 7d]
P1xel7 checks
Mouton116309 checks
Mirax24370 bets 7904
P1xel7 folds
Mouton116309 folds
Mirax24370 collected 20064 from pot
*** SUMMARY ***
Total pot 20064 | No rake
Board: [Qh Th 7d]
Seat 1: Mirax24370 (button) won 20064


Winamax Poker - Tournament "Winamax Campus League - Stade 1-3" buyIn: 0€ + 0€ level: 12 - HandId: #3041146555659714580-106-1700514842 - Holdem no limit (160/700/1400) - 2023/11/20 21:14:02 UTC
Table: 'Winamax Campus League - Stade 1-3(708072110)#0019' 6-max (real money) Seat #2 is the button
Seat 1: Mirax24370 (41454)
Seat 2: queenCroco (21609)
Seat 3: P1xel7 (51436)
Seat 4: Chautoto22 (60459)
Seat 5: mpadawan (48914)
Seat 6: Mouton116309 (48545)
*** ANTE/BLINDS ***
P1xel7 posts ante 160
Chautoto22 posts ante 160
Mirax24370 posts ante 160
queenCroco posts ante 160
mpadawan posts ante 160
Mouton116309 posts ante 160
P1xel7 posts small blind 700
Chautoto22 posts big blind 1400
Dealt to P1xel7 [9d 2h]
*** PRE-FLOP *** 
mpadawan calls 1400
Mouton116309 folds
Mirax24370 calls 1400
queenCroco folds
P1xel7 folds
Chautoto22 checks
*** FLOP *** [Qh 3h 3d]
Chautoto22 checks
mpadawan bets 1400
Mirax24370 calls 1400
Chautoto22 folds
*** TURN *** [Qh 3h 3d][Ad]
mpadawan checks
Mirax24370 checks
*** RIVER *** [Qh 3h 3d Ad][7h]
mpadawan checks
Mirax24370 bets 2800
mpadawan folds
Mirax24370 collected 11460 from pot
*** SUMMARY ***
Total pot 11460 | No rake
Board: [Qh 3h 3d Ad 7h]
Seat 1: Mirax24370 won 11460


Winamax Poker - Tournament "Winamax Campus League - Stade 1-3" buyIn: 0€ + 0€ level: 12 - HandId: #3041146555659714580-107-1700514878 - Holdem no limit (160/700/1400) - 2023/11/20 21:14:38 UTC
Table: 'Winamax Campus League - Stade 1-3(708072110)#0019' 6-max (real money) Seat #3 is the button
Seat 1: Mirax24370 (47154)
Seat 2: queenCroco (21449)
Seat 3: P1xel7 (50576)
Seat 4: Chautoto22 (58899)
Seat 5: mpadawan (45954)
Seat 6: Mouton116309 (48385)
*** ANTE/BLINDS ***
Chautoto22 posts ante 160
mpadawan posts ante 160
Mirax24370 posts ante 160
queenCroco posts ante 160
P1xel7 posts ante 160
Mouton116309 posts ante 160
Chautoto22 posts small blind 700
mpadawan posts big blind 1400
Dealt to P1xel7 [6c 6h]
*** PRE-FLOP *** 
Mouton116309 folds
Mirax24370 raises 1400 to 2800
queenCroco folds
P1xel7 calls 2800
Chautoto22 calls 2100
mpadawan calls 1400
*** FLOP *** [9h 3h 8d]
Chautoto22 bets 55939 and is all-in
mpadawan folds
Mirax24370 folds
P1xel7 folds
Chautoto22 collected 68099 from pot
*** SUMMARY ***
Total pot 68099 | No rake
Board: [9h 3h 8d]
Seat 4: Chautoto22 (small blind) won 68099


Winamax Poker - Tournament "Winamax Campus League - Stade 1-3" buyIn: 0€ + 0€ level: 12 - HandId: #3041146555659714580-108-1700514932 - Holdem no limit (160/700/1400) - 2023/11/20 21:15:32 UTC
Table: 'Winamax Campus League - Stade 1-3(708072110)#0019' 6-max (real money) Seat #4 is the button
Seat 1: Mirax24370 (44194)
Seat 2: queenCroco (21289)
Seat 3: P1xel7 (47616)
Seat 4: Chautoto22 (68099)
Seat 5: mpadawan (42994)
Seat 6: Mouton116309 (48225)
*** ANTE/BLINDS ***
mpadawan posts ante 160
Mouton116309 posts ante 160
Mirax24370 posts ante 160
queenCroco posts ante 160
P1xel7 posts ante 160
Chautoto22 posts ante 160
mpadawan posts small blind 700
Mouton116309 posts big blind 1400
Dealt to P1xel7 [3s Js]
*** PRE-FLOP *** 
Mirax24370 calls 1400
queenCroco folds
P1xel7 folds
Chautoto22 folds
mpadawan calls 700
Mouton116309 checks
*** FLOP *** [Kc Kd 4c]
mpadawan checks
Mouton116309 checks
Mirax24370 bets 2580
mpadawan folds
Mouton116309 calls 2580
*** TURN *** [Kc Kd 4c][9s]
Mouton116309 checks
Mirax24370 bets 3500
Mouton116309 calls 3500
*** RIVER *** [Kc Kd 4c 9s][2h]
Mouton116309 checks
Mirax24370 checks
*** SHOW DOWN ***
Mouton116309 shows [4d Jc] (Two pairs : Kings and 4)
Mirax24370 shows [Jd 9d] (Two pairs : Kings and 9)
Mirax24370 collected 17320 from pot
*** SUMMARY ***
Total pot 17320 | No rake
Board: [Kc Kd 4c 9s 2h]
Seat 1: Mirax24370 showed [Jd 9d] and won 17320 with Two pairs : Kings and 9
Seat 6: Mouton116309 (big blind) showed [4d Jc] and lost with Two pairs : Kings and 4


Winamax Poker - Tournament "Winamax Campus League - Stade 1-3" buyIn: 0€ + 0€ level: 12 - HandId: #3041146555659714580-109-1700514986 - Holdem no limit (160/700/1400) - 2023/11/20 21:16:26 UTC
Table: 'Winamax Campus League - Stade 1-3(708072110)#0019' 6-max (real money) Seat #5 is the button
Seat 1: Mirax24370 (53874)
Seat 2: queenCroco (21129)
Seat 3: P1xel7 (47456)
Seat 4: Chautoto22 (67939)
Seat 5: mpadawan (41434)
Seat 6: Mouton116309 (40585)
*** ANTE/BLINDS ***
Mouton116309 posts ante 160
Mirax24370 posts ante 160
queenCroco posts ante 160
P1xel7 posts ante 160
Chautoto22 posts ante 160
mpadawan posts ante 160
Mouton116309 posts small blind 700
Mirax24370 posts big blind 1400
Dealt to P1xel7 [5s 7h]
*** PRE-FLOP *** 
queenCroco folds
P1xel7 folds
Chautoto22 folds
mpadawan folds
Mouton116309 raises 1750 to 3150
Mirax24370 calls 1750
*** FLOP *** [6d 7d As]
Mouton116309 bets 2541
Mirax24370 folds
Mouton116309 collected 9801 from pot
*** SUMMARY ***
Total pot 9801 | No rake
Board: [6d 7d As]
Seat 6: Mouton116309 (small blind) won 9801


Winamax Poker - Tournament "Winamax Campus League - Stade 1-3" buyIn: 0€ + 0€ level: 12 - HandId: #3041146555659714580-110-1700515015 - Holdem no limit (160/700/1400) - 2023/11/20 21:16:55 UTC
Table: 'Winamax Campus League - Stade 1-3(708072110)#0019' 6-max (real money) Seat #6 is the button
Seat 1: Mirax24370 (50564)
Seat 2: queenCroco (20969)
Seat 3: P1xel7 (47296)
Seat 4: Chautoto22 (67779)
Seat 5: mpadawan (41274)
Seat 6: Mouton116309 (44535)
*** ANTE/BLINDS ***
Mirax24370 posts ante 160
queenCroco posts ante 160
P1xel7 posts ante 160
Chautoto22 posts ante 160
mpadawan posts ante 160
Mouton116309 posts ante 160
Mirax24370 posts small blind 700
queenCroco posts big blind 1400
Dealt to P1xel7 [Ts 4h]
*** PRE-FLOP *** 
P1xel7 folds
Chautoto22 folds
mpadawan folds
Mouton116309 raises 1750 to 3150
Mirax24370 folds
queenCroco folds
Mouton116309 collected 6210 from pot
*** SUMMARY ***
Total pot 6210 | No rake
Seat 6: Mouton116309 (button) won 6210


Winamax Poker - Tournament "Winamax Campus League - Stade 1-3" buyIn: 0€ + 0€ level: 12 - HandId: #3041146555659714580-111-1700515039 - Holdem no limit (160/700/1400) - 2023/11/20 21:17:19 UTC
Table: 'Winamax Campus League - Stade 1-3(708072110)#0019' 6-max (real money) Seat #1 is the button
Seat 1: Mirax24370 (49704)
Seat 2: queenCroco (19409)
Seat 3: P1xel7 (47136)
Seat 4: Chautoto22 (67619)
Seat 5: mpadawan (41114)
Seat 6: Mouton116309 (47435)
*** ANTE/BLINDS ***
queenCroco posts ante 160
P1xel7 posts ante 160
Mirax24370 posts ante 160
Chautoto22 posts ante 160
mpadawan posts ante 160
Mouton116309 posts ante 160
queenCroco posts small blind 700
P1xel7 posts big blind 1400
Dealt to P1xel7 [2c 8h]
*** PRE-FLOP *** 
Chautoto22 folds
mpadawan raises 2100 to 3500
Mouton116309 folds
Mirax24370 calls 3500
queenCroco raises 15749 to 19249 and is all-in
P1xel7 folds
mpadawan raises 15749 to 34998
Mirax24370 folds
*** FLOP *** [Qd Ts 5d]
*** TURN *** [Qd Ts 5d][9s]
*** RIVER *** [Qd Ts 5d 9s][5h]
*** SHOW DOWN ***
queenCroco shows [9d 9h] (Full of 9 and 5)
mpadawan shows [As 2s] (One pair : 5)
mpadawan collected 15749 from side pot 1
queenCroco collected 44358 from main pot
*** SUMMARY ***
Total pot 60107 | No rake
Board: [Qd Ts 5d 9s 5h]
Seat 2: queenCroco (small blind) showed [9d 9h] and won 44358 with Full of 9 and 5
Seat 5: mpadawan showed [As 2s] and won 15749 with One pair : 5


Winamax Poker - Tournament "Winamax Campus League - Stade 1-3" buyIn: 0€ + 0€ level: 12 - HandId: #3041146555659714580-112-1700515070 - Holdem no limit (160/700/1400) - 2023/11/20 21:17:50 UTC
Table: 'Winamax Campus League - Stade 1-3(708072110)#0019' 6-max (real money) Seat #2 is the button
Seat 1: Mirax24370 (46044)
Seat 2: queenCroco (44358)
Seat 3: P1xel7 (45576)
Seat 4: Chautoto22 (67459)
Seat 5: mpadawan (21705)
Seat 6: Mouton116309 (47275)
*** ANTE/BLINDS ***
P1xel7 posts ante 160
Chautoto22 posts ante 160
Mirax24370 posts ante 160
queenCroco posts ante 160
mpadawan posts ante 160
Mouton116309 posts ante 160
P1xel7 posts small blind 700
Chautoto22 posts big blind 1400
Dealt to P1xel7 [4h 6c]
*** PRE-FLOP *** 
mpadawan folds
Mouton116309 folds
Mirax24370 folds
queenCroco folds
P1xel7 folds
Chautoto22 collected 3060 from pot
*** SUMMARY ***
Total pot 3060 | No rake
Seat 4: Chautoto22 (big blind) won 3060


Winamax Poker - Tournament "Winamax Campus League - Stade 1-3" buyIn: 0€ + 0€ level: 13 - HandId: #3041146555659714580-113-1700515086 - Holdem no limit (200/800/1600) - 2023/11/20 21:18:06 UTC
Table: 'Winamax Campus League - Stade 1-3(708072110)#0019' 6-max (real money) Seat #3 is the button
Seat 1: Mirax24370 (45884)
Seat 2: queenCroco (44198)
Seat 3: P1xel7 (44716)
Seat 4: Chautoto22 (68959)
Seat 5: mpadawan (21545)
Seat 6: Mouton116309 (47115)
*** ANTE/BLINDS ***
Chautoto22 posts ante 200
mpadawan posts ante 200
Mirax24370 posts ante 200
queenCroco posts ante 200
P1xel7 posts ante 200
Mouton116309 posts ante 200
Chautoto22 posts small blind 800
mpadawan posts big blind 1600
Dealt to P1xel7 [6d Kd]
*** PRE-FLOP *** 
Mouton116309 raises 2000 to 3600
Mirax24370 folds
queenCroco folds
P1xel7 folds
Chautoto22 folds
mpadawan folds
Mouton116309 collected 7200 from pot
*** SUMMARY ***
Total pot 7200 | No rake
Seat 6: Mouton116309 won 7200


Winamax Poker - Tournament "Winamax Campus League - Stade 1-3" buyIn: 0€ + 0€ level: 13 - HandId: #3041146555659714580-114-1700515113 - Holdem no limit (200/800/1600) - 2023/11/20 21:18:33 UTC
Table: 'Winamax Campus League - Stade 1-3(708072110)#0019' 6-max (real money) Seat #4 is the button
Seat 1: Mirax24370 (45684)
Seat 2: queenCroco (43998)
Seat 3: P1xel7 (44516)
Seat 4: Chautoto22 (67959)
Seat 5: mpadawan (19745)
Seat 6: Mouton116309 (50515)
*** ANTE/BLINDS ***
mpadawan posts ante 200
Mouton116309 posts ante 200
Mirax24370 posts ante 200
queenCroco posts ante 200
P1xel7 posts ante 200
Chautoto22 posts ante 200
mpadawan posts small blind 800
Mouton116309 posts big blind 1600
Dealt to P1xel7 [Ac Qd]
*** PRE-FLOP *** 
Mirax24370 raises 3200 to 4800
queenCroco folds
P1xel7 calls 4800
Chautoto22 raises 62959 to 67759 and is all-in
mpadawan folds
Mouton116309 calls 48715 and is all-in
Mirax24370 folds
P1xel7 folds
*** FLOP *** [Ad Ah Tc]
*** TURN *** [Ad Ah Tc][Ts]
*** RIVER *** [Ad Ah Tc Ts][Jc]
*** SHOW DOWN ***
Chautoto22 shows [Kd Ks] (Two pairs : Aces and Kings)
Mouton116309 shows [Js Jh] (Full of Jacks and Aces)
Mouton116309 collected 112230 from main pot
Chautoto22 collected 17444 from side pot 1
*** SUMMARY ***
Total pot 129674 | No rake
Board: [Ad Ah Tc Ts Jc]
Seat 4: Chautoto22 (button) showed [Kd Ks] and won 17444 with Two pairs : Aces and Kings
Seat 6: Mouton116309 (big blind) showed [Js Jh] and won 112230 with Full of Jacks and Aces


Winamax Poker - Tournament "Winamax Campus League - Stade 1-3" buyIn: 0€ + 0€ level: 13 - HandId: #3041146555659714580-115-1700515149 - Holdem no limit (200/800/1600) - 2023/11/20 21:19:09 UTC
Table: 'Winamax Campus League - Stade 1-3(708072110)#0019' 6-max (real money) Seat #5 is the button
Seat 1: Mirax24370 (40684)
Seat 2: queenCroco (43798)
Seat 3: P1xel7 (39516)
Seat 4: Chautoto22 (17444)
Seat 5: mpadawan (18745)
Seat 6: Mouton116309 (112230)
*** ANTE/BLINDS ***
Mouton116309 posts ante 200
Mirax24370 posts ante 200
queenCroco posts ante 200
P1xel7 posts ante 200
Chautoto22 posts ante 200
mpadawan posts ante 200
Mouton116309 posts small blind 800
Mirax24370 posts big blind 1600
Dealt to P1xel7 [5s 6d]
*** PRE-FLOP *** 
queenCroco raises 1600 to 3200
P1xel7 folds
Chautoto22 raises 14044 to 17244 and is all-in
mpadawan folds
Mouton116309 folds
Mirax24370 folds
queenCroco calls 14044
*** FLOP *** [2c 2s Qd]
*** TURN *** [2c 2s Qd][3h]
*** RIVER *** [2c 2s Qd 3h][Ah]
*** SHOW DOWN ***
queenCroco shows [Kc Ts] (One pair : 2)
Chautoto22 shows [Kd Qh] (Two pairs : Queens and 2)
Chautoto22 collected 38088 from pot
*** SUMMARY ***
Total pot 38088 | No rake
Board: [2c 2s Qd 3h Ah]
Seat 2: queenCroco showed [Kc Ts] and lost with One pair : 2
Seat 4: Chautoto22 showed [Kd Qh] and won 38088 with Two pairs : Queens and 2


Winamax Poker - Tournament "Winamax Campus League - Stade 1-3" buyIn: 0€ + 0€ level: 13 - HandId: #3041146555659714580-116-1700515168 - Holdem no limit (200/800/1600) - 2023/11/20 21:19:28 UTC
Table: 'Winamax Campus League - Stade 1-3(708072110)#0019' 6-max (real money) Seat #6 is the button
Seat 1: Mirax24370 (38884)
Seat 2: queenCroco (26354)
Seat 3: P1xel7 (39316)
Seat 4: Chautoto22 (38088)
Seat 5: mpadawan (18545)
Seat 6: Mouton116309 (111230)
*** ANTE/BLINDS ***
Mirax24370 posts ante 200
queenCroco posts ante 200
P1xel7 posts ante 200
Chautoto22 posts ante 200
mpadawan posts ante 200
Mouton116309 posts ante 200
Mirax24370 posts small blind 800
queenCroco posts big blind 1600
Dealt to P1xel7 [7c 6c]
*** PRE-FLOP *** 
P1xel7 folds
Chautoto22 folds
mpadawan calls 1600
Mouton116309 raises 2400 to 4000
Mirax24370 folds
queenCroco folds
mpadawan calls 2400
*** FLOP *** [5d 5h Ac]
mpadawan bets 1600
Mouton116309 calls 1600
*** TURN *** [5d 5h Ac][Qh]
mpadawan bets 1600
Mouton116309 calls 1600
*** RIVER *** [5d 5h Ac Qh][As]
mpadawan bets 11145 and is all-in
Mouton116309 calls 11145
*** SHOW DOWN ***
Mouton116309 shows [Ts Qs] (Two pairs : Aces and Queens)
mpadawan shows [7s Ad] (Full of Aces and 5)
mpadawan collected 40290 from pot
*** SUMMARY ***
Total pot 40290 | No rake
Board: [5d 5h Ac Qh As]
Seat 5: mpadawan showed [7s Ad] and won 40290 with Full of Aces and 5
Seat 6: Mouton116309 (button) showed [Ts Qs] and lost with Two pairs : Aces and Queens


Winamax Poker - Tournament "Winamax Campus League - Stade 1-3" buyIn: 0€ + 0€ level: 13 - HandId: #3041146555659714580-117-1700515209 - Holdem no limit (200/800/1600) - 2023/11/20 21:20:09 UTC
Table: 'Winamax Campus League - Stade 1-3(708072110)#0019' 6-max (real money) Seat #1 is the button
Seat 1: Mirax24370 (37884)
Seat 2: queenCroco (24554)
Seat 3: P1xel7 (39116)
Seat 4: Chautoto22 (37888)
Seat 5: mpadawan (40290)
Seat 6: Mouton116309 (92685)
*** ANTE/BLINDS ***
queenCroco posts ante 200
P1xel7 posts ante 200
Mirax24370 posts ante 200
Chautoto22 posts ante 200
mpadawan posts ante 200
Mouton116309 posts ante 200
queenCroco posts small blind 800
P1xel7 posts big blind 1600
Dealt to P1xel7 [Th 6d]
*** PRE-FLOP *** 
Chautoto22 calls 1600
mpadawan folds
Mouton116309 folds
Mirax24370 raises 1600 to 3200
queenCroco folds
P1xel7 folds
Chautoto22 calls 1600
*** FLOP *** [2h 6h Qh]
Chautoto22 bets 10000
Mirax24370 folds
Chautoto22 collected 20000 from pot
*** SUMMARY ***
Total pot 20000 | No rake
Board: [2h 6h Qh]
Seat 4: Chautoto22 won 20000


Winamax Poker - Tournament "Winamax Campus League - Stade 1-3" buyIn: 0€ + 0€ level: 13 - HandId: #3041146555659714580-118-1700515228 - Holdem no limit (200/800/1600) - 2023/11/20 21:20:28 UTC
Table: 'Winamax Campus League - Stade 1-3(708072110)#0019' 6-max (real money) Seat #2 is the button
Seat 1: Mirax24370 (34484)
Seat 2: queenCroco (23554)
Seat 3: P1xel7 (37316)
Seat 4: Chautoto22 (44488)
Seat 5: mpadawan (40090)
Seat 6: Mouton116309 (92485)
*** ANTE/BLINDS ***
P1xel7 posts ante 200
Chautoto22 posts ante 200
Mirax24370 posts ante 200
queenCroco posts ante 200
mpadawan posts ante 200
Mouton116309 posts ante 200
P1xel7 posts small blind 800
Chautoto22 posts big blind 1600
Dealt to P1xel7 [8h 5s]
*** PRE-FLOP *** 
mpadawan folds
Mouton116309 folds
Mirax24370 folds
queenCroco raises 1600 to 3200
P1xel7 folds
Chautoto22 folds
queenCroco collected 6800 from pot
*** SUMMARY ***
Total pot 6800 | No rake
Seat 2: queenCroco (button) won 6800


Winamax Poker - Tournament "Winamax Campus League - Stade 1-3" buyIn: 0€ + 0€ level: 13 - HandId: #3041146555659714580-119-1700515243 - Holdem no limit (200/800/1600) - 2023/11/20 21:20:43 UTC
Table: 'Winamax Campus League - Stade 1-3(708072110)#0019' 6-max (real money) Seat #3 is the button
Seat 1: Mirax24370 (34284)
Seat 2: queenCroco (26954)
Seat 3: P1xel7 (36316)
Seat 4: Chautoto22 (42688)
Seat 5: mpadawan (39890)
Seat 6: Mouton116309 (92285)
*** ANTE/BLINDS ***
Chautoto22 posts ante 200
mpadawan posts ante 200
Mirax24370 posts ante 200
queenCroco posts ante 200
P1xel7 posts ante 200
Mouton116309 posts ante 200
Chautoto22 posts small blind 800
mpadawan posts big blind 1600
Dealt to P1xel7 [Th Ks]
*** PRE-FLOP *** 
Mouton116309 raises 2000 to 3600
Mirax24370 folds
queenCroco folds
P1xel7 calls 3600
Chautoto22 calls 2800
mpadawan calls 2000
*** FLOP *** [6c Kh Kd]
Chautoto22 bets 38888 and is all-in
mpadawan calls 36090 and is all-in
Mouton116309 folds
P1xel7 calls 32516 and is all-in
*** TURN *** [6c Kh Kd][8h]
*** RIVER *** [6c Kh Kd 8h][Js]
*** SHOW DOWN ***
mpadawan shows [Qh Ts] (One pair : Kings)
P1xel7 shows [Th Ks] (Trips of Kings)
Chautoto22 shows [Kc 4c] (Trips of Kings)
Chautoto22 collected 9946 from side pot 1
P1xel7 collected 113148 from main pot
*** SUMMARY ***
Total pot 123094 | No rake
Board: [6c Kh Kd 8h Js]
Seat 3: P1xel7 (button) showed [Th Ks] and won 113148 with Trips of Kings
Seat 4: Chautoto22 (small blind) showed [Kc 4c] and won 9946 with Trips of Kings
Seat 5: mpadawan (big blind) showed [Qh Ts] and lost with One pair : Kings


Winamax Poker - Tournament "Winamax Campus League - Stade 1-3" buyIn: 0€ + 0€ level: 13 - HandId: #3041146555659714580-120-1700515295 - Holdem no limit (200/800/1600) - 2023/11/20 21:21:35 UTC
Table: 'Winamax Campus League - Stade 1-3(708072110)#0019' 6-max (real money) Seat #4 is the button
Seat 1: Mirax24370 (34084)
Seat 2: queenCroco (26754)
Seat 3: P1xel7 (113148)
Seat 4: Chautoto22 (9946)
Seat 6: Mouton116309 (88485)
*** ANTE/BLINDS ***
Mouton116309 posts ante 200
Mirax24370 posts ante 200
queenCroco posts ante 200
P1xel7 posts ante 200
Chautoto22 posts ante 200
Mouton116309 posts big blind 1600
Dealt to P1xel7 [9c 6c]
*** PRE-FLOP *** 
Mirax24370 raises 3200 to 4800
queenCroco folds
P1xel7 folds
Chautoto22 folds
Mouton116309 folds
Mirax24370 collected 7400 from pot
*** SUMMARY ***
Total pot 7400 | No rake
Seat 1: Mirax24370 won 7400


Winamax Poker - Tournament "Winamax Campus League - Stade 1-3" buyIn: 0€ + 0€ level: 13 - HandId: #3041146555659714580-121-1700515313 - Holdem no limit (200/800/1600) - 2023/11/20 21:21:53 UTC
Table: 'Winamax Campus League - Stade 1-3(708072110)#0019' 6-max (real money) Seat #5 is the button
Seat 1: Mirax24370 (36484)
Seat 2: queenCroco (26554)
Seat 3: P1xel7 (112948)
Seat 4: Chautoto22 (9746)
Seat 6: Mouton116309 (86685)
*** ANTE/BLINDS ***
Mouton116309 posts ante 200
Mirax24370 posts ante 200
queenCroco posts ante 200
P1xel7 posts ante 200
Chautoto22 posts ante 200
Mouton116309 posts small blind 800
Mirax24370 posts big blind 1600
Dealt to P1xel7 [Qs 7h]
*** PRE-FLOP *** 
queenCroco folds
P1xel7 folds
Chautoto22 folds
Mouton116309 folds
Mirax24370 collected 3400 from pot
*** SUMMARY ***
Total pot 3400 | No rake
Seat 1: Mirax24370 (big blind) won 3400


Winamax Poker - Tournament "Winamax Campus League - Stade 1-3" buyIn: 0€ + 0€ level: 13 - HandId: #3041146555659714580-122-1700515326 - Holdem no limit (200/800/1600) - 2023/11/20 21:22:06 UTC
Table: 'Winamax Campus League - Stade 1-3(708072110)#0019' 6-max (real money) Seat #6 is the button
Seat 1: Mirax24370 (38084)
Seat 2: queenCroco (26354)
Seat 3: P1xel7 (112748)
Seat 4: Chautoto22 (9546)
Seat 6: Mouton116309 (85685)
*** ANTE/BLINDS ***
Mirax24370 posts ante 200
queenCroco posts ante 200
P1xel7 posts ante 200
Chautoto22 posts ante 200
Mouton116309 posts ante 200
Mirax24370 posts small blind 800
queenCroco posts big blind 1600
Dealt to P1xel7 [Ks 8c]
*** PRE-FLOP *** 
P1xel7 folds
Chautoto22 folds
Mouton116309 folds
Mirax24370 folds
queenCroco collected 3400 from pot
*** SUMMARY ***
Total pot 3400 | No rake
Seat 2: queenCroco (big blind) won 3400


Winamax Poker - Tournament "Winamax Campus League - Stade 1-3" buyIn: 0€ + 0€ level: 13 - HandId: #3041146555659714580-123-1700515342 - Holdem no limit (200/800/1600) - 2023/11/20 21:22:22 UTC
Table: 'Winamax Campus League - Stade 1-3(708072110)#0019' 6-max (real money) Seat #1 is the button
Seat 1: Mirax24370 (37084)
Seat 2: queenCroco (27954)
Seat 3: P1xel7 (112548)
Seat 4: Chautoto22 (9346)
Seat 5: Monsieur_M (98518)
Seat 6: Mouton116309 (85485)
*** ANTE/BLINDS ***
queenCroco posts ante 200
P1xel7 posts ante 200
Mirax24370 posts ante 200
Chautoto22 posts ante 200
Monsieur_M posts ante 200
Mouton116309 posts ante 200
queenCroco posts small blind 800
P1xel7 posts big blind 1600
Dealt to P1xel7 [Kd 8s]
*** PRE-FLOP *** 
Chautoto22 folds
Monsieur_M raises 2400 to 4000
Mouton116309 folds
Mirax24370 folds
queenCroco folds
P1xel7 calls 2400
*** FLOP *** [9s 3s 8h]
P1xel7 checks
Monsieur_M bets 3500
P1xel7 calls 3500
*** TURN *** [9s 3s 8h][4s]
P1xel7 checks
Monsieur_M checks
*** RIVER *** [9s 3s 8h 4s][2c]
P1xel7 bets 13600
Monsieur_M folds
P1xel7 collected 30600 from pot
*** SUMMARY ***
Total pot 30600 | No rake
Board: [9s 3s 8h 4s 2c]
Seat 3: P1xel7 (big blind) won 30600


Winamax Poker - Tournament "Winamax Campus League - Stade 1-3" buyIn: 0€ + 0€ level: 13 - HandId: #3041146555659714580-124-1700515382 - Holdem no limit (200/800/1600) - 2023/11/20 21:23:02 UTC
Table: 'Winamax Campus League - Stade 1-3(708072110)#0019' 6-max (real money) Seat #2 is the button
Seat 1: Mirax24370 (36884)
Seat 2: queenCroco (26954)
Seat 3: P1xel7 (121848)
Seat 4: Chautoto22 (9146)
Seat 5: Monsieur_M (90818)
Seat 6: Mouton116309 (85285)
*** ANTE/BLINDS ***
P1xel7 posts ante 200
Chautoto22 posts ante 200
Mirax24370 posts ante 200
queenCroco posts ante 200
Monsieur_M posts ante 200
Mouton116309 posts ante 200
P1xel7 posts small blind 800
Chautoto22 posts big blind 1600
Dealt to P1xel7 [2d 6s]
*** PRE-FLOP *** 
Monsieur_M raises 2400 to 4000
Mouton116309 folds
Mirax24370 folds
queenCroco folds
P1xel7 folds
Chautoto22 calls 2400
*** FLOP *** [3h 5c 7c]
Chautoto22 checks
Monsieur_M bets 5000
Chautoto22 calls 4946 and is all-in
*** TURN *** [3h 5c 7c][3d]
*** RIVER *** [3h 5c 7c 3d][9c]
*** SHOW DOWN ***
Chautoto22 shows [9h 8h] (Two pairs : 9 and 3)
Monsieur_M shows [Kd Kh] (Two pairs : Kings and 3)
Monsieur_M collected 19946 from pot
*** SUMMARY ***
Total pot 19946 | No rake
Board: [3h 5c 7c 3d 9c]
Seat 4: Chautoto22 (big blind) showed [9h 8h] and lost with Two pairs : 9 and 3
Seat 5: Monsieur_M showed [Kd Kh] and won 19946 with Two pairs : Kings and 3


Winamax Poker - Tournament "Winamax Campus League - Stade 1-3" buyIn: 0€ + 0€ level: 13 - HandId: #3041146555659714580-125-1700515409 - Holdem no limit (200/800/1600) - 2023/11/20 21:23:29 UTC
Table: 'Winamax Campus League - Stade 1-3(708072110)#0019' 6-max (real money) Seat #3 is the button
Seat 1: Mirax24370 (36684)
Seat 2: queenCroco (26754)
Seat 3: P1xel7 (120848)
Seat 5: Monsieur_M (101564)
Seat 6: Mouton116309 (85085)
*** ANTE/BLINDS ***
Monsieur_M posts ante 200
Mirax24370 posts ante 200
queenCroco posts ante 200
P1xel7 posts ante 200
Mouton116309 posts ante 200
Monsieur_M posts big blind 1600
Dealt to P1xel7 [Kd 7c]
*** PRE-FLOP *** 
Mouton116309 folds
Mirax24370 raises 2400 to 4000
queenCroco folds
P1xel7 folds
Monsieur_M calls 2400
*** FLOP *** [4d 3h Kc]
Monsieur_M checks
Mirax24370 checks
*** TURN *** [4d 3h Kc][3c]
Monsieur_M checks
Mirax24370 bets 3200
Monsieur_M folds
Mirax24370 collected 12200 from pot
*** SUMMARY ***
Total pot 12200 | No rake
Board: [4d 3h Kc 3c]
Seat 1: Mirax24370 won 12200


Winamax Poker - Tournament "Winamax Campus League - Stade 1-3" buyIn: 0€ + 0€ level: 14 - HandId: #3041146555659714580-126-1700515454 - Holdem no limit (250/1000/2000) - 2023/11/20 21:24:14 UTC
Table: 'Winamax Campus League - Stade 1-3(708072110)#0019' 6-max (real money) Seat #4 is the button
Seat 1: Mirax24370 (41484)
Seat 2: queenCroco (26554)
Seat 3: P1xel7 (120648)
Seat 5: Monsieur_M (97364)
Seat 6: Mouton116309 (84885)
*** ANTE/BLINDS ***
Monsieur_M posts ante 250
Mouton116309 posts ante 250
Mirax24370 posts ante 250
queenCroco posts ante 250
P1xel7 posts ante 250
Monsieur_M posts small blind 1000
Mouton116309 posts big blind 2000
Dealt to P1xel7 [7h Ad]
*** PRE-FLOP *** 
Mirax24370 raises 3000 to 5000
queenCroco raises 21304 to 26304 and is all-in
P1xel7 folds
Monsieur_M folds
Mouton116309 folds
Mirax24370 raises 14930 to 41234 and is all-in
*** FLOP *** [8d 4s 5h]
*** TURN *** [8d 4s 5h][Tc]
*** RIVER *** [8d 4s 5h Tc][6h]
*** SHOW DOWN ***
queenCroco shows [Jc Ks] (High card : King)
Mirax24370 shows [9d Ac] (High card : Ace)
Mirax24370 collected 71788 from pot
*** SUMMARY ***
Total pot 71788 | No rake
Board: [8d 4s 5h Tc 6h]
Seat 1: Mirax24370 showed [9d Ac] and won 71788 with High card : Ace
Seat 2: queenCroco showed [Jc Ks] and lost with High card : King


Winamax Poker - Tournament "Winamax Campus League - Stade 1-3" buyIn: 0€ + 0€ level: 14 - HandId: #3041146555659714580-127-1700515487 - Holdem no limit (250/1000/2000) - 2023/11/20 21:24:47 UTC
Table: 'Winamax Campus League - Stade 1-3(708072110)#0019' 6-max (real money) Seat #5 is the button
Seat 1: Mirax24370 (71788)
Seat 3: P1xel7 (120398)
Seat 5: Monsieur_M (96114)
Seat 6: Mouton116309 (82635)
*** ANTE/BLINDS ***
Mouton116309 posts ante 250
Mirax24370 posts ante 250
P1xel7 posts ante 250
Monsieur_M posts ante 250
Mouton116309 posts small blind 1000
Mirax24370 posts big blind 2000
Dealt to P1xel7 [Kh 4s]
*** PRE-FLOP *** 
P1xel7 folds
Monsieur_M raises 3000 to 5000
Mouton116309 calls 4000
Mirax24370 calls 3000
*** FLOP *** [Kd Th Ts]
Mouton116309 checks
Mirax24370 bets 5600
Monsieur_M folds
Mouton116309 calls 5600
*** TURN *** [Kd Th Ts][3h]
Mouton116309 checks
Mirax24370 checks
*** RIVER *** [Kd Th Ts 3h][Td]
Mouton116309 checks
Mirax24370 checks
*** SHOW DOWN ***
Mirax24370 shows [Ah 6d] (Trips of Tens)
Mouton116309 shows [Qh Ac] (Trips of Tens)
Mouton116309 collected 13600 from pot
Mirax24370 collected 13600 from pot
*** SUMMARY ***
Total pot 27200 | No rake
Board: [Kd Th Ts 3h Td]
Seat 1: Mirax24370 (big blind) showed [Ah 6d] and won 13600 with Trips of Tens
Seat 6: Mouton116309 (small blind) showed [Qh Ac] and won 13600 with Trips of Tens


Winamax Poker - Tournament "Winamax Campus League - Stade 1-3" buyIn: 0€ + 0€ level: 14 - HandId: #3041146555659714580-128-1700515551 - Holdem no limit (250/1000/2000) - 2023/11/20 21:25:51 UTC
Table: 'Winamax Campus League - Stade 1-3(708072110)#0019' 6-max (real money) Seat #6 is the button
Seat 1: Mirax24370 (74538)
Seat 2: Shelby.36289 (11575)
Seat 3: P1xel7 (120148)
Seat 4: Scoodiby (21976)
Seat 5: Monsieur_M (90864)
Seat 6: Mouton116309 (85385)
*** ANTE/BLINDS ***
Mirax24370 posts ante 250
Shelby.36289 posts ante 250
P1xel7 posts ante 250
Scoodiby posts ante 250
Monsieur_M posts ante 250
Mouton116309 posts ante 250
Mirax24370 posts small blind 1000
Shelby.36289 posts big blind 2000
Dealt to P1xel7 [3s 8c]
*** PRE-FLOP *** 
P1xel7 folds
Scoodiby folds
Monsieur_M folds
Mouton116309 folds
Mirax24370 folds
Shelby.36289 collected 4500 from pot
*** SUMMARY ***
Total pot 4500 | No rake
Seat 2: Shelby.36289 (big blind) won 4500


Winamax Poker - Tournament "Winamax Campus League - Stade 1-3" buyIn: 0€ + 0€ level: 14 - HandId: #3041146555659714580-129-1700515563 - Holdem no limit (250/1000/2000) - 2023/11/20 21:26:03 UTC
Table: 'Winamax Campus League - Stade 1-3(708072110)#0019' 6-max (real money) Seat #1 is the button
Seat 1: Mirax24370 (73288)
Seat 2: Shelby.36289 (13825)
Seat 3: P1xel7 (119898)
Seat 4: Scoodiby (21726)
Seat 5: Monsieur_M (90614)
Seat 6: Mouton116309 (85135)
*** ANTE/BLINDS ***
Shelby.36289 posts ante 250
P1xel7 posts ante 250
Mirax24370 posts ante 250
Scoodiby posts ante 250
Monsieur_M posts ante 250
Mouton116309 posts ante 250
Shelby.36289 posts small blind 1000
P1xel7 posts big blind 2000
Dealt to P1xel7 [Ts Th]
*** PRE-FLOP *** 
Scoodiby folds
Monsieur_M folds
Mouton116309 folds
Mirax24370 folds
Shelby.36289 folds
P1xel7 collected 4500 from pot
*** SUMMARY ***
Total pot 4500 | No rake
Seat 3: P1xel7 (big blind) won 4500


Winamax Poker - Tournament "Winamax Campus League - Stade 1-3" buyIn: 0€ + 0€ level: 14 - HandId: #3041146555659714580-130-1700515589 - Holdem no limit (250/1000/2000) - 2023/11/20 21:26:29 UTC
Table: 'Winamax Campus League - Stade 1-3(708072110)#0019' 6-max (real money) Seat #2 is the button
Seat 1: Mirax24370 (73038)
Seat 2: Shelby.36289 (12575)
Seat 3: P1xel7 (122148)
Seat 4: Scoodiby (21476)
Seat 5: Monsieur_M (90364)
Seat 6: Mouton116309 (84885)
*** ANTE/BLINDS ***
P1xel7 posts ante 250
Scoodiby posts ante 250
Mirax24370 posts ante 250
Shelby.36289 posts ante 250
Monsieur_M posts ante 250
Mouton116309 posts ante 250
P1xel7 posts small blind 1000
Scoodiby posts big blind 2000
Dealt to P1xel7 [2d Qh]
*** PRE-FLOP *** 
Monsieur_M folds
Mouton116309 folds
Mirax24370 calls 2000
Shelby.36289 folds
P1xel7 folds
Scoodiby raises 19226 to 21226 and is all-in
Mirax24370 folds
Scoodiby collected 25726 from pot
*** SUMMARY ***
Total pot 25726 | No rake
Seat 4: Scoodiby (big blind) won 25726


Winamax Poker - Tournament "Winamax Campus League - Stade 1-3" buyIn: 0€ + 0€ level: 14 - HandId: #3041146555659714580-131-1700515627 - Holdem no limit (250/1000/2000) - 2023/11/20 21:27:07 UTC
Table: 'Winamax Campus League - Stade 1-3(708072110)#0019' 6-max (real money) Seat #3 is the button
Seat 1: Mirax24370 (70788)
Seat 2: Shelby.36289 (12325)
Seat 3: P1xel7 (120898)
Seat 4: Scoodiby (25726)
Seat 5: Monsieur_M (90114)
Seat 6: Mouton116309 (84635)
*** ANTE/BLINDS ***
Scoodiby posts ante 250
Monsieur_M posts ante 250
Mirax24370 posts ante 250
Shelby.36289 posts ante 250
P1xel7 posts ante 250
Mouton116309 posts ante 250
Scoodiby posts small blind 1000
Monsieur_M posts big blind 2000
Dealt to P1xel7 [2d 3s]
*** PRE-FLOP *** 
Mouton116309 folds
Mirax24370 raises 3000 to 5000
Shelby.36289 folds
P1xel7 folds
Scoodiby folds
Monsieur_M calls 3000
*** FLOP *** [Qs 2c 2h]
Monsieur_M checks
Mirax24370 bets 6250
Monsieur_M folds
Mirax24370 collected 18750 from pot
*** SUMMARY ***
Total pot 18750 | No rake
Board: [Qs 2c 2h]
Seat 1: Mirax24370 won 18750


Winamax Poker - Tournament "Winamax Campus League - Stade 1-3" buyIn: 0€ + 0€ level: 14 - HandId: #3041146555659714580-132-1700515669 - Holdem no limit (250/1000/2000) - 2023/11/20 21:27:49 UTC
Table: 'Winamax Campus League - Stade 1-3(708072110)#0019' 6-max (real money) Seat #4 is the button
Seat 1: Mirax24370 (78038)
Seat 2: Shelby.36289 (12075)
Seat 3: P1xel7 (120648)
Seat 4: Scoodiby (24476)
Seat 5: Monsieur_M (84864)
Seat 6: Mouton116309 (84385)
*** ANTE/BLINDS ***
Monsieur_M posts ante 250
Mouton116309 posts ante 250
Mirax24370 posts ante 250
Shelby.36289 posts ante 250
P1xel7 posts ante 250
Scoodiby posts ante 250
Monsieur_M posts small blind 1000
Mouton116309 posts big blind 2000
Dealt to P1xel7 [5h 5d]
*** PRE-FLOP *** 
Mirax24370 folds
Shelby.36289 calls 2000
P1xel7 raises 10000 to 12000
Scoodiby folds
Monsieur_M folds
Mouton116309 folds
Shelby.36289 calls 9825 and is all-in
*** FLOP *** [2d 9s Td]
*** TURN *** [2d 9s Td][Kh]
*** RIVER *** [2d 9s Td Kh][9h]
*** SHOW DOWN ***
Shelby.36289 shows [Qd Ks] (Two pairs : Kings and 9)
P1xel7 shows [5h 5d] (Two pairs : 9 and 5)
P1xel7 collected 175 from side pot 1
Shelby.36289 collected 28150 from main pot
*** SUMMARY ***
Total pot 28325 | No rake
Board: [2d 9s Td Kh 9h]
Seat 2: Shelby.36289 showed [Qd Ks] and won 28150 with Two pairs : Kings and 9
Seat 3: P1xel7 showed [5h 5d] and won 175 with Two pairs : 9 and 5


Winamax Poker - Tournament "Winamax Campus League - Stade 1-3" buyIn: 0€ + 0€ level: 14 - HandId: #3041146555659714580-133-1700515701 - Holdem no limit (250/1000/2000) - 2023/11/20 21:28:21 UTC
Table: 'Winamax Campus League - Stade 1-3(708072110)#0019' 6-max (real money) Seat #5 is the button
Seat 1: Mirax24370 (77788)
Seat 2: Shelby.36289 (28150)
Seat 3: P1xel7 (108573)
Seat 4: Scoodiby (24226)
Seat 5: Monsieur_M (83614)
Seat 6: Mouton116309 (82135)
*** ANTE/BLINDS ***
Mouton116309 posts ante 250
Mirax24370 posts ante 250
Shelby.36289 posts ante 250
P1xel7 posts ante 250
Scoodiby posts ante 250
Monsieur_M posts ante 250
Mouton116309 posts small blind 1000
Mirax24370 posts big blind 2000
Dealt to P1xel7 [Ac 4c]
*** PRE-FLOP *** 
Shelby.36289 folds
P1xel7 folds
Scoodiby folds
Monsieur_M folds
Mouton116309 raises 2500 to 4500
Mirax24370 raises 2500 to 7000
Mouton116309 calls 2500
*** FLOP *** [8h 5h 9c]
Mouton116309 checks
Mirax24370 checks
*** TURN *** [8h 5h 9c][2h]
Mouton116309 checks
Mirax24370 checks
*** RIVER *** [8h 5h 9c 2h][Jc]
Mouton116309 bets 7750
Mirax24370 raises 17438 to 25188
Mouton116309 calls 17438
*** SHOW DOWN ***
Mirax24370 shows [Qc Tc] (Straight Queen high)
Mouton116309 shows [Ts Qh] (Straight Queen high)
Mouton116309 collected 32938 from pot
Mirax24370 collected 32938 from pot
*** SUMMARY ***
Total pot 65876 | No rake
Board: [8h 5h 9c 2h Jc]
Seat 1: Mirax24370 (big blind) showed [Qc Tc] and won 32938 with Straight Queen high
Seat 6: Mouton116309 (small blind) showed [Ts Qh] and won 32938 with Straight Queen high


Winamax Poker - Tournament "Winamax Campus League - Stade 1-3" buyIn: 0€ + 0€ level: 14 - HandId: #3041146555659714580-134-1700515758 - Holdem no limit (250/1000/2000) - 2023/11/20 21:29:18 UTC
Table: 'Winamax Campus League - Stade 1-3(708072110)#0019' 6-max (real money) Seat #6 is the button
Seat 1: Mirax24370 (78288)
Seat 2: Shelby.36289 (27900)
Seat 3: P1xel7 (108323)
Seat 4: Scoodiby (23976)
Seat 5: Monsieur_M (83364)
Seat 6: Mouton116309 (82635)
*** ANTE/BLINDS ***
Mirax24370 posts ante 250
Shelby.36289 posts ante 250
P1xel7 posts ante 250
Scoodiby posts ante 250
Monsieur_M posts ante 250
Mouton116309 posts ante 250
Mirax24370 posts small blind 1000
Shelby.36289 posts big blind 2000
Dealt to P1xel7 [7h Kc]
*** PRE-FLOP *** 
P1xel7 folds
Scoodiby folds
Monsieur_M folds
Mouton116309 raises 2500 to 4500
Mirax24370 folds
Shelby.36289 folds
Mouton116309 collected 9000 from pot
*** SUMMARY ***
Total pot 9000 | No rake
Seat 6: Mouton116309 (button) won 9000


Winamax Poker - Tournament "Winamax Campus League - Stade 1-3" buyIn: 0€ + 0€ level: 14 - HandId: #3041146555659714580-135-1700515798 - Holdem no limit (250/1000/2000) - 2023/11/20 21:29:58 UTC
Table: 'Winamax Campus League - Stade 1-3(708072110)#0019' 6-max (real money) Seat #1 is the button
Seat 1: Mirax24370 (77038)
Seat 2: Shelby.36289 (25650)
Seat 3: P1xel7 (108073)
Seat 4: Scoodiby (23726)
Seat 5: Monsieur_M (83114)
Seat 6: Mouton116309 (86885)
*** ANTE/BLINDS ***
Shelby.36289 posts ante 250
P1xel7 posts ante 250
Mirax24370 posts ante 250
Scoodiby posts ante 250
Monsieur_M posts ante 250
Mouton116309 posts ante 250
Shelby.36289 posts small blind 1000
P1xel7 posts big blind 2000
Dealt to P1xel7 [8c Jd]
*** PRE-FLOP *** 
Scoodiby folds
Monsieur_M folds
Mouton116309 folds
Mirax24370 folds
Shelby.36289 folds
P1xel7 collected 4500 from pot
*** SUMMARY ***
Total pot 4500 | No rake
Seat 3: P1xel7 (big blind) won 4500


Winamax Poker - Tournament "Winamax Campus League - Stade 1-3" buyIn: 0€ + 0€ level: 15 - HandId: #3041146555659714580-136-1700515835 - Holdem no limit (300/1250/2500) - 2023/11/20 21:30:35 UTC
Table: 'Winamax Campus League - Stade 1-3(708072110)#0019' 6-max (real money) Seat #2 is the button
Seat 1: Mirax24370 (76788)
Seat 2: Shelby.36289 (24400)
Seat 3: P1xel7 (110323)
Seat 4: Scoodiby (23476)
Seat 5: Monsieur_M (82864)
Seat 6: Mouton116309 (86635)
*** ANTE/BLINDS ***
P1xel7 posts ante 300
Scoodiby posts ante 300
Mirax24370 posts ante 300
Shelby.36289 posts ante 300
Monsieur_M posts ante 300
Mouton116309 posts ante 300
P1xel7 posts small blind 1250
Scoodiby posts big blind 2500
Dealt to P1xel7 [Qh 4d]
*** PRE-FLOP *** 
Monsieur_M folds
Mouton116309 folds
Mirax24370 raises 2500 to 5000
Shelby.36289 raises 2500 to 7500
P1xel7 folds
Scoodiby folds
Mirax24370 calls 2500
*** FLOP *** [8c Jh 3s]
Mirax24370 bets 3750
Shelby.36289 calls 3750
*** TURN *** [8c Jh 3s][6d]
Mirax24370 bets 65238 and is all-in
Shelby.36289 calls 12850 and is all-in
*** RIVER *** [8c Jh 3s 6d][As]
*** SHOW DOWN ***
Mirax24370 shows [8h Td] (One pair : 8)
Shelby.36289 shows [Ts Th] (One pair : Tens)
Shelby.36289 collected 53750 from main pot
Mirax24370 collected 52388 from side pot 1
*** SUMMARY ***
Total pot 106138 | No rake
Board: [8c Jh 3s 6d As]
Seat 1: Mirax24370 showed [8h Td] and won 52388 with One pair : 8
Seat 2: Shelby.36289 (button) showed [Ts Th] and won 53750 with One pair : Tens


Winamax Poker - Tournament "Winamax Campus League - Stade 1-3" buyIn: 0€ + 0€ level: 15 - HandId: #3041146555659714580-137-1700515878 - Holdem no limit (300/1250/2500) - 2023/11/20 21:31:18 UTC
Table: 'Winamax Campus League - Stade 1-3(708072110)#0019' 6-max (real money) Seat #3 is the button
Seat 1: Mirax24370 (52388)
Seat 2: Shelby.36289 (53750)
Seat 3: P1xel7 (108773)
Seat 4: Scoodiby (20676)
Seat 5: Monsieur_M (82564)
Seat 6: Mouton116309 (86335)
*** ANTE/BLINDS ***
Scoodiby posts ante 300
Monsieur_M posts ante 300
Mirax24370 posts ante 300
Shelby.36289 posts ante 300
P1xel7 posts ante 300
Mouton116309 posts ante 300
Scoodiby posts small blind 1250
Monsieur_M posts big blind 2500
Dealt to P1xel7 [4h Qh]
*** PRE-FLOP *** 
Mouton116309 folds
Mirax24370 folds
Shelby.36289 folds
P1xel7 folds
Scoodiby raises 17876 to 20376 and is all-in
Monsieur_M folds
Scoodiby collected 24676 from pot
*** SUMMARY ***
Total pot 24676 | No rake
Seat 4: Scoodiby (small blind) won 24676


Winamax Poker - Tournament "Winamax Campus League - Stade 1-3" buyIn: 0€ + 0€ level: 15 - HandId: #3041146555659714580-138-1700515902 - Holdem no limit (300/1250/2500) - 2023/11/20 21:31:42 UTC
Table: 'Winamax Campus League - Stade 1-3(708072110)#0019' 6-max (real money) Seat #4 is the button
Seat 1: Mirax24370 (52088)
Seat 2: Shelby.36289 (53450)
Seat 3: P1xel7 (108473)
Seat 4: Scoodiby (24676)
Seat 5: Monsieur_M (79764)
Seat 6: Mouton116309 (86035)
*** ANTE/BLINDS ***
Monsieur_M posts ante 300
Mouton116309 posts ante 300
Mirax24370 posts ante 300
Shelby.36289 posts ante 300
P1xel7 posts ante 300
Scoodiby posts ante 300
Monsieur_M posts small blind 1250
Mouton116309 posts big blind 2500
Dealt to P1xel7 [9s Ah]
*** PRE-FLOP *** 
Mirax24370 folds
Shelby.36289 calls 2500
P1xel7 raises 7500 to 10000
Scoodiby folds
Monsieur_M folds
Mouton116309 calls 7500
Shelby.36289 folds
*** FLOP *** [Ac Td 7s]
Mouton116309 checks
P1xel7 bets 8943
Mouton116309 calls 8943
*** TURN *** [Ac Td 7s][Ts]
Mouton116309 checks
P1xel7 bets 15203
Mouton116309 calls 15203
*** RIVER *** [Ac Td 7s Ts][Qs]
Mouton116309 checks
P1xel7 checks
*** SHOW DOWN ***
P1xel7 shows [9s Ah] (Two pairs : Aces and Tens)
Mouton116309 shows [Ad Th] (Full of Tens and Aces)
Mouton116309 collected 73842 from pot
*** SUMMARY ***
Total pot 73842 | No rake
Board: [Ac Td 7s Ts Qs]
Seat 3: P1xel7 showed [9s Ah] and lost with Two pairs : Aces and Tens
Seat 6: Mouton116309 (big blind) showed [Ad Th] and won 73842 with Full of Tens and Aces


Winamax Poker - Tournament "Winamax Campus League - Stade 1-3" buyIn: 0€ + 0€ level: 15 - HandId: #3041146555659714580-139-1700515991 - Holdem no limit (300/1250/2500) - 2023/11/20 21:33:11 UTC
Table: 'Winamax Campus League - Stade 1-3(708072110)#0019' 6-max (real money) Seat #5 is the button
Seat 1: Mirax24370 (51788)
Seat 2: Shelby.36289 (50650)
Seat 3: P1xel7 (74027)
Seat 4: Scoodiby (24376)
Seat 5: Monsieur_M (78214)
Seat 6: Mouton116309 (125431)
*** ANTE/BLINDS ***
Mouton116309 posts ante 300
Mirax24370 posts ante 300
Shelby.36289 posts ante 300
P1xel7 posts ante 300
Scoodiby posts ante 300
Monsieur_M posts ante 300
Mouton116309 posts small blind 1250
Mirax24370 posts big blind 2500
Dealt to P1xel7 [Ac 4c]
*** PRE-FLOP *** 
Shelby.36289 folds
P1xel7 folds
Scoodiby folds
Monsieur_M folds
Mouton116309 folds
Mirax24370 collected 5550 from pot
*** SUMMARY ***
Total pot 5550 | No rake
Seat 1: Mirax24370 (big blind) won 5550


Winamax Poker - Tournament "Winamax Campus League - Stade 1-3" buyIn: 0€ + 0€ level: 15 - HandId: #3041146555659714580-140-1700516008 - Holdem no limit (300/1250/2500) - 2023/11/20 21:33:28 UTC
Table: 'Winamax Campus League - Stade 1-3(708072110)#0019' 6-max (real money) Seat #6 is the button
Seat 1: Mirax24370 (54538)
Seat 2: Shelby.36289 (50350)
Seat 3: P1xel7 (73727)
Seat 4: Scoodiby (24076)
Seat 5: Monsieur_M (77914)
Seat 6: Mouton116309 (123881)
*** ANTE/BLINDS ***
Mirax24370 posts ante 300
Shelby.36289 posts ante 300
P1xel7 posts ante 300
Scoodiby posts ante 300
Monsieur_M posts ante 300
Mouton116309 posts ante 300
Mirax24370 posts small blind 1250
Shelby.36289 posts big blind 2500
Dealt to P1xel7 [2h Kc]
*** PRE-FLOP *** 
P1xel7 folds
Scoodiby folds
Monsieur_M folds
Mouton116309 raises 3125 to 5625
Mirax24370 folds
Shelby.36289 folds
Mouton116309 collected 11175 from pot
*** SUMMARY ***
Total pot 11175 | No rake
Seat 6: Mouton116309 (button) won 11175


Winamax Poker - Tournament "Winamax Campus League - Stade 1-3" buyIn: 0€ + 0€ level: 15 - HandId: #3041146555659714580-141-1700516049 - Holdem no limit (300/1250/2500) - 2023/11/20 21:34:09 UTC
Table: 'Winamax Campus League - Stade 1-3(708072110)#0019' 6-max (real money) Seat #1 is the button
Seat 1: Mirax24370 (52988)
Seat 2: Shelby.36289 (47550)
Seat 3: P1xel7 (73427)
Seat 4: Scoodiby (23776)
Seat 5: Monsieur_M (77614)
Seat 6: Mouton116309 (129131)
*** ANTE/BLINDS ***
Shelby.36289 posts ante 300
P1xel7 posts ante 300
Mirax24370 posts ante 300
Scoodiby posts ante 300
Monsieur_M posts ante 300
Mouton116309 posts ante 300
Shelby.36289 posts small blind 1250
P1xel7 posts big blind 2500
Dealt to P1xel7 [Jd 4d]
*** PRE-FLOP *** 
Scoodiby folds
Monsieur_M folds
Mouton116309 folds
Mirax24370 calls 2500
Shelby.36289 folds
P1xel7 checks
*** FLOP *** [Jc 5s Td]
P1xel7 bets 4025
Mirax24370 folds
P1xel7 collected 12075 from pot
*** SUMMARY ***
Total pot 12075 | No rake
Board: [Jc 5s Td]
Seat 3: P1xel7 (big blind) won 12075


Winamax Poker - Tournament "Winamax Campus League - Stade 1-3" buyIn: 0€ + 0€ level: 15 - HandId: #3041146555659714580-142-1700516095 - Holdem no limit (300/1250/2500) - 2023/11/20 21:34:55 UTC
Table: 'Winamax Campus League - Stade 1-3(708072110)#0019' 6-max (real money) Seat #2 is the button
Seat 1: Mirax24370 (50188)
Seat 2: Shelby.36289 (46000)
Seat 3: P1xel7 (78677)
Seat 4: Scoodiby (23476)
Seat 5: Monsieur_M (77314)
Seat 6: Mouton116309 (128831)
*** ANTE/BLINDS ***
P1xel7 posts ante 300
Scoodiby posts ante 300
Mirax24370 posts ante 300
Shelby.36289 posts ante 300
Monsieur_M posts ante 300
Mouton116309 posts ante 300
P1xel7 posts small blind 1250
Scoodiby posts big blind 2500
Dealt to P1xel7 [9h 2h]
*** PRE-FLOP *** 
Monsieur_M folds
Mouton116309 folds
Mirax24370 folds
Shelby.36289 folds
P1xel7 raises 75877 to 78377 and is all-in
Scoodiby folds
P1xel7 collected 82677 from pot
*** SUMMARY ***
Total pot 82677 | No rake
Seat 3: P1xel7 (small blind) won 82677


Winamax Poker - Tournament "Winamax Campus League - Stade 1-3" buyIn: 0€ + 0€ level: 15 - HandId: #3041146555659714580-143-1700516149 - Holdem no limit (300/1250/2500) - 2023/11/20 21:35:49 UTC
Table: 'Winamax Campus League - Stade 1-3(708072110)#0019' 6-max (real money) Seat #3 is the button
Seat 1: Mirax24370 (49888)
Seat 2: Shelby.36289 (45700)
Seat 3: P1xel7 (82677)
Seat 4: Scoodiby (20676)
Seat 5: Monsieur_M (77014)
Seat 6: Mouton116309 (128531)
*** ANTE/BLINDS ***
Scoodiby posts ante 300
Monsieur_M posts ante 300
Mirax24370 posts ante 300
Shelby.36289 posts ante 300
P1xel7 posts ante 300
Mouton116309 posts ante 300
Scoodiby posts small blind 1250
Monsieur_M posts big blind 2500
Dealt to P1xel7 [3c 9h]
*** PRE-FLOP *** 
Mouton116309 folds
Mirax24370 folds
Shelby.36289 raises 2500 to 5000
P1xel7 folds
Scoodiby folds
Monsieur_M calls 2500
*** FLOP *** [Jc Td 3s]
Monsieur_M checks
Shelby.36289 bets 2500
Monsieur_M calls 2500
*** TURN *** [Jc Td 3s][9c]
Monsieur_M checks
Shelby.36289 bets 6318
Monsieur_M folds
Shelby.36289 collected 24368 from pot
*** SUMMARY ***
Total pot 24368 | No rake
Board: [Jc Td 3s 9c]
Seat 2: Shelby.36289 won 24368


Winamax Poker - Tournament "Winamax Campus League - Stade 1-3" buyIn: 0€ + 0€ level: 16 - HandId: #3041146555659714580-144-1700516211 - Holdem no limit (350/1500/3000) - 2023/11/20 21:36:51 UTC
Table: 'Winamax Campus League - Stade 1-3(708072110)#0019' 6-max (real money) Seat #4 is the button
Seat 1: Mirax24370 (49588)
Seat 2: Shelby.36289 (55950)
Seat 3: P1xel7 (82377)
Seat 4: Scoodiby (19126)
Seat 5: Monsieur_M (69214)
Seat 6: Mouton116309 (128231)
*** ANTE/BLINDS ***
Monsieur_M posts ante 350
Mouton116309 posts ante 350
Mirax24370 posts ante 350
Shelby.36289 posts ante 350
P1xel7 posts ante 350
Scoodiby posts ante 350
Monsieur_M posts small blind 1500
Mouton116309 posts big blind 3000
Dealt to P1xel7 [7s Jd]
*** PRE-FLOP *** 
Mirax24370 folds
Shelby.36289 folds
P1xel7 folds
Scoodiby raises 15776 to 18776 and is all-in
Monsieur_M folds
Mouton116309 calls 15776
*** FLOP *** [5s Js Qd]
*** TURN *** [5s Js Qd][Td]
*** RIVER *** [5s Js Qd Td][Qc]
*** SHOW DOWN ***
Mouton116309 shows [2c Ac] (One pair : Queens)
Scoodiby shows [9c Th] (Two pairs : Queens and Tens)
Scoodiby collected 41152 from pot
*** SUMMARY ***
Total pot 41152 | No rake
Board: [5s Js Qd Td Qc]
Seat 4: Scoodiby (button) showed [9c Th] and won 41152 with Two pairs : Queens and Tens
Seat 6: Mouton116309 (big blind) showed [2c Ac] and lost with One pair : Queens


Winamax Poker - Tournament "Winamax Campus League - Stade 1-3" buyIn: 0€ + 0€ level: 16 - HandId: #3041146555659714580-145-1700516247 - Holdem no limit (350/1500/3000) - 2023/11/20 21:37:27 UTC
Table: 'Winamax Campus League - Stade 1-3(708072110)#0019' 6-max (real money) Seat #5 is the button
Seat 1: Mirax24370 (49238)
Seat 2: Shelby.36289 (55600)
Seat 3: P1xel7 (82027)
Seat 4: Scoodiby (41152)
Seat 5: Monsieur_M (67364)
Seat 6: Mouton116309 (109105)
*** ANTE/BLINDS ***
Mouton116309 posts ante 350
Mirax24370 posts ante 350
Shelby.36289 posts ante 350
P1xel7 posts ante 350
Scoodiby posts ante 350
Monsieur_M posts ante 350
Mouton116309 posts small blind 1500
Mirax24370 posts big blind 3000
Dealt to P1xel7 [Js Td]
*** PRE-FLOP *** 
Shelby.36289 folds
P1xel7 folds
Scoodiby raises 37802 to 40802 and is all-in
Monsieur_M folds
Mouton116309 folds
Mirax24370 folds
Scoodiby collected 47402 from pot
*** SUMMARY ***
Total pot 47402 | No rake
Seat 4: Scoodiby won 47402


Winamax Poker - Tournament "Winamax Campus League - Stade 1-3" buyIn: 0€ + 0€ level: 16 - HandId: #3041146555659714580-146-1700516265 - Holdem no limit (350/1500/3000) - 2023/11/20 21:37:45 UTC
Table: 'Winamax Campus League - Stade 1-3(708072110)#0019' 6-max (real money) Seat #6 is the button
Seat 1: Mirax24370 (45888)
Seat 2: Shelby.36289 (55250)
Seat 3: P1xel7 (81677)
Seat 4: Scoodiby (47402)
Seat 5: Monsieur_M (67014)
Seat 6: Mouton116309 (107255)
*** ANTE/BLINDS ***
Mirax24370 posts ante 350
Shelby.36289 posts ante 350
P1xel7 posts ante 350
Scoodiby posts ante 350
Monsieur_M posts ante 350
Mouton116309 posts ante 350
Mirax24370 posts small blind 1500
Shelby.36289 posts big blind 3000
Dealt to P1xel7 [4c Kc]
*** PRE-FLOP *** 
P1xel7 folds
Scoodiby folds
Monsieur_M folds
Mouton116309 folds
Mirax24370 folds
Shelby.36289 collected 6600 from pot
*** SUMMARY ***
Total pot 6600 | No rake
Seat 2: Shelby.36289 (big blind) won 6600


Winamax Poker - Tournament "Winamax Campus League - Stade 1-3" buyIn: 0€ + 0€ level: 16 - HandId: #3041146555659714580-147-1700516279 - Holdem no limit (350/1500/3000) - 2023/11/20 21:37:59 UTC
Table: 'Winamax Campus League - Stade 1-3(708072110)#0019' 6-max (real money) Seat #1 is the button
Seat 1: Mirax24370 (44038)
Seat 2: Shelby.36289 (58500)
Seat 3: P1xel7 (81327)
Seat 4: Scoodiby (47052)
Seat 5: Monsieur_M (66664)
Seat 6: Mouton116309 (106905)
*** ANTE/BLINDS ***
Shelby.36289 posts ante 350
P1xel7 posts ante 350
Mirax24370 posts ante 350
Scoodiby posts ante 350
Monsieur_M posts ante 350
Mouton116309 posts ante 350
Shelby.36289 posts small blind 1500
P1xel7 posts big blind 3000
Dealt to P1xel7 [6d 8d]
*** PRE-FLOP *** 
Scoodiby folds
Monsieur_M folds
Mouton116309 folds
Mirax24370 folds
Shelby.36289 raises 3000 to 6000
P1xel7 calls 3000
*** FLOP *** [Kd 7d Ad]
Shelby.36289 checks
P1xel7 bets 4935
Shelby.36289 folds
P1xel7 collected 19035 from pot
*** SUMMARY ***
Total pot 19035 | No rake
Board: [Kd 7d Ad]
Seat 3: P1xel7 (big blind) won 19035


Winamax Poker - Tournament "Winamax Campus League - Stade 1-3" buyIn: 0€ + 0€ level: 16 - HandId: #3041146555659714580-148-1700516329 - Holdem no limit (350/1500/3000) - 2023/11/20 21:38:49 UTC
Table: 'Winamax Campus League - Stade 1-3(708072110)#0019' 6-max (real money) Seat #2 is the button
Seat 1: Mirax24370 (43688)
Seat 2: Shelby.36289 (52150)
Seat 3: P1xel7 (89077)
Seat 4: Scoodiby (46702)
Seat 5: Monsieur_M (66314)
Seat 6: Mouton116309 (106555)
*** ANTE/BLINDS ***
P1xel7 posts ante 350
Scoodiby posts ante 350
Mirax24370 posts ante 350
Shelby.36289 posts ante 350
Monsieur_M posts ante 350
Mouton116309 posts ante 350
P1xel7 posts small blind 1500
Scoodiby posts big blind 3000
Dealt to P1xel7 [Th 7d]
*** PRE-FLOP *** 
Monsieur_M folds
Mouton116309 raises 3750 to 6750
Mirax24370 raises 36588 to 43338 and is all-in
Shelby.36289 folds
P1xel7 folds
Scoodiby folds
Mouton116309 folds
Mirax24370 collected 56688 from pot
*** SUMMARY ***
Total pot 56688 | No rake
Seat 1: Mirax24370 won 56688


Winamax Poker - Tournament "Winamax Campus League - Stade 1-3" buyIn: 0€ + 0€ level: 16 - HandId: #3041146555659714580-149-1700516362 - Holdem no limit (350/1500/3000) - 2023/11/20 21:39:22 UTC
Table: 'Winamax Campus League - Stade 1-3(708072110)#0019' 6-max (real money) Seat #3 is the button
Seat 1: Mirax24370 (56688)
Seat 2: Shelby.36289 (51800)
Seat 3: P1xel7 (87227)
Seat 4: Scoodiby (43352)
Seat 5: Monsieur_M (65964)
Seat 6: Mouton116309 (99455)
*** ANTE/BLINDS ***
Scoodiby posts ante 350
Monsieur_M posts ante 350
Mirax24370 posts ante 350
Shelby.36289 posts ante 350
P1xel7 posts ante 350
Mouton116309 posts ante 350
Scoodiby posts small blind 1500
Monsieur_M posts big blind 3000
Dealt to P1xel7 [5d Ah]
*** PRE-FLOP *** 
Mouton116309 folds
Mirax24370 raises 6000 to 9000
Shelby.36289 folds
P1xel7 folds
Scoodiby folds
Monsieur_M folds
Mirax24370 collected 15600 from pot
*** SUMMARY ***
Total pot 15600 | No rake
Seat 1: Mirax24370 won 15600


Winamax Poker - Tournament "Winamax Campus League - Stade 1-3" buyIn: 0€ + 0€ level: 16 - HandId: #3041146555659714580-150-1700516393 - Holdem no limit (350/1500/3000) - 2023/11/20 21:39:53 UTC
Table: 'Winamax Campus League - Stade 1-3(708072110)#0019' 6-max (real money) Seat #4 is the button
Seat 1: Mirax24370 (62938)
Seat 2: Shelby.36289 (51450)
Seat 3: P1xel7 (86877)
Seat 4: Scoodiby (41502)
Seat 5: Monsieur_M (62614)
Seat 6: Mouton116309 (99105)
*** ANTE/BLINDS ***
Monsieur_M posts ante 350
Mouton116309 posts ante 350
Mirax24370 posts ante 350
Shelby.36289 posts ante 350
P1xel7 posts ante 350
Scoodiby posts ante 350
Monsieur_M posts small blind 1500
Mouton116309 posts big blind 3000
Dealt to P1xel7 [5s 2s]
*** PRE-FLOP *** 
Mirax24370 folds
Shelby.36289 calls 3000
P1xel7 folds
Scoodiby folds
Monsieur_M calls 1500
Mouton116309 checks
*** FLOP *** [4s 8h 9s]
Monsieur_M checks
Mouton116309 checks
Shelby.36289 bets 5550
Monsieur_M folds
Mouton116309 calls 5550
*** TURN *** [4s 8h 9s][9h]
Mouton116309 checks
Shelby.36289 bets 5550
Mouton116309 calls 5550
*** RIVER *** [4s 8h 9s 9h][Jh]
Mouton116309 checks
Shelby.36289 checks
*** SHOW DOWN ***
Shelby.36289 shows [Qh As] (One pair : 9)
Mouton116309 shows [2d 8c] (Two pairs : 9 and 8)
Mouton116309 collected 33300 from pot
*** SUMMARY ***
Total pot 33300 | No rake
Board: [4s 8h 9s 9h Jh]
Seat 2: Shelby.36289 showed [Qh As] and lost with One pair : 9
Seat 6: Mouton116309 (big blind) showed [2d 8c] and won 33300 with Two pairs : 9 and 8


Winamax Poker - Tournament "Winamax Campus League - Stade 1-3" buyIn: 0€ + 0€ level: 16 - HandId: #3041146555659714580-151-1700516459 - Holdem no limit (350/1500/3000) - 2023/11/20 21:40:59 UTC
Table: 'Winamax Campus League - Stade 1-3(708072110)#0019' 6-max (real money) Seat #5 is the button
Seat 1: Mirax24370 (62588)
Seat 2: Shelby.36289 (37000)
Seat 3: P1xel7 (86527)
Seat 4: Scoodiby (41152)
Seat 5: Monsieur_M (59264)
Seat 6: Mouton116309 (117955)
*** ANTE/BLINDS ***
Mouton116309 posts ante 350
Mirax24370 posts ante 350
Shelby.36289 posts ante 350
P1xel7 posts ante 350
Scoodiby posts ante 350
Monsieur_M posts ante 350
Mouton116309 posts small blind 1500
Mirax24370 posts big blind 3000
Dealt to P1xel7 [Ad 4c]
*** PRE-FLOP *** 
Shelby.36289 raises 3000 to 6000
P1xel7 folds
Scoodiby folds
Monsieur_M folds
Mouton116309 folds
Mirax24370 calls 3000
*** FLOP *** [Kh 9s Js]
Mirax24370 checks
Shelby.36289 bets 3000
Mirax24370 raises 6000 to 9000
Shelby.36289 folds
Mirax24370 collected 27600 from pot
*** SUMMARY ***
Total pot 27600 | No rake
Board: [Kh 9s Js]
Seat 1: Mirax24370 (big blind) won 27600


Winamax Poker - Tournament "Winamax Campus League - Stade 1-3" buyIn: 0€ + 0€ level: 16 - HandId: #3041146555659714580-152-1700516487 - Holdem no limit (350/1500/3000) - 2023/11/20 21:41:27 UTC
Table: 'Winamax Campus League - Stade 1-3(708072110)#0019' 6-max (real money) Seat #6 is the button
Seat 1: Mirax24370 (74838)
Seat 2: Shelby.36289 (27650)
Seat 3: P1xel7 (86177)
Seat 4: Scoodiby (40802)
Seat 5: Monsieur_M (58914)
Seat 6: Mouton116309 (116105)
*** ANTE/BLINDS ***
Mirax24370 posts ante 350
Shelby.36289 posts ante 350
P1xel7 posts ante 350
Scoodiby posts ante 350
Monsieur_M posts ante 350
Mouton116309 posts ante 350
Mirax24370 posts small blind 1500
Shelby.36289 posts big blind 3000
Dealt to P1xel7 [2h Kd]
*** PRE-FLOP *** 
P1xel7 folds
Scoodiby folds
Monsieur_M folds
Mouton116309 folds
Mirax24370 calls 1500
Shelby.36289 checks
*** FLOP *** [2c Ks 9d]
Mirax24370 bets 6000
Shelby.36289 calls 6000
*** TURN *** [2c Ks 9d][7d]
Mirax24370 checks
Shelby.36289 checks
*** RIVER *** [2c Ks 9d 7d][3d]
Mirax24370 checks
Shelby.36289 bets 5025
Mirax24370 folds
Shelby.36289 collected 25125 from pot
*** SUMMARY ***
Total pot 25125 | No rake
Board: [2c Ks 9d 7d 3d]
Seat 2: Shelby.36289 (big blind) won 25125


Winamax Poker - Tournament "Winamax Campus League - Stade 1-3" buyIn: 0€ + 0€ level: 17 - HandId: #3041146555659714580-153-1700516534 - Holdem no limit (400/1750/3500) - 2023/11/20 21:42:14 UTC
Table: 'Winamax Campus League - Stade 1-3(708072110)#0019' 6-max (real money) Seat #1 is the button
Seat 1: Mirax24370 (65488)
Seat 2: Shelby.36289 (38400)
Seat 3: P1xel7 (85827)
Seat 4: Scoodiby (40452)
Seat 5: Monsieur_M (58564)
Seat 6: Mouton116309 (115755)
*** ANTE/BLINDS ***
Shelby.36289 posts ante 400
P1xel7 posts ante 400
Mirax24370 posts ante 400
Scoodiby posts ante 400
Monsieur_M posts ante 400
Mouton116309 posts ante 400
Shelby.36289 posts small blind 1750
P1xel7 posts big blind 3500
Dealt to P1xel7 [Ah 6d]
*** PRE-FLOP *** 
Scoodiby folds
Monsieur_M calls 3500
Mouton116309 raises 5250 to 8750
Mirax24370 raises 56338 to 65088 and is all-in
Shelby.36289 folds
P1xel7 folds
Monsieur_M folds
Mouton116309 folds
Mirax24370 collected 84988 from pot
*** SUMMARY ***
Total pot 84988 | No rake
Seat 1: Mirax24370 (button) won 84988


Winamax Poker - Tournament "Winamax Campus League - Stade 1-3" buyIn: 0€ + 0€ level: 17 - HandId: #3041146555659714580-154-1700516554 - Holdem no limit (400/1750/3500) - 2023/11/20 21:42:34 UTC
Table: 'Winamax Campus League - Stade 1-3(708072110)#0019' 6-max (real money) Seat #2 is the button
Seat 1: Mirax24370 (84988)
Seat 2: Shelby.36289 (36250)
Seat 3: P1xel7 (81927)
Seat 4: Scoodiby (40052)
Seat 5: Monsieur_M (54664)
Seat 6: Mouton116309 (106605)
*** ANTE/BLINDS ***
P1xel7 posts ante 400
Scoodiby posts ante 400
Mirax24370 posts ante 400
Shelby.36289 posts ante 400
Monsieur_M posts ante 400
Mouton116309 posts ante 400
P1xel7 posts small blind 1750
Scoodiby posts big blind 3500
Dealt to P1xel7 [5h 5s]
*** PRE-FLOP *** 
Monsieur_M folds
Mouton116309 folds
Mirax24370 folds
Shelby.36289 calls 3500
P1xel7 raises 78027 to 81527 and is all-in
Scoodiby folds
Shelby.36289 folds
P1xel7 collected 90927 from pot
*** SUMMARY ***
Total pot 90927 | No rake
Seat 3: P1xel7 (small blind) won 90927


Winamax Poker - Tournament "Winamax Campus League - Stade 1-3" buyIn: 0€ + 0€ level: 17 - HandId: #3041146555659714580-155-1700516573 - Holdem no limit (400/1750/3500) - 2023/11/20 21:42:53 UTC
Table: 'Winamax Campus League - Stade 1-3(708072110)#0019' 6-max (real money) Seat #3 is the button
Seat 1: Mirax24370 (84588)
Seat 2: Shelby.36289 (32350)
Seat 3: P1xel7 (90927)
Seat 4: Scoodiby (36152)
Seat 5: Monsieur_M (54264)
Seat 6: Mouton116309 (106205)
*** ANTE/BLINDS ***
Scoodiby posts ante 400
Monsieur_M posts ante 400
Mirax24370 posts ante 400
Shelby.36289 posts ante 400
P1xel7 posts ante 400
Mouton116309 posts ante 400
Scoodiby posts small blind 1750
Monsieur_M posts big blind 3500
Dealt to P1xel7 [2c Kc]
*** PRE-FLOP *** 
Mouton116309 folds
Mirax24370 folds
Shelby.36289 folds
P1xel7 folds
Scoodiby folds
Monsieur_M collected 7650 from pot
*** SUMMARY ***
Total pot 7650 | No rake
Seat 5: Monsieur_M (big blind) won 7650


Winamax Poker - Tournament "Winamax Campus League - Stade 1-3" buyIn: 0€ + 0€ level: 17 - HandId: #3041146555659714580-156-1700516583 - Holdem no limit (400/1750/3500) - 2023/11/20 21:43:03 UTC
Table: 'Winamax Campus League - Stade 1-3(708072110)#0019' 6-max (real money) Seat #4 is the button
Seat 1: Mirax24370 (84188)
Seat 2: Shelby.36289 (31950)
Seat 3: P1xel7 (90527)
Seat 4: Scoodiby (34002)
Seat 5: Monsieur_M (58014)
Seat 6: Mouton116309 (105805)
*** ANTE/BLINDS ***
Monsieur_M posts ante 400
Mouton116309 posts ante 400
Mirax24370 posts ante 400
Shelby.36289 posts ante 400
P1xel7 posts ante 400
Scoodiby posts ante 400
Monsieur_M posts small blind 1750
Mouton116309 posts big blind 3500
Dealt to P1xel7 [2h Kh]
*** PRE-FLOP *** 
Mirax24370 raises 3500 to 7000
Shelby.36289 calls 7000
P1xel7 folds
Scoodiby folds
Monsieur_M folds
Mouton116309 calls 3500
*** FLOP *** [3h 8d 6d]
Mouton116309 checks
Mirax24370 checks
Shelby.36289 bets 3500
Mouton116309 calls 3500
Mirax24370 calls 3500
*** TURN *** [3h 8d 6d][6s]
Mouton116309 checks
Mirax24370 checks
Shelby.36289 checks
*** RIVER *** [3h 8d 6d 6s][5c]
Mouton116309 checks
Mirax24370 checks
Shelby.36289 bets 3500
Mouton116309 calls 3500
Mirax24370 calls 3500
*** SHOW DOWN ***
Mirax24370 shows [Kd 3s] (Two pairs : 6 and 3)
Mouton116309 shows [Qs 4s] (One pair : 6)
Shelby.36289 shows [5h Ad] (Two pairs : 6 and 5)
Shelby.36289 collected 46150 from pot
*** SUMMARY ***
Total pot 46150 | No rake
Board: [3h 8d 6d 6s 5c]
Seat 1: Mirax24370 showed [Kd 3s] and lost with Two pairs : 6 and 3
Seat 2: Shelby.36289 showed [5h Ad] and won 46150 with Two pairs : 6 and 5
Seat 6: Mouton116309 (big blind) showed [Qs 4s] and lost with One pair : 6


Winamax Poker - Tournament "Winamax Campus League - Stade 1-3" buyIn: 0€ + 0€ level: 17 - HandId: #3041146555659714580-157-1700516648 - Holdem no limit (400/1750/3500) - 2023/11/20 21:44:08 UTC
Table: 'Winamax Campus League - Stade 1-3(708072110)#0019' 6-max (real money) Seat #5 is the button
Seat 1: Mirax24370 (69788)
Seat 2: Shelby.36289 (63700)
Seat 3: P1xel7 (90127)
Seat 4: Scoodiby (33602)
Seat 5: Monsieur_M (55864)
Seat 6: Mouton116309 (91405)
*** ANTE/BLINDS ***
Mouton116309 posts ante 400
Mirax24370 posts ante 400
Shelby.36289 posts ante 400
P1xel7 posts ante 400
Scoodiby posts ante 400
Monsieur_M posts ante 400
Mouton116309 posts small blind 1750
Mirax24370 posts big blind 3500
Dealt to P1xel7 [Ad 9d]
*** PRE-FLOP *** 
Shelby.36289 calls 3500
P1xel7 folds
Scoodiby folds
Monsieur_M folds
Mouton116309 folds
Mirax24370 checks
*** FLOP *** [9s 2h 4d]
Mirax24370 bets 5250
Shelby.36289 folds
Mirax24370 collected 16400 from pot
*** SUMMARY ***
Total pot 16400 | No rake
Board: [9s 2h 4d]
Seat 1: Mirax24370 (big blind) won 16400


Winamax Poker - Tournament "Winamax Campus League - Stade 1-3" buyIn: 0€ + 0€ level: 17 - HandId: #3041146555659714580-158-1700516690 - Holdem no limit (400/1750/3500) - 2023/11/20 21:44:50 UTC
Table: 'Winamax Campus League - Stade 1-3(708072110)#0019' 6-max (real money) Seat #6 is the button
Seat 1: Mirax24370 (77038)
Seat 2: Shelby.36289 (59800)
Seat 3: P1xel7 (89727)
Seat 4: Scoodiby (33202)
Seat 5: Monsieur_M (55464)
Seat 6: Mouton116309 (89255)
*** ANTE/BLINDS ***
Mirax24370 posts ante 400
Shelby.36289 posts ante 400
P1xel7 posts ante 400
Scoodiby posts ante 400
Monsieur_M posts ante 400
Mouton116309 posts ante 400
Mirax24370 posts small blind 1750
Shelby.36289 posts big blind 3500
Dealt to P1xel7 [Kh 9c]
*** PRE-FLOP *** 
P1xel7 folds
Scoodiby folds
Monsieur_M folds
Mouton116309 folds
Mirax24370 calls 1750
Shelby.36289 checks
*** FLOP *** [8s Js Kd]
Mirax24370 bets 5250
Shelby.36289 folds
Mirax24370 collected 14650 from pot
*** SUMMARY ***
Total pot 14650 | No rake
Board: [8s Js Kd]
Seat 1: Mirax24370 (small blind) won 14650


Winamax Poker - Tournament "Winamax Campus League - Stade 1-3" buyIn: 0€ + 0€ level: 17 - HandId: #3041146555659714580-159-1700516730 - Holdem no limit (400/1750/3500) - 2023/11/20 21:45:30 UTC
Table: 'Winamax Campus League - Stade 1-3(708072110)#0019' 6-max (real money) Seat #1 is the button
Seat 1: Mirax24370 (82538)
Seat 2: Shelby.36289 (55900)
Seat 3: P1xel7 (89327)
Seat 4: Scoodiby (32802)
Seat 5: Monsieur_M (55064)
Seat 6: Mouton116309 (88855)
*** ANTE/BLINDS ***
Shelby.36289 posts ante 400
P1xel7 posts ante 400
Mirax24370 posts ante 400
Scoodiby posts ante 400
Monsieur_M posts ante 400
Mouton116309 posts ante 400
Shelby.36289 posts small blind 1750
P1xel7 posts big blind 3500
Dealt to P1xel7 [8c Kd]
*** PRE-FLOP *** 
Scoodiby folds
Monsieur_M folds
Mouton116309 folds
Mirax24370 raises 3500 to 7000
Shelby.36289 folds
P1xel7 calls 3500
*** FLOP *** [8h 6c Ac]
P1xel7 checks
Mirax24370 checks
*** TURN *** [8h 6c Ac][7s]
P1xel7 bets 9075
Mirax24370 folds
P1xel7 collected 27225 from pot
*** SUMMARY ***
Total pot 27225 | No rake
Board: [8h 6c Ac 7s]
Seat 3: P1xel7 (big blind) won 27225


Winamax Poker - Tournament "Winamax Campus League - Stade 1-3" buyIn: 0€ + 0€ level: 17 - HandId: #3041146555659714580-160-1700516769 - Holdem no limit (400/1750/3500) - 2023/11/20 21:46:09 UTC
Table: 'Winamax Campus League - Stade 1-3(708072110)#0019' 6-max (real money) Seat #2 is the button
Seat 1: Mirax24370 (75138)
Seat 2: Shelby.36289 (53750)
Seat 3: P1xel7 (100077)
Seat 4: Scoodiby (32402)
Seat 5: Monsieur_M (54664)
Seat 6: Mouton116309 (88455)
*** ANTE/BLINDS ***
P1xel7 posts ante 400
Scoodiby posts ante 400
Mirax24370 posts ante 400
Shelby.36289 posts ante 400
Monsieur_M posts ante 400
Mouton116309 posts ante 400
P1xel7 posts small blind 1750
Scoodiby posts big blind 3500
Dealt to P1xel7 [Kh 3c]
*** PRE-FLOP *** 
Monsieur_M folds
Mouton116309 folds
Mirax24370 calls 3500
Shelby.36289 calls 3500
P1xel7 folds
Scoodiby checks
*** FLOP *** [5d 3h 2h]
Scoodiby checks
Mirax24370 checks
Shelby.36289 bets 3663
Scoodiby folds
Mirax24370 folds
Shelby.36289 collected 18313 from pot
*** SUMMARY ***
Total pot 18313 | No rake
Board: [5d 3h 2h]
Seat 2: Shelby.36289 (button) won 18313


Winamax Poker - Tournament "Winamax Campus League - Stade 1-3" buyIn: 0€ + 0€ level: 17 - HandId: #3041146555659714580-161-1700516806 - Holdem no limit (400/1750/3500) - 2023/11/20 21:46:46 UTC
Table: 'Winamax Campus League - Stade 1-3(708072110)#0019' 6-max (real money) Seat #3 is the button
Seat 1: Mirax24370 (71238)
Seat 2: Shelby.36289 (64500)
Seat 3: P1xel7 (97927)
Seat 4: Scoodiby (28502)
Seat 5: Monsieur_M (54264)
Seat 6: Mouton116309 (88055)
*** ANTE/BLINDS ***
Scoodiby posts ante 400
Monsieur_M posts ante 400
Mirax24370 posts ante 400
Shelby.36289 posts ante 400
P1xel7 posts ante 400
Mouton116309 posts ante 400
Scoodiby posts small blind 1750
Monsieur_M posts big blind 3500
Dealt to P1xel7 [3s Qd]
*** PRE-FLOP *** 
Mouton116309 folds
Mirax24370 raises 7000 to 10500
Shelby.36289 calls 10500
P1xel7 folds
Scoodiby folds
Monsieur_M folds
*** FLOP *** [9c Th Qc]
Mirax24370 checks
Shelby.36289 checks
*** TURN *** [9c Th Qc][Jh]
Mirax24370 checks
Shelby.36289 checks
*** RIVER *** [9c Th Qc Jh][3h]
Mirax24370 bets 12250
Shelby.36289 folds
Mirax24370 collected 40900 from pot
*** SUMMARY ***
Total pot 40900 | No rake
Board: [9c Th Qc Jh 3h]
Seat 1: Mirax24370 won 40900


Winamax Poker - Tournament "Winamax Campus League - Stade 1-3" buyIn: 0€ + 0€ level: 17 - HandId: #3041146555659714580-162-1700516853 - Holdem no limit (400/1750/3500) - 2023/11/20 21:47:33 UTC
Table: 'Winamax Campus League - Stade 1-3(708072110)#0019' 6-max (real money) Seat #4 is the button
Seat 1: Mirax24370 (88988)
Seat 2: Shelby.36289 (53600)
Seat 3: P1xel7 (97527)
Seat 4: Scoodiby (26352)
Seat 5: Monsieur_M (50364)
Seat 6: Mouton116309 (87655)
*** ANTE/BLINDS ***
Monsieur_M posts ante 400
Mouton116309 posts ante 400
Mirax24370 posts ante 400
Shelby.36289 posts ante 400
P1xel7 posts ante 400
Scoodiby posts ante 400
Monsieur_M posts small blind 1750
Mouton116309 posts big blind 3500
Dealt to P1xel7 [2s 9d]
*** PRE-FLOP *** 
Mirax24370 raises 3500 to 7000
Shelby.36289 folds
P1xel7 folds
Scoodiby folds
Monsieur_M raises 42964 to 49964 and is all-in
Mouton116309 folds
Mirax24370 folds
Monsieur_M collected 62864 from pot
*** SUMMARY ***
Total pot 62864 | No rake
Seat 5: Monsieur_M (small blind) won 62864


Winamax Poker - Tournament "Winamax Campus League - Stade 1-3" buyIn: 0€ + 0€ level: 17 - HandId: #3041146555659714580-163-1700516877 - Holdem no limit (400/1750/3500) - 2023/11/20 21:47:57 UTC
Table: 'Winamax Campus League - Stade 1-3(708072110)#0019' 6-max (real money) Seat #5 is the button
Seat 1: Mirax24370 (81588)
Seat 2: Shelby.36289 (53200)
Seat 3: P1xel7 (97127)
Seat 4: Scoodiby (25952)
Seat 5: Monsieur_M (62864)
Seat 6: Mouton116309 (83755)
*** ANTE/BLINDS ***
Mouton116309 posts ante 400
Mirax24370 posts ante 400
Shelby.36289 posts ante 400
P1xel7 posts ante 400
Scoodiby posts ante 400
Monsieur_M posts ante 400
Mouton116309 posts small blind 1750
Mirax24370 posts big blind 3500
Dealt to P1xel7 [7c 8s]
*** PRE-FLOP *** 
Shelby.36289 folds
P1xel7 folds
Scoodiby folds
Monsieur_M folds
Mouton116309 raises 4375 to 7875
Mirax24370 calls 4375
*** FLOP *** [9d 7s 4d]
Mouton116309 bets 6353
Mirax24370 calls 6353
*** TURN *** [9d 7s 4d][3h]
Mouton116309 bets 7714
Mirax24370 calls 7714
*** RIVER *** [9d 7s 4d 3h][Kd]
Mouton116309 bets 16199
Mirax24370 raises 43047 to 59246 and is all-in
Mouton116309 calls 43047
*** SHOW DOWN ***
Mouton116309 shows [Ts Kh] (One pair : Kings)
Mirax24370 shows [Jd Td] (Flush King high)
Mirax24370 collected 164776 from pot
*** SUMMARY ***
Total pot 164776 | No rake
Board: [9d 7s 4d 3h Kd]
Seat 1: Mirax24370 (big blind) showed [Jd Td] and won 164776 with Flush King high
Seat 6: Mouton116309 (small blind) showed [Ts Kh] and lost with One pair : Kings


Winamax Poker - Tournament "Winamax Campus League - Stade 1-3" buyIn: 0€ + 0€ level: 18 - HandId: #3041146555659714580-164-1700517018 - Holdem no limit (500/2000/4000) - 2023/11/20 21:50:18 UTC
Table: 'Winamax Campus League - Stade 1-3(708072110)#0019' 6-max (real money) Seat #6 is the button
Seat 1: Mirax24370 (164776)
Seat 2: Shelby.36289 (52800)
Seat 3: P1xel7 (96727)
Seat 4: Scoodiby (25552)
Seat 5: Monsieur_M (62464)
Seat 6: Mouton116309 (2167)
*** ANTE/BLINDS ***
Mirax24370 posts ante 500
Shelby.36289 posts ante 500
P1xel7 posts ante 500
Scoodiby posts ante 500
Monsieur_M posts ante 500
Mouton116309 posts ante 500
Mirax24370 posts small blind 2000
Shelby.36289 posts big blind 4000
Dealt to P1xel7 [4c 7h]
*** PRE-FLOP *** 
P1xel7 folds
Scoodiby folds
Monsieur_M folds
Mouton116309 calls 1667 and is all-in
Mirax24370 folds
*** FLOP *** [Qd 9h 6h]
*** TURN *** [Qd 9h 6h][6c]
*** RIVER *** [Qd 9h 6h 6c][5s]
*** SHOW DOWN ***
Shelby.36289 shows [7s Ac] (One pair : 6)
Mouton116309 shows [9d 6s] (Full of 6 and 9)
Mouton116309 collected 8001 from main pot
Shelby.36289 collected 2666 from side pot 1
*** SUMMARY ***
Total pot 10667 | No rake
Board: [Qd 9h 6h 6c 5s]
Seat 2: Shelby.36289 (big blind) showed [7s Ac] and won 2666 with One pair : 6
Seat 6: Mouton116309 (button) showed [9d 6s] and won 8001 with Full of 6 and 9


Winamax Poker - Tournament "Winamax Campus League - Stade 1-3" buyIn: 0€ + 0€ level: 18 - HandId: #3041146555659714580-165-1700517037 - Holdem no limit (500/2000/4000) - 2023/11/20 21:50:37 UTC
Table: 'Winamax Campus League - Stade 1-3(708072110)#0019' 6-max (real money) Seat #1 is the button
Seat 1: Mirax24370 (162276)
Seat 2: Shelby.36289 (50966)
Seat 3: P1xel7 (96227)
Seat 4: Scoodiby (25052)
Seat 5: Monsieur_M (61964)
Seat 6: Mouton116309 (8001)
*** ANTE/BLINDS ***
Shelby.36289 posts ante 500
P1xel7 posts ante 500
Mirax24370 posts ante 500
Scoodiby posts ante 500
Monsieur_M posts ante 500
Mouton116309 posts ante 500
Shelby.36289 posts small blind 2000
P1xel7 posts big blind 4000
Dealt to P1xel7 [2d Ac]
*** PRE-FLOP *** 
Scoodiby folds
Monsieur_M folds
Mouton116309 raises 3501 to 7501 and is all-in
Mirax24370 folds
Shelby.36289 raises 4420 to 11921
P1xel7 calls 7921
*** FLOP *** [7d 5c Jc]
Shelby.36289 checks
P1xel7 bets 12020
Shelby.36289 folds
*** TURN *** [7d 5c Jc][5s]
*** RIVER *** [7d 5c Jc 5s][5d]
*** SHOW DOWN ***
P1xel7 shows [2d Ac] (Trips of 5)
Mouton116309 shows [7c Tc] (Full of 5 and 7)
Mouton116309 collected 25503 from main pot
P1xel7 collected 20860 from side pot 1
*** SUMMARY ***
Total pot 46363 | No rake
Board: [7d 5c Jc 5s 5d]
Seat 3: P1xel7 (big blind) showed [2d Ac] and won 20860 with Trips of 5
Seat 6: Mouton116309 showed [7c Tc] and won 25503 with Full of 5 and 7


Winamax Poker - Tournament "Winamax Campus League - Stade 1-3" buyIn: 0€ + 0€ level: 18 - HandId: #3041146555659714580-166-1700517093 - Holdem no limit (500/2000/4000) - 2023/11/20 21:51:33 UTC
Table: 'Winamax Campus League - Stade 1-3(708072110)#0019' 6-max (real money) Seat #2 is the button
Seat 1: Mirax24370 (161776)
Seat 2: Shelby.36289 (38545)
Seat 3: P1xel7 (92646)
Seat 4: Scoodiby (24552)
Seat 5: Monsieur_M (61464)
Seat 6: Mouton116309 (25503)
*** ANTE/BLINDS ***
P1xel7 posts ante 500
Scoodiby posts ante 500
Mirax24370 posts ante 500
Shelby.36289 posts ante 500
Monsieur_M posts ante 500
Mouton116309 posts ante 500
P1xel7 posts small blind 2000
Scoodiby posts big blind 4000
Dealt to P1xel7 [6d 4s]
*** PRE-FLOP *** 
Monsieur_M folds
Mouton116309 raises 21003 to 25003 and is all-in
Mirax24370 calls 25003
Shelby.36289 folds
P1xel7 folds
Scoodiby folds
*** FLOP *** [Tc Qh 2h]
*** TURN *** [Tc Qh 2h][Ts]
*** RIVER *** [Tc Qh 2h Ts][4c]
*** SHOW DOWN ***
Mouton116309 shows [Kc 5s] (One pair : Tens)
Mirax24370 shows [6s Ac] (One pair : Tens)
Mirax24370 collected 59006 from pot
*** SUMMARY ***
Total pot 59006 | No rake
Board: [Tc Qh 2h Ts 4c]
Seat 1: Mirax24370 showed [6s Ac] and won 59006 with One pair : Tens
Seat 6: Mouton116309 showed [Kc 5s] and lost with One pair : Tens


Winamax Poker - Tournament "Winamax Campus League - Stade 1-3" buyIn: 0€ + 0€ level: 18 - HandId: #3041146555659714580-167-1700517128 - Holdem no limit (500/2000/4000) - 2023/11/20 21:52:08 UTC
Table: 'Winamax Campus League - Stade 1-3(708072110)#0019' 6-max (real money) Seat #3 is the button
Seat 1: Mirax24370 (195279)
Seat 2: Shelby.36289 (38045)
Seat 3: P1xel7 (90146)
Seat 4: Scoodiby (20052)
Seat 5: Monsieur_M (60964)
*** ANTE/BLINDS ***
Scoodiby posts ante 500
Monsieur_M posts ante 500
Mirax24370 posts ante 500
Shelby.36289 posts ante 500
P1xel7 posts ante 500
Scoodiby posts small blind 2000
Monsieur_M posts big blind 4000
Dealt to P1xel7 [Qs 4h]
*** PRE-FLOP *** 
Mirax24370 folds
Shelby.36289 raises 4000 to 8000
P1xel7 folds
Scoodiby folds
Monsieur_M calls 4000
*** FLOP *** [2s Jd 7d]
Monsieur_M checks
Shelby.36289 bets 4000
Monsieur_M folds
Shelby.36289 collected 24500 from pot
*** SUMMARY ***
Total pot 24500 | No rake
Board: [2s Jd 7d]
Seat 2: Shelby.36289 won 24500


Winamax Poker - Tournament "Winamax Campus League - Stade 1-3" buyIn: 0€ + 0€ level: 18 - HandId: #3041146555659714580-168-1700517238 - Holdem no limit (500/2000/4000) - 2023/11/20 21:53:58 UTC
Table: 'Winamax Campus League - Stade 1-3(708072110)#0019' 6-max (real money) Seat #4 is the button
Seat 1: Mirax24370 (194779)
Seat 2: Shelby.36289 (50045)
Seat 3: P1xel7 (89646)
Seat 4: Scoodiby (17552)
Seat 5: Monsieur_M (52464)
Seat 6: Falcon Oman (62680)
*** ANTE/BLINDS ***
Monsieur_M posts ante 500
Falcon Oman posts ante 500
Mirax24370 posts ante 500
Shelby.36289 posts ante 500
P1xel7 posts ante 500
Scoodiby posts ante 500
Monsieur_M posts small blind 2000
Falcon Oman posts big blind 4000
Dealt to P1xel7 [Ac Ad]
*** PRE-FLOP *** 
Mirax24370 raises 5000 to 9000
Shelby.36289 folds
P1xel7 raises 80146 to 89146 and is all-in
Scoodiby folds
Monsieur_M folds
Falcon Oman folds
Mirax24370 folds
P1xel7 collected 107146 from pot
*** SUMMARY ***
Total pot 107146 | No rake
Seat 3: P1xel7 won 107146


Winamax Poker - Tournament "Winamax Campus League - Stade 1-3" buyIn: 0€ + 0€ level: 19 - HandId: #3041146555659714580-169-1700517268 - Holdem no limit (600/2500/5000) - 2023/11/20 21:54:28 UTC
Table: 'Winamax Campus League - Stade 1-3(708072110)#0019' 6-max (real money) Seat #5 is the button
Seat 1: Mirax24370 (185279)
Seat 2: Shelby.36289 (49545)
Seat 3: P1xel7 (107146)
Seat 4: Scoodiby (17052)
Seat 5: Monsieur_M (49964)
Seat 6: Falcon Oman (58180)
*** ANTE/BLINDS ***
Falcon Oman posts ante 600
Mirax24370 posts ante 600
Shelby.36289 posts ante 600
P1xel7 posts ante 600
Scoodiby posts ante 600
Monsieur_M posts ante 600
Falcon Oman posts small blind 2500
Mirax24370 posts big blind 5000
Dealt to P1xel7 [Ad As]
*** PRE-FLOP *** 
Shelby.36289 folds
P1xel7 raises 7500 to 12500
Scoodiby raises 3952 to 16452 and is all-in
Monsieur_M folds
Falcon Oman folds
Mirax24370 folds
P1xel7 calls 3952
*** FLOP *** [7s Qh Tc]
*** TURN *** [7s Qh Tc][9h]
*** RIVER *** [7s Qh Tc 9h][Td]
*** SHOW DOWN ***
Scoodiby shows [Qs Js] (Two pairs : Queens and Tens)
P1xel7 shows [Ad As] (Two pairs : Aces and Tens)
P1xel7 collected 44004 from pot
*** SUMMARY ***
Total pot 44004 | No rake
Board: [7s Qh Tc 9h Td]
Seat 3: P1xel7 showed [Ad As] and won 44004 with Two pairs : Aces and Tens
Seat 4: Scoodiby showed [Qs Js] and lost with Two pairs : Queens and Tens


Winamax Poker - Tournament "Winamax Campus League - Stade 1-3" buyIn: 0€ + 0€ level: 19 - HandId: #3041146555659714580-170-1700517292 - Holdem no limit (600/2500/5000) - 2023/11/20 21:54:52 UTC
Table: 'Winamax Campus League - Stade 1-3(708072110)#0019' 6-max (real money) Seat #6 is the button
Seat 1: Mirax24370 (179679)
Seat 2: Shelby.36289 (48945)
Seat 3: P1xel7 (134098)
Seat 5: Monsieur_M (49364)
Seat 6: Falcon Oman (55080)
*** ANTE/BLINDS ***
Mirax24370 posts ante 600
Shelby.36289 posts ante 600
P1xel7 posts ante 600
Monsieur_M posts ante 600
Falcon Oman posts ante 600
Mirax24370 posts small blind 2500
Shelby.36289 posts big blind 5000
Dealt to P1xel7 [6c 2s]
*** PRE-FLOP *** 
P1xel7 folds
Monsieur_M folds
Falcon Oman folds
Mirax24370 calls 2500
Shelby.36289 raises 5000 to 10000
Mirax24370 calls 5000
*** FLOP *** [3h Ah 3d]
Mirax24370 bets 7500
Shelby.36289 calls 7500
*** TURN *** [3h Ah 3d][2h]
Mirax24370 checks
Shelby.36289 bets 5000
Mirax24370 folds
Shelby.36289 collected 43000 from pot
*** SUMMARY ***
Total pot 43000 | No rake
Board: [3h Ah 3d 2h]
Seat 2: Shelby.36289 (big blind) won 43000


Winamax Poker - Tournament "Winamax Campus League - Stade 1-3" buyIn: 0€ + 0€ level: 19 - HandId: #3041146555659714580-171-1700517660 - Holdem no limit (600/2500/5000) - 2023/11/20 22:01:00 UTC
Table: 'Winamax Campus League - Stade 1-3(708072110)#0019' 6-max (real money) Seat #1 is the button
Seat 1: Mirax24370 (161579)
Seat 2: Shelby.36289 (68845)
Seat 3: P1xel7 (133498)
Seat 5: Monsieur_M (48764)
Seat 6: Falcon Oman (54480)
*** ANTE/BLINDS ***
Shelby.36289 posts ante 600
P1xel7 posts ante 600
Mirax24370 posts ante 600
Monsieur_M posts ante 600
Falcon Oman posts ante 600
Shelby.36289 posts small blind 2500
P1xel7 posts big blind 5000
Dealt to P1xel7 [4d Ts]
*** PRE-FLOP *** 
Monsieur_M raises 43164 to 48164 and is all-in
Falcon Oman folds
Mirax24370 folds
Shelby.36289 folds
P1xel7 folds
Monsieur_M collected 58664 from pot
*** SUMMARY ***
Total pot 58664 | No rake
Seat 5: Monsieur_M won 58664


Winamax Poker - Tournament "Winamax Campus League - Stade 1-3" buyIn: 0€ + 0€ level: 19 - HandId: #3041146555659714580-172-1700517744 - Holdem no limit (600/2500/5000) - 2023/11/20 22:02:24 UTC
Table: 'Winamax Campus League - Stade 1-3(708072110)#0019' 6-max (real money) Seat #2 is the button
Seat 1: Mirax24370 (160979)
Seat 2: Shelby.36289 (65745)
Seat 3: P1xel7 (127898)
Seat 5: Monsieur_M (58664)
Seat 6: Falcon Oman (53880)
*** ANTE/BLINDS ***
P1xel7 posts ante 600
Monsieur_M posts ante 600
Mirax24370 posts ante 600
Shelby.36289 posts ante 600
Falcon Oman posts ante 600
P1xel7 posts small blind 2500
Monsieur_M posts big blind 5000
Dealt to P1xel7 [6d 5d]
*** PRE-FLOP *** 
Falcon Oman folds
Mirax24370 raises 5000 to 10000
Shelby.36289 folds
P1xel7 folds
Monsieur_M folds
Mirax24370 collected 20500 from pot
*** SUMMARY ***
Total pot 20500 | No rake
Seat 1: Mirax24370 won 20500


Winamax Poker - Tournament "Winamax Campus League - Stade 1-3" buyIn: 0€ + 0€ level: 19 - HandId: #3041146555659714580-173-1700517780 - Holdem no limit (600/2500/5000) - 2023/11/20 22:03:00 UTC
Table: 'Winamax Campus League - Stade 1-3(708072110)#0019' 6-max (real money) Seat #3 is the button
Seat 1: Mirax24370 (170879)
Seat 2: Shelby.36289 (65145)
Seat 3: P1xel7 (124798)
Seat 5: Monsieur_M (53064)
Seat 6: Falcon Oman (53280)
*** ANTE/BLINDS ***
Monsieur_M posts ante 600
Falcon Oman posts ante 600
Mirax24370 posts ante 600
Shelby.36289 posts ante 600
P1xel7 posts ante 600
Monsieur_M posts small blind 2500
Falcon Oman posts big blind 5000
Dealt to P1xel7 [Qc 9c]
*** PRE-FLOP *** 
Mirax24370 raises 7500 to 12500
Shelby.36289 folds
P1xel7 folds
Monsieur_M folds
Falcon Oman folds
Mirax24370 collected 23000 from pot
*** SUMMARY ***
Total pot 23000 | No rake
Seat 1: Mirax24370 won 23000


Winamax Poker - Tournament "Winamax Campus League - Stade 1-3" buyIn: 0€ + 0€ level: 19 - HandId: #3041146555659714580-174-1700517810 - Holdem no limit (600/2500/5000) - 2023/11/20 22:03:30 UTC
Table: 'Winamax Campus League - Stade 1-3(708072110)#0019' 6-max (real money) Seat #5 is the button
Seat 1: Mirax24370 (180779)
Seat 2: Shelby.36289 (64545)
Seat 3: P1xel7 (124198)
Seat 5: Monsieur_M (49964)
Seat 6: Falcon Oman (47680)
*** ANTE/BLINDS ***
Falcon Oman posts ante 600
Mirax24370 posts ante 600
Shelby.36289 posts ante 600
P1xel7 posts ante 600
Monsieur_M posts ante 600
Falcon Oman posts small blind 2500
Mirax24370 posts big blind 5000
Dealt to P1xel7 [Ks 3c]
*** PRE-FLOP *** 
Shelby.36289 folds
P1xel7 folds
Monsieur_M folds
Falcon Oman folds
Mirax24370 collected 10500 from pot
*** SUMMARY ***
Total pot 10500 | No rake
Seat 1: Mirax24370 (big blind) won 10500


Winamax Poker - Tournament "Winamax Campus League - Stade 1-3" buyIn: 0€ + 0€ level: 19 - HandId: #3041146555659714580-175-1700517823 - Holdem no limit (600/2500/5000) - 2023/11/20 22:03:43 UTC
Table: 'Winamax Campus League - Stade 1-3(708072110)#0019' 6-max (real money) Seat #6 is the button
Seat 1: Mirax24370 (185679)
Seat 2: Shelby.36289 (63945)
Seat 3: P1xel7 (123598)
Seat 5: Monsieur_M (49364)
Seat 6: Falcon Oman (44580)
*** ANTE/BLINDS ***
Mirax24370 posts ante 600
Shelby.36289 posts ante 600
P1xel7 posts ante 600
Monsieur_M posts ante 600
Falcon Oman posts ante 600
Mirax24370 posts small blind 2500
Shelby.36289 posts big blind 5000
Dealt to P1xel7 [Ks Kc]
*** PRE-FLOP *** 
P1xel7 raises 7500 to 12500
Monsieur_M folds
Falcon Oman folds
Mirax24370 raises 10000 to 22500
Shelby.36289 folds
P1xel7 calls 10000
*** FLOP *** [9c 6s 6h]
Mirax24370 checks
P1xel7 bets 34450
Mirax24370 raises 128129 to 162579 and is all-in
P1xel7 calls 66048 and is all-in
*** TURN *** [9c 6s 6h][Qd]
*** RIVER *** [9c 6s 6h Qd][2c]
*** SHOW DOWN ***
P1xel7 shows [Ks Kc] (Two pairs : Kings and 6)
Mirax24370 shows [Ac Ad] (Two pairs : Aces and 6)
Mirax24370 collected 316077 from pot
*** SUMMARY ***
Total pot 316077 | No rake
Board: [9c 6s 6h Qd 2c]
Seat 1: Mirax24370 (small blind) showed [Ac Ad] and won 316077 with Two pairs : Aces and 6
Seat 3: P1xel7 showed [Ks Kc] and lost with Two pairs : Kings and 6


