Winamax Poker - Tournament "Expresso Nitro" buyIn: 4.65€ + 0.35€ level: 1 - HandId: #3184075533897957377-1-1704742952 - Holdem no limit (10/20) - 2024/01/08 19:42:32 UTC
Table: 'Expresso Nitro(741350356)#0' 3-max (real money) Seat #2 is the button
Seat 1: Huh (300)
Seat 2: P1xel7 (300)
Seat 3: Le Tarif (300)
*** ANTE/BLINDS ***
Le Tarif posts small blind 10
Huh posts big blind 20
Dealt to P1xel7 [Kh Ac]
*** PRE-FLOP *** 
P1xel7 raises 280 to 300 and is all-in
Le Tarif folds
Huh folds
P1xel7 collected 330 from pot
*** SUMMARY ***
Total pot 330 | No rake
Seat 2: P1xel7 (button) won 330


Winamax Poker - Tournament "Expresso Nitro" buyIn: 4.65€ + 0.35€ level: 1 - HandId: #3184075533897957377-2-1704742960 - Holdem no limit (10/20) - 2024/01/08 19:42:40 UTC
Table: 'Expresso Nitro(741350356)#0' 3-max (real money) Seat #3 is the button
Seat 1: Huh (280)
Seat 2: P1xel7 (330)
Seat 3: Le Tarif (290)
*** ANTE/BLINDS ***
Huh posts small blind 10
P1xel7 posts big blind 20
Dealt to P1xel7 [8d Js]
*** PRE-FLOP *** 
Le Tarif folds
Huh raises 20 to 40
P1xel7 calls 20
*** FLOP *** [6h Ks 3d]
Huh bets 26
P1xel7 calls 26
*** TURN *** [6h Ks 3d][6d]
Huh checks
P1xel7 bets 86
Huh folds
P1xel7 collected 218 from pot
*** SUMMARY ***
Total pot 218 | No rake
Board: [6h Ks 3d 6d]
Seat 2: P1xel7 (big blind) won 218


Winamax Poker - Tournament "Expresso Nitro" buyIn: 4.65€ + 0.35€ level: 1 - HandId: #3184075533897957377-3-1704742989 - Holdem no limit (10/20) - 2024/01/08 19:43:09 UTC
Table: 'Expresso Nitro(741350356)#0' 3-max (real money) Seat #1 is the button
Seat 1: Huh (214)
Seat 2: P1xel7 (396)
Seat 3: Le Tarif (290)
*** ANTE/BLINDS ***
P1xel7 posts small blind 10
Le Tarif posts big blind 20
Dealt to P1xel7 [4d 3h]
*** PRE-FLOP *** 
Huh folds
P1xel7 folds
Le Tarif collected 30 from pot
*** SUMMARY ***
Total pot 30 | No rake
Seat 3: Le Tarif (big blind) won 30


Winamax Poker - Tournament "Expresso Nitro" buyIn: 4.65€ + 0.35€ level: 1 - HandId: #3184075533897957377-4-1704742994 - Holdem no limit (10/20) - 2024/01/08 19:43:14 UTC
Table: 'Expresso Nitro(741350356)#0' 3-max (real money) Seat #2 is the button
Seat 1: Huh (214)
Seat 2: P1xel7 (386)
Seat 3: Le Tarif (300)
*** ANTE/BLINDS ***
Le Tarif posts small blind 10
Huh posts big blind 20
Dealt to P1xel7 [Jh 7c]
*** PRE-FLOP *** 
P1xel7 folds
Le Tarif folds
Huh collected 30 from pot
*** SUMMARY ***
Total pot 30 | No rake
Seat 1: Huh (big blind) won 30


Winamax Poker - Tournament "Expresso Nitro" buyIn: 4.65€ + 0.35€ level: 2 - HandId: #3184075533897957377-5-1704743012 - Holdem no limit (15/30) - 2024/01/08 19:43:32 UTC
Table: 'Expresso Nitro(741350356)#0' 3-max (real money) Seat #3 is the button
Seat 1: Huh (224)
Seat 2: P1xel7 (386)
Seat 3: Le Tarif (290)
*** ANTE/BLINDS ***
Huh posts small blind 15
P1xel7 posts big blind 30
Dealt to P1xel7 [6s Qs]
*** PRE-FLOP *** 
Le Tarif folds
Huh folds
P1xel7 collected 45 from pot
*** SUMMARY ***
Total pot 45 | No rake
Seat 2: P1xel7 (big blind) won 45


Winamax Poker - Tournament "Expresso Nitro" buyIn: 4.65€ + 0.35€ level: 2 - HandId: #3184075533897957377-6-1704743033 - Holdem no limit (15/30) - 2024/01/08 19:43:53 UTC
Table: 'Expresso Nitro(741350356)#0' 3-max (real money) Seat #1 is the button
Seat 1: Huh (209)
Seat 2: P1xel7 (401)
Seat 3: Le Tarif (290)
*** ANTE/BLINDS ***
P1xel7 posts small blind 15
Le Tarif posts big blind 30
Dealt to P1xel7 [5d Kd]
*** PRE-FLOP *** 
Huh folds
P1xel7 raises 30 to 60
Le Tarif folds
P1xel7 collected 90 from pot
*** SUMMARY ***
Total pot 90 | No rake
Seat 2: P1xel7 (small blind) won 90


Winamax Poker - Tournament "Expresso Nitro" buyIn: 4.65€ + 0.35€ level: 2 - HandId: #3184075533897957377-7-1704743045 - Holdem no limit (15/30) - 2024/01/08 19:44:05 UTC
Table: 'Expresso Nitro(741350356)#0' 3-max (real money) Seat #2 is the button
Seat 1: Huh (209)
Seat 2: P1xel7 (431)
Seat 3: Le Tarif (260)
*** ANTE/BLINDS ***
Le Tarif posts small blind 15
Huh posts big blind 30
Dealt to P1xel7 [8c Jh]
*** PRE-FLOP *** 
P1xel7 folds
Le Tarif raises 230 to 260 and is all-in
Huh folds
Le Tarif collected 290 from pot
*** SUMMARY ***
Total pot 290 | No rake
Seat 3: Le Tarif (small blind) won 290


Winamax Poker - Tournament "Expresso Nitro" buyIn: 4.65€ + 0.35€ level: 2 - HandId: #3184075533897957377-8-1704743063 - Holdem no limit (15/30) - 2024/01/08 19:44:23 UTC
Table: 'Expresso Nitro(741350356)#0' 3-max (real money) Seat #3 is the button
Seat 1: Huh (179)
Seat 2: P1xel7 (431)
Seat 3: Le Tarif (290)
*** ANTE/BLINDS ***
Huh posts small blind 15
P1xel7 posts big blind 30
Dealt to P1xel7 [Th 7c]
*** PRE-FLOP *** 
Le Tarif folds
Huh folds
P1xel7 collected 45 from pot
*** SUMMARY ***
Total pot 45 | No rake
Seat 2: P1xel7 (big blind) won 45


Winamax Poker - Tournament "Expresso Nitro" buyIn: 4.65€ + 0.35€ level: 3 - HandId: #3184075533897957377-9-1704743071 - Holdem no limit (20/40) - 2024/01/08 19:44:31 UTC
Table: 'Expresso Nitro(741350356)#0' 3-max (real money) Seat #1 is the button
Seat 1: Huh (164)
Seat 2: P1xel7 (446)
Seat 3: Le Tarif (290)
*** ANTE/BLINDS ***
P1xel7 posts small blind 20
Le Tarif posts big blind 40
Dealt to P1xel7 [6s 2c]
*** PRE-FLOP *** 
Huh folds
P1xel7 folds
Le Tarif collected 60 from pot
*** SUMMARY ***
Total pot 60 | No rake
Seat 3: Le Tarif (big blind) won 60


Winamax Poker - Tournament "Expresso Nitro" buyIn: 4.65€ + 0.35€ level: 3 - HandId: #3184075533897957377-10-1704743076 - Holdem no limit (20/40) - 2024/01/08 19:44:36 UTC
Table: 'Expresso Nitro(741350356)#0' 3-max (real money) Seat #2 is the button
Seat 1: Huh (164)
Seat 2: P1xel7 (426)
Seat 3: Le Tarif (310)
*** ANTE/BLINDS ***
Le Tarif posts small blind 20
Huh posts big blind 40
Dealt to P1xel7 [Jc 8h]
*** PRE-FLOP *** 
P1xel7 folds
Le Tarif raises 270 to 310 and is all-in
Huh folds
Le Tarif collected 350 from pot
*** SUMMARY ***
Total pot 350 | No rake
Seat 3: Le Tarif (small blind) won 350


Winamax Poker - Tournament "Expresso Nitro" buyIn: 4.65€ + 0.35€ level: 3 - HandId: #3184075533897957377-11-1704743091 - Holdem no limit (20/40) - 2024/01/08 19:44:51 UTC
Table: 'Expresso Nitro(741350356)#0' 3-max (real money) Seat #3 is the button
Seat 1: Huh (124)
Seat 2: P1xel7 (426)
Seat 3: Le Tarif (350)
*** ANTE/BLINDS ***
Huh posts small blind 20
P1xel7 posts big blind 40
Dealt to P1xel7 [9s 3s]
*** PRE-FLOP *** 
Le Tarif folds
Huh raises 84 to 124 and is all-in
P1xel7 calls 84
*** FLOP *** [9d 5d 8c]
*** TURN *** [9d 5d 8c][2s]
*** RIVER *** [9d 5d 8c 2s][Qs]
*** SHOW DOWN ***
Huh shows [3c 6c] (High card : Queen)
P1xel7 shows [9s 3s] (One pair : 9)
P1xel7 collected 248 from pot
*** SUMMARY ***
Total pot 248 | No rake
Board: [9d 5d 8c 2s Qs]
Seat 1: Huh (small blind) showed [3c 6c] and lost with High card : Queen
Seat 2: P1xel7 (big blind) showed [9s 3s] and won 248 with One pair : 9


Winamax Poker - Tournament "Expresso Nitro" buyIn: 4.65€ + 0.35€ level: 3 - HandId: #3184075533897957377-12-1704743109 - Holdem no limit (20/40) - 2024/01/08 19:45:09 UTC
Table: 'Expresso Nitro(741350356)#0' 3-max (real money) Seat #2 is the button
Seat 2: P1xel7 (550)
Seat 3: Le Tarif (350)
*** ANTE/BLINDS ***
P1xel7 posts small blind 20
Le Tarif posts big blind 40
Dealt to P1xel7 [5s 9h]
*** PRE-FLOP *** 
P1xel7 folds
Le Tarif collected 60 from pot
*** SUMMARY ***
Total pot 60 | No rake
Seat 3: Le Tarif (big blind) won 60


Winamax Poker - Tournament "Expresso Nitro" buyIn: 4.65€ + 0.35€ level: 3 - HandId: #3184075533897957377-13-1704743113 - Holdem no limit (20/40) - 2024/01/08 19:45:13 UTC
Table: 'Expresso Nitro(741350356)#0' 3-max (real money) Seat #3 is the button
Seat 2: P1xel7 (530)
Seat 3: Le Tarif (370)
*** ANTE/BLINDS ***
Le Tarif posts small blind 20
P1xel7 posts big blind 40
Dealt to P1xel7 [Jh 6c]
*** PRE-FLOP *** 
Le Tarif folds
P1xel7 collected 60 from pot
*** SUMMARY ***
Total pot 60 | No rake
Seat 2: P1xel7 (big blind) won 60


Winamax Poker - Tournament "Expresso Nitro" buyIn: 4.65€ + 0.35€ level: 3 - HandId: #3184075533897957377-14-1704743120 - Holdem no limit (20/40) - 2024/01/08 19:45:20 UTC
Table: 'Expresso Nitro(741350356)#0' 3-max (real money) Seat #2 is the button
Seat 2: P1xel7 (550)
Seat 3: Le Tarif (350)
*** ANTE/BLINDS ***
P1xel7 posts small blind 20
Le Tarif posts big blind 40
Dealt to P1xel7 [6d Tc]
*** PRE-FLOP *** 
P1xel7 raises 40 to 80
Le Tarif folds
P1xel7 collected 120 from pot
*** SUMMARY ***
Total pot 120 | No rake
Seat 2: P1xel7 (small blind) (button) won 120


Winamax Poker - Tournament "Expresso Nitro" buyIn: 4.65€ + 0.35€ level: 4 - HandId: #3184075533897957377-15-1704743137 - Holdem no limit (30/60) - 2024/01/08 19:45:37 UTC
Table: 'Expresso Nitro(741350356)#0' 3-max (real money) Seat #3 is the button
Seat 2: P1xel7 (590)
Seat 3: Le Tarif (310)
*** ANTE/BLINDS ***
Le Tarif posts small blind 30
P1xel7 posts big blind 60
Dealt to P1xel7 [Td 2s]
*** PRE-FLOP *** 
Le Tarif folds
P1xel7 collected 90 from pot
*** SUMMARY ***
Total pot 90 | No rake
Seat 2: P1xel7 (big blind) won 90


Winamax Poker - Tournament "Expresso Nitro" buyIn: 4.65€ + 0.35€ level: 4 - HandId: #3184075533897957377-16-1704743154 - Holdem no limit (30/60) - 2024/01/08 19:45:54 UTC
Table: 'Expresso Nitro(741350356)#0' 3-max (real money) Seat #2 is the button
Seat 2: P1xel7 (620)
Seat 3: Le Tarif (280)
*** ANTE/BLINDS ***
P1xel7 posts small blind 30
Le Tarif posts big blind 60
Dealt to P1xel7 [Ks As]
*** PRE-FLOP *** 
P1xel7 raises 560 to 620 and is all-in
Le Tarif folds
P1xel7 collected 680 from pot
*** SUMMARY ***
Total pot 680 | No rake
Seat 2: P1xel7 (small blind) (button) won 680


Winamax Poker - Tournament "Expresso Nitro" buyIn: 4.65€ + 0.35€ level: 4 - HandId: #3184075533897957377-17-1704743170 - Holdem no limit (30/60) - 2024/01/08 19:46:10 UTC
Table: 'Expresso Nitro(741350356)#0' 3-max (real money) Seat #3 is the button
Seat 2: P1xel7 (680)
Seat 3: Le Tarif (220)
*** ANTE/BLINDS ***
Le Tarif posts small blind 30
P1xel7 posts big blind 60
Dealt to P1xel7 [Ah Jh]
*** PRE-FLOP *** 
Le Tarif raises 160 to 220 and is all-in
P1xel7 calls 160
*** FLOP *** [Ad Td 8c]
*** TURN *** [Ad Td 8c][3d]
*** RIVER *** [Ad Td 8c 3d][7c]
*** SHOW DOWN ***
Le Tarif shows [Ks 6h] (High card : Ace)
P1xel7 shows [Ah Jh] (One pair : Aces)
P1xel7 collected 440 from pot
*** SUMMARY ***
Total pot 440 | No rake
Board: [Ad Td 8c 3d 7c]
Seat 2: P1xel7 (big blind) showed [Ah Jh] and won 440 with One pair : Aces
Seat 3: Le Tarif (small blind) (button) showed [Ks 6h] and lost with High card : Ace


