Winamax Poker - Tournament "Expresso Nitro" buyIn: 4.65€ + 0.35€ level: 1 - HandId: #3184066690560294913-1-1704742705 - Holdem no limit (10/20) - 2024/01/08 19:38:25 UTC
Table: 'Expresso Nitro(741348297)#0' 3-max (real money) Seat #3 is the button
Seat 1: elicoptere_7 (300)
Seat 2: PaDre.PabLo (300)
Seat 3: P1xel7 (300)
*** ANTE/BLINDS ***
elicoptere_7 posts small blind 10
PaDre.PabLo posts big blind 20
Dealt to P1xel7 [Qc 8d]
*** PRE-FLOP *** 
P1xel7 folds
elicoptere_7 calls 10
PaDre.PabLo raises 30 to 50
elicoptere_7 calls 30
*** FLOP *** [6h 9c Jd]
elicoptere_7 bets 250 and is all-in
PaDre.PabLo calls 250 and is all-in
*** TURN *** [6h 9c Jd][Qd]
*** RIVER *** [6h 9c Jd Qd][4s]
*** SHOW DOWN ***
elicoptere_7 shows [7c Ad] (High card : Ace)
PaDre.PabLo shows [Jh 2d] (One pair : Jacks)
PaDre.PabLo collected 600 from pot
*** SUMMARY ***
Total pot 600 | No rake
Board: [6h 9c Jd Qd 4s]
Seat 1: elicoptere_7 (small blind) showed [7c Ad] and lost with High card : Ace
Seat 2: PaDre.PabLo (big blind) showed [Jh 2d] and won 600 with One pair : Jacks


Winamax Poker - Tournament "Expresso Nitro" buyIn: 4.65€ + 0.35€ level: 1 - HandId: #3184066690560294913-2-1704742727 - Holdem no limit (10/20) - 2024/01/08 19:38:47 UTC
Table: 'Expresso Nitro(741348297)#0' 3-max (real money) Seat #2 is the button
Seat 2: PaDre.PabLo (600)
Seat 3: P1xel7 (300)
*** ANTE/BLINDS ***
PaDre.PabLo posts small blind 10
P1xel7 posts big blind 20
Dealt to P1xel7 [5h Td]
*** PRE-FLOP *** 
PaDre.PabLo calls 10
P1xel7 checks
*** FLOP *** [Jc Th 8s]
P1xel7 checks
PaDre.PabLo bets 20
P1xel7 raises 60 to 80
PaDre.PabLo folds
P1xel7 collected 140 from pot
*** SUMMARY ***
Total pot 140 | No rake
Board: [Jc Th 8s]
Seat 3: P1xel7 (big blind) won 140


Winamax Poker - Tournament "Expresso Nitro" buyIn: 4.65€ + 0.35€ level: 1 - HandId: #3184066690560294913-3-1704742753 - Holdem no limit (10/20) - 2024/01/08 19:39:13 UTC
Table: 'Expresso Nitro(741348297)#0' 3-max (real money) Seat #3 is the button
Seat 2: PaDre.PabLo (560)
Seat 3: P1xel7 (340)
*** ANTE/BLINDS ***
P1xel7 posts small blind 10
PaDre.PabLo posts big blind 20
Dealt to P1xel7 [8s 2c]
*** PRE-FLOP *** 
P1xel7 folds
PaDre.PabLo collected 30 from pot
*** SUMMARY ***
Total pot 30 | No rake
Seat 2: PaDre.PabLo (big blind) won 30


Winamax Poker - Tournament "Expresso Nitro" buyIn: 4.65€ + 0.35€ level: 1 - HandId: #3184066690560294913-4-1704742757 - Holdem no limit (10/20) - 2024/01/08 19:39:17 UTC
Table: 'Expresso Nitro(741348297)#0' 3-max (real money) Seat #2 is the button
Seat 2: PaDre.PabLo (570)
Seat 3: P1xel7 (330)
*** ANTE/BLINDS ***
PaDre.PabLo posts small blind 10
P1xel7 posts big blind 20
Dealt to P1xel7 [9h As]
*** PRE-FLOP *** 
PaDre.PabLo calls 10
P1xel7 raises 310 to 330 and is all-in
PaDre.PabLo folds
P1xel7 collected 350 from pot
*** SUMMARY ***
Total pot 350 | No rake
Seat 3: P1xel7 (big blind) won 350


Winamax Poker - Tournament "Expresso Nitro" buyIn: 4.65€ + 0.35€ level: 2 - HandId: #3184066690560294913-5-1704742767 - Holdem no limit (15/30) - 2024/01/08 19:39:27 UTC
Table: 'Expresso Nitro(741348297)#0' 3-max (real money) Seat #3 is the button
Seat 2: PaDre.PabLo (550)
Seat 3: P1xel7 (350)
*** ANTE/BLINDS ***
P1xel7 posts small blind 15
PaDre.PabLo posts big blind 30
Dealt to P1xel7 [5s Kc]
*** PRE-FLOP *** 
P1xel7 folds
PaDre.PabLo collected 45 from pot
*** SUMMARY ***
Total pot 45 | No rake
Seat 2: PaDre.PabLo (big blind) won 45


Winamax Poker - Tournament "Expresso Nitro" buyIn: 4.65€ + 0.35€ level: 2 - HandId: #3184066690560294913-6-1704742771 - Holdem no limit (15/30) - 2024/01/08 19:39:31 UTC
Table: 'Expresso Nitro(741348297)#0' 3-max (real money) Seat #2 is the button
Seat 2: PaDre.PabLo (565)
Seat 3: P1xel7 (335)
*** ANTE/BLINDS ***
PaDre.PabLo posts small blind 15
P1xel7 posts big blind 30
Dealt to P1xel7 [9h Qd]
*** PRE-FLOP *** 
PaDre.PabLo calls 15
P1xel7 checks
*** FLOP *** [9c Ac Ts]
P1xel7 bets 30
PaDre.PabLo folds
P1xel7 collected 90 from pot
*** SUMMARY ***
Total pot 90 | No rake
Board: [9c Ac Ts]
Seat 3: P1xel7 (big blind) won 90


Winamax Poker - Tournament "Expresso Nitro" buyIn: 4.65€ + 0.35€ level: 2 - HandId: #3184066690560294913-7-1704742785 - Holdem no limit (15/30) - 2024/01/08 19:39:45 UTC
Table: 'Expresso Nitro(741348297)#0' 3-max (real money) Seat #3 is the button
Seat 2: PaDre.PabLo (535)
Seat 3: P1xel7 (365)
*** ANTE/BLINDS ***
P1xel7 posts small blind 15
PaDre.PabLo posts big blind 30
Dealt to P1xel7 [Qd 5c]
*** PRE-FLOP *** 
P1xel7 folds
PaDre.PabLo collected 45 from pot
*** SUMMARY ***
Total pot 45 | No rake
Seat 2: PaDre.PabLo (big blind) won 45


Winamax Poker - Tournament "Expresso Nitro" buyIn: 4.65€ + 0.35€ level: 2 - HandId: #3184066690560294913-8-1704742789 - Holdem no limit (15/30) - 2024/01/08 19:39:49 UTC
Table: 'Expresso Nitro(741348297)#0' 3-max (real money) Seat #2 is the button
Seat 2: PaDre.PabLo (550)
Seat 3: P1xel7 (350)
*** ANTE/BLINDS ***
PaDre.PabLo posts small blind 15
P1xel7 posts big blind 30
Dealt to P1xel7 [3s Jh]
*** PRE-FLOP *** 
PaDre.PabLo calls 15
P1xel7 checks
*** FLOP *** [8d Kh As]
P1xel7 checks
PaDre.PabLo bets 30
P1xel7 folds
PaDre.PabLo collected 90 from pot
*** SUMMARY ***
Total pot 90 | No rake
Board: [8d Kh As]
Seat 2: PaDre.PabLo (small blind) (button) won 90


Winamax Poker - Tournament "Expresso Nitro" buyIn: 4.65€ + 0.35€ level: 2 - HandId: #3184066690560294913-9-1704742804 - Holdem no limit (15/30) - 2024/01/08 19:40:04 UTC
Table: 'Expresso Nitro(741348297)#0' 3-max (real money) Seat #3 is the button
Seat 2: PaDre.PabLo (580)
Seat 3: P1xel7 (320)
*** ANTE/BLINDS ***
P1xel7 posts small blind 15
PaDre.PabLo posts big blind 30
Dealt to P1xel7 [5c Ts]
*** PRE-FLOP *** 
P1xel7 folds
PaDre.PabLo collected 45 from pot
*** SUMMARY ***
Total pot 45 | No rake
Seat 2: PaDre.PabLo (big blind) won 45


Winamax Poker - Tournament "Expresso Nitro" buyIn: 4.65€ + 0.35€ level: 2 - HandId: #3184066690560294913-10-1704742808 - Holdem no limit (15/30) - 2024/01/08 19:40:08 UTC
Table: 'Expresso Nitro(741348297)#0' 3-max (real money) Seat #2 is the button
Seat 2: PaDre.PabLo (595)
Seat 3: P1xel7 (305)
*** ANTE/BLINDS ***
PaDre.PabLo posts small blind 15
P1xel7 posts big blind 30
Dealt to P1xel7 [3s 5c]
*** PRE-FLOP *** 
PaDre.PabLo calls 15
P1xel7 checks
*** FLOP *** [Ah 9c Js]
P1xel7 checks
PaDre.PabLo bets 30
P1xel7 folds
PaDre.PabLo collected 90 from pot
*** SUMMARY ***
Total pot 90 | No rake
Board: [Ah 9c Js]
Seat 2: PaDre.PabLo (small blind) (button) won 90


Winamax Poker - Tournament "Expresso Nitro" buyIn: 4.65€ + 0.35€ level: 2 - HandId: #3184066690560294913-11-1704742819 - Holdem no limit (15/30) - 2024/01/08 19:40:19 UTC
Table: 'Expresso Nitro(741348297)#0' 3-max (real money) Seat #3 is the button
Seat 2: PaDre.PabLo (625)
Seat 3: P1xel7 (275)
*** ANTE/BLINDS ***
P1xel7 posts small blind 15
PaDre.PabLo posts big blind 30
Dealt to P1xel7 [8s 6d]
*** PRE-FLOP *** 
P1xel7 folds
PaDre.PabLo collected 45 from pot
*** SUMMARY ***
Total pot 45 | No rake
Seat 2: PaDre.PabLo (big blind) won 45


Winamax Poker - Tournament "Expresso Nitro" buyIn: 4.65€ + 0.35€ level: 3 - HandId: #3184066690560294913-12-1704742824 - Holdem no limit (20/40) - 2024/01/08 19:40:24 UTC
Table: 'Expresso Nitro(741348297)#0' 3-max (real money) Seat #2 is the button
Seat 2: PaDre.PabLo (640)
Seat 3: P1xel7 (260)
*** ANTE/BLINDS ***
PaDre.PabLo posts small blind 20
P1xel7 posts big blind 40
Dealt to P1xel7 [Js 2c]
*** PRE-FLOP *** 
PaDre.PabLo raises 600 to 640 and is all-in
P1xel7 folds
PaDre.PabLo collected 680 from pot
*** SUMMARY ***
Total pot 680 | No rake
Seat 2: PaDre.PabLo (small blind) (button) won 680


Winamax Poker - Tournament "Expresso Nitro" buyIn: 4.65€ + 0.35€ level: 3 - HandId: #3184066690560294913-13-1704742833 - Holdem no limit (20/40) - 2024/01/08 19:40:33 UTC
Table: 'Expresso Nitro(741348297)#0' 3-max (real money) Seat #3 is the button
Seat 2: PaDre.PabLo (680)
Seat 3: P1xel7 (220)
*** ANTE/BLINDS ***
P1xel7 posts small blind 20
PaDre.PabLo posts big blind 40
Dealt to P1xel7 [4d Qh]
*** PRE-FLOP *** 
P1xel7 folds
PaDre.PabLo collected 60 from pot
*** SUMMARY ***
Total pot 60 | No rake
Seat 2: PaDre.PabLo (big blind) won 60


Winamax Poker - Tournament "Expresso Nitro" buyIn: 4.65€ + 0.35€ level: 3 - HandId: #3184066690560294913-14-1704742837 - Holdem no limit (20/40) - 2024/01/08 19:40:37 UTC
Table: 'Expresso Nitro(741348297)#0' 3-max (real money) Seat #2 is the button
Seat 2: PaDre.PabLo (700)
Seat 3: P1xel7 (200)
*** ANTE/BLINDS ***
PaDre.PabLo posts small blind 20
P1xel7 posts big blind 40
Dealt to P1xel7 [Kc 4c]
*** PRE-FLOP *** 
PaDre.PabLo folds
P1xel7 collected 60 from pot
*** SUMMARY ***
Total pot 60 | No rake
Seat 3: P1xel7 (big blind) won 60


Winamax Poker - Tournament "Expresso Nitro" buyIn: 4.65€ + 0.35€ level: 3 - HandId: #3184066690560294913-15-1704742856 - Holdem no limit (20/40) - 2024/01/08 19:40:56 UTC
Table: 'Expresso Nitro(741348297)#0' 3-max (real money) Seat #3 is the button
Seat 2: PaDre.PabLo (680)
Seat 3: P1xel7 (220)
*** ANTE/BLINDS ***
P1xel7 posts small blind 20
PaDre.PabLo posts big blind 40
Dealt to P1xel7 [Jh 6s]
*** PRE-FLOP *** 
P1xel7 folds
PaDre.PabLo collected 60 from pot
*** SUMMARY ***
Total pot 60 | No rake
Seat 2: PaDre.PabLo (big blind) won 60


Winamax Poker - Tournament "Expresso Nitro" buyIn: 4.65€ + 0.35€ level: 3 - HandId: #3184066690560294913-16-1704742861 - Holdem no limit (20/40) - 2024/01/08 19:41:01 UTC
Table: 'Expresso Nitro(741348297)#0' 3-max (real money) Seat #2 is the button
Seat 2: PaDre.PabLo (700)
Seat 3: P1xel7 (200)
*** ANTE/BLINDS ***
PaDre.PabLo posts small blind 20
P1xel7 posts big blind 40
Dealt to P1xel7 [9c 2s]
*** PRE-FLOP *** 
PaDre.PabLo raises 660 to 700 and is all-in
P1xel7 folds
PaDre.PabLo collected 740 from pot
*** SUMMARY ***
Total pot 740 | No rake
Seat 2: PaDre.PabLo (small blind) (button) won 740


Winamax Poker - Tournament "Expresso Nitro" buyIn: 4.65€ + 0.35€ level: 3 - HandId: #3184066690560294913-17-1704742868 - Holdem no limit (20/40) - 2024/01/08 19:41:08 UTC
Table: 'Expresso Nitro(741348297)#0' 3-max (real money) Seat #3 is the button
Seat 2: PaDre.PabLo (740)
Seat 3: P1xel7 (160)
*** ANTE/BLINDS ***
P1xel7 posts small blind 20
PaDre.PabLo posts big blind 40
Dealt to P1xel7 [Kh 4d]
*** PRE-FLOP *** 
P1xel7 raises 120 to 160 and is all-in
PaDre.PabLo calls 120
*** FLOP *** [Th Qc Qh]
*** TURN *** [Th Qc Qh][Tc]
*** RIVER *** [Th Qc Qh Tc][Kc]
*** SHOW DOWN ***
PaDre.PabLo shows [As 3s] (Two pairs : Queens and Tens)
P1xel7 shows [Kh 4d] (Two pairs : Kings and Queens)
P1xel7 collected 320 from pot
*** SUMMARY ***
Total pot 320 | No rake
Board: [Th Qc Qh Tc Kc]
Seat 2: PaDre.PabLo (big blind) showed [As 3s] and lost with Two pairs : Queens and Tens
Seat 3: P1xel7 (small blind) (button) showed [Kh 4d] and won 320 with Two pairs : Kings and Queens


Winamax Poker - Tournament "Expresso Nitro" buyIn: 4.65€ + 0.35€ level: 3 - HandId: #3184066690560294913-18-1704742880 - Holdem no limit (20/40) - 2024/01/08 19:41:20 UTC
Table: 'Expresso Nitro(741348297)#0' 3-max (real money) Seat #2 is the button
Seat 2: PaDre.PabLo (580)
Seat 3: P1xel7 (320)
*** ANTE/BLINDS ***
PaDre.PabLo posts small blind 20
P1xel7 posts big blind 40
Dealt to P1xel7 [Qc 5d]
*** PRE-FLOP *** 
PaDre.PabLo raises 540 to 580 and is all-in
P1xel7 folds
PaDre.PabLo collected 620 from pot
*** SUMMARY ***
Total pot 620 | No rake
Seat 2: PaDre.PabLo (small blind) (button) won 620


Winamax Poker - Tournament "Expresso Nitro" buyIn: 4.65€ + 0.35€ level: 4 - HandId: #3184066690560294913-19-1704742889 - Holdem no limit (30/60) - 2024/01/08 19:41:29 UTC
Table: 'Expresso Nitro(741348297)#0' 3-max (real money) Seat #3 is the button
Seat 2: PaDre.PabLo (620)
Seat 3: P1xel7 (280)
*** ANTE/BLINDS ***
P1xel7 posts small blind 30
PaDre.PabLo posts big blind 60
Dealt to P1xel7 [9c 7s]
*** PRE-FLOP *** 
P1xel7 folds
PaDre.PabLo collected 90 from pot
*** SUMMARY ***
Total pot 90 | No rake
Seat 2: PaDre.PabLo (big blind) won 90


Winamax Poker - Tournament "Expresso Nitro" buyIn: 4.65€ + 0.35€ level: 4 - HandId: #3184066690560294913-20-1704742895 - Holdem no limit (30/60) - 2024/01/08 19:41:35 UTC
Table: 'Expresso Nitro(741348297)#0' 3-max (real money) Seat #2 is the button
Seat 2: PaDre.PabLo (650)
Seat 3: P1xel7 (250)
*** ANTE/BLINDS ***
PaDre.PabLo posts small blind 30
P1xel7 posts big blind 60
Dealt to P1xel7 [2s 2h]
*** PRE-FLOP *** 
PaDre.PabLo raises 590 to 650 and is all-in
P1xel7 calls 190 and is all-in
*** FLOP *** [3h As 3d]
*** TURN *** [3h As 3d][6d]
*** RIVER *** [3h As 3d 6d][7h]
*** SHOW DOWN ***
PaDre.PabLo shows [9s Js] (One pair : 3)
P1xel7 shows [2s 2h] (Two pairs : 3 and 2)
P1xel7 collected 500 from main pot
PaDre.PabLo collected 400 from side pot 1
*** SUMMARY ***
Total pot 900 | No rake
Board: [3h As 3d 6d 7h]
Seat 2: PaDre.PabLo (small blind) (button) showed [9s Js] and won 400 with One pair : 3
Seat 3: P1xel7 (big blind) showed [2s 2h] and won 500 with Two pairs : 3 and 2


Winamax Poker - Tournament "Expresso Nitro" buyIn: 4.65€ + 0.35€ level: 4 - HandId: #3184066690560294913-21-1704742912 - Holdem no limit (30/60) - 2024/01/08 19:41:52 UTC
Table: 'Expresso Nitro(741348297)#0' 3-max (real money) Seat #3 is the button
Seat 2: PaDre.PabLo (400)
Seat 3: P1xel7 (500)
*** ANTE/BLINDS ***
P1xel7 posts small blind 30
PaDre.PabLo posts big blind 60
Dealt to P1xel7 [Td 2h]
*** PRE-FLOP *** 
P1xel7 raises 440 to 500 and is all-in
PaDre.PabLo folds
P1xel7 collected 560 from pot
*** SUMMARY ***
Total pot 560 | No rake
Seat 3: P1xel7 (small blind) (button) won 560


Winamax Poker - Tournament "Expresso Nitro" buyIn: 4.65€ + 0.35€ level: 4 - HandId: #3184066690560294913-22-1704742922 - Holdem no limit (30/60) - 2024/01/08 19:42:02 UTC
Table: 'Expresso Nitro(741348297)#0' 3-max (real money) Seat #2 is the button
Seat 2: PaDre.PabLo (340)
Seat 3: P1xel7 (560)
*** ANTE/BLINDS ***
PaDre.PabLo posts small blind 30
P1xel7 posts big blind 60
Dealt to P1xel7 [Kh 8d]
*** PRE-FLOP *** 
PaDre.PabLo folds
P1xel7 collected 90 from pot
*** SUMMARY ***
Total pot 90 | No rake
Seat 3: P1xel7 (big blind) won 90


Winamax Poker - Tournament "Expresso Nitro" buyIn: 4.65€ + 0.35€ level: 4 - HandId: #3184066690560294913-23-1704742927 - Holdem no limit (30/60) - 2024/01/08 19:42:07 UTC
Table: 'Expresso Nitro(741348297)#0' 3-max (real money) Seat #3 is the button
Seat 2: PaDre.PabLo (310)
Seat 3: P1xel7 (590)
*** ANTE/BLINDS ***
P1xel7 posts small blind 30
PaDre.PabLo posts big blind 60
Dealt to P1xel7 [Qh 9d]
*** PRE-FLOP *** 
P1xel7 raises 530 to 590 and is all-in
PaDre.PabLo calls 250 and is all-in
*** FLOP *** [4c 8h 8d]
*** TURN *** [4c 8h 8d][2s]
*** RIVER *** [4c 8h 8d 2s][6c]
*** SHOW DOWN ***
PaDre.PabLo shows [Js Ts] (One pair : 8)
P1xel7 shows [Qh 9d] (One pair : 8)
P1xel7 collected 900 from pot
*** SUMMARY ***
Total pot 900 | No rake
Board: [4c 8h 8d 2s 6c]
Seat 2: PaDre.PabLo (big blind) showed [Js Ts] and lost with One pair : 8
Seat 3: P1xel7 (small blind) (button) showed [Qh 9d] and won 900 with One pair : 8


