Winamax Poker - Tournament "Starting Block WiPT - Déglingos" buyIn: 0€ + 0€ level: 1 - HandId: #3221956617167699969-1-1706729494 - Holdem no limit (10/20) - 2024/01/31 19:31:34 UTC
Table: 'Starting Block WiPT - Déglingos(750170233)#0' 6-max (real money) Seat #2 is the button
Seat 1: terrafia (500)
Seat 2: 69cara (500)
Seat 3: BORD13 (500)
Seat 4: nainnain59 (500)
Seat 5: Force-926238 (500)
Seat 6: P1xel7 (500)
*** ANTE/BLINDS ***
BORD13 posts small blind 10
nainnain59 posts big blind 20
Dealt to P1xel7 [4d Kh]
*** PRE-FLOP *** 
Force-926238 raises 480 to 500 and is all-in
P1xel7 folds
terrafia calls 500 and is all-in
69cara folds
BORD13 folds
nainnain59 folds
*** FLOP *** [9h 7h 6s]
*** TURN *** [9h 7h 6s][4h]
*** RIVER *** [9h 7h 6s 4h][2d]
*** SHOW DOWN ***
terrafia shows [Ad Ts] (High card : Ace)
Force-926238 shows [Js Jd] (One pair : Jacks)
Force-926238 collected 1030 from pot
*** SUMMARY ***
Total pot 1030 | No rake
Board: [9h 7h 6s 4h 2d]
Seat 1: terrafia showed [Ad Ts] and lost with High card : Ace
Seat 5: Force-926238 showed [Js Jd] and won 1030 with One pair : Jacks


Winamax Poker - Tournament "Starting Block WiPT - Déglingos" buyIn: 0€ + 0€ level: 1 - HandId: #3221956617167699969-2-1706729523 - Holdem no limit (10/20) - 2024/01/31 19:32:03 UTC
Table: 'Starting Block WiPT - Déglingos(750170233)#0' 6-max (real money) Seat #3 is the button
Seat 2: 69cara (500)
Seat 3: BORD13 (490)
Seat 4: nainnain59 (480)
Seat 5: Force-926238 (1030)
Seat 6: P1xel7 (500)
*** ANTE/BLINDS ***
nainnain59 posts small blind 10
Force-926238 posts big blind 20
Dealt to P1xel7 [4s 4h]
*** PRE-FLOP *** 
P1xel7 raises 480 to 500 and is all-in
69cara folds
BORD13 folds
nainnain59 folds
Force-926238 raises 530 to 1030 and is all-in
*** FLOP *** [Qs 5c Ac]
*** TURN *** [Qs 5c Ac][7s]
*** RIVER *** [Qs 5c Ac 7s][8s]
*** SHOW DOWN ***
P1xel7 shows [4s 4h] (One pair : 4)
Force-926238 shows [8h 2c] (One pair : 8)
Force-926238 collected 1540 from pot
*** SUMMARY ***
Total pot 1540 | No rake
Board: [Qs 5c Ac 7s 8s]
Seat 5: Force-926238 (big blind) showed [8h 2c] and won 1540 with One pair : 8
Seat 6: P1xel7 showed [4s 4h] and lost with One pair : 4


