Winamax Poker - Tournament "Starting Block WiPT - Déglingos" buyIn: 0€ + 0€ level: 1 - HandId: #3187628751752003585-1-1704914111 - Holdem no limit (10/20) - 2024/01/10 19:15:11 UTC
Table: 'Starting Block WiPT - Déglingos(742177654)#0' 6-max (real money) Seat #1 is the button
Seat 1: Gorrilaglue (500)
Seat 2: P1xel7 (500)
Seat 3: Nanou21800 (500)
Seat 4: micka16 07 (500)
Seat 5: Tangeroui78 (500)
Seat 6: Stefpxtn91 (500)
*** ANTE/BLINDS ***
P1xel7 posts small blind 10
Nanou21800 posts big blind 20
Dealt to P1xel7 [3s 2h]
*** PRE-FLOP *** 
micka16 07 raises 480 to 500 and is all-in
Tangeroui78 folds
Stefpxtn91 folds
Gorrilaglue folds
P1xel7 folds
Nanou21800 folds
micka16 07 collected 530 from pot
*** SUMMARY ***
Total pot 530 | No rake
Seat 4: micka16 07 won 530


Winamax Poker - Tournament "Starting Block WiPT - Déglingos" buyIn: 0€ + 0€ level: 1 - HandId: #3187628751752003585-2-1704914137 - Holdem no limit (10/20) - 2024/01/10 19:15:37 UTC
Table: 'Starting Block WiPT - Déglingos(742177654)#0' 6-max (real money) Seat #2 is the button
Seat 1: Gorrilaglue (500)
Seat 2: P1xel7 (490)
Seat 3: Nanou21800 (480)
Seat 4: micka16 07 (530)
Seat 5: Tangeroui78 (500)
Seat 6: Stefpxtn91 (500)
*** ANTE/BLINDS ***
Nanou21800 posts small blind 10
micka16 07 posts big blind 20
Dealt to P1xel7 [Kh Th]
*** PRE-FLOP *** 
Tangeroui78 calls 20
Stefpxtn91 raises 20 to 40
Gorrilaglue calls 40
P1xel7 calls 40
Nanou21800 folds
micka16 07 raises 490 to 530 and is all-in
Tangeroui78 folds
Stefpxtn91 calls 460 and is all-in
Gorrilaglue calls 460 and is all-in
P1xel7 folds
*** FLOP *** [8d 3s 9c]
*** TURN *** [8d 3s 9c][Td]
*** RIVER *** [8d 3s 9c Td][7c]
*** SHOW DOWN ***
Gorrilaglue shows [Ah 9h] (One pair : 9)
Stefpxtn91 shows [Kd 8h] (One pair : 8)
micka16 07 shows [6s 6d] (Straight Ten high)
micka16 07 collected 1600 from pot
*** SUMMARY ***
Total pot 1600 | No rake
Board: [8d 3s 9c Td 7c]
Seat 1: Gorrilaglue showed [Ah 9h] and lost with One pair : 9
Seat 4: micka16 07 (big blind) showed [6s 6d] and won 1600 with Straight Ten high
Seat 6: Stefpxtn91 showed [Kd 8h] and lost with One pair : 8


Winamax Poker - Tournament "Starting Block WiPT - Déglingos" buyIn: 0€ + 0€ level: 1 - HandId: #3187628751752003585-3-1704914176 - Holdem no limit (10/20) - 2024/01/10 19:16:16 UTC
Table: 'Starting Block WiPT - Déglingos(742177654)#0' 6-max (real money) Seat #3 is the button
Seat 2: P1xel7 (450)
Seat 3: Nanou21800 (470)
Seat 4: micka16 07 (1600)
Seat 5: Tangeroui78 (480)
*** ANTE/BLINDS ***
micka16 07 posts small blind 10
Tangeroui78 posts big blind 20
Dealt to P1xel7 [Ks 5h]
*** PRE-FLOP *** 
P1xel7 folds
Nanou21800 folds
micka16 07 raises 1580 to 1600 and is all-in
Tangeroui78 calls 460 and is all-in
*** FLOP *** [6c 7s Ad]
*** TURN *** [6c 7s Ad][5d]
*** RIVER *** [6c 7s Ad 5d][9s]
*** SHOW DOWN ***
Tangeroui78 shows [Ac 3d] (One pair : Aces)
micka16 07 shows [8d Qh] (Straight 9 high)
micka16 07 collected 2080 from pot
*** SUMMARY ***
Total pot 2080 | No rake
Board: [6c 7s Ad 5d 9s]
Seat 4: micka16 07 (small blind) showed [8d Qh] and won 2080 with Straight 9 high
Seat 5: Tangeroui78 (big blind) showed [Ac 3d] and lost with One pair : Aces


Winamax Poker - Tournament "Starting Block WiPT - Déglingos" buyIn: 0€ + 0€ level: 1 - HandId: #3187628751752003585-4-1704914190 - Holdem no limit (10/20) - 2024/01/10 19:16:30 UTC
Table: 'Starting Block WiPT - Déglingos(742177654)#0' 6-max (real money) Seat #4 is the button
Seat 2: P1xel7 (450)
Seat 3: Nanou21800 (470)
Seat 4: micka16 07 (2080)
*** ANTE/BLINDS ***
P1xel7 posts big blind 20
Dealt to P1xel7 [Tc Qh]
*** PRE-FLOP *** 
Nanou21800 folds
micka16 07 raises 2060 to 2080 and is all-in
P1xel7 folds
micka16 07 collected 2100 from pot
*** SUMMARY ***
Total pot 2100 | No rake
Seat 4: micka16 07 (button) won 2100


Winamax Poker - Tournament "Starting Block WiPT - Déglingos" buyIn: 0€ + 0€ level: 2 - HandId: #3187628751752003585-5-1704914205 - Holdem no limit (15/30) - 2024/01/10 19:16:45 UTC
Table: 'Starting Block WiPT - Déglingos(742177654)#0' 6-max (real money) Seat #5 is the button
Seat 2: P1xel7 (430)
Seat 3: Nanou21800 (470)
Seat 4: micka16 07 (2100)
*** ANTE/BLINDS ***
P1xel7 posts small blind 15
Nanou21800 posts big blind 30
Dealt to P1xel7 [Qc Ad]
*** PRE-FLOP *** 
micka16 07 raises 2070 to 2100 and is all-in
P1xel7 calls 415 and is all-in
Nanou21800 folds
*** FLOP *** [6c Kc 9c]
*** TURN *** [6c Kc 9c][Kh]
*** RIVER *** [6c Kc 9c Kh][7d]
*** SHOW DOWN ***
P1xel7 shows [Qc Ad] (One pair : Kings)
micka16 07 shows [7h 9d] (Two pairs : Kings and 9)
micka16 07 collected 2560 from pot
*** SUMMARY ***
Total pot 2560 | No rake
Board: [6c Kc 9c Kh 7d]
Seat 2: P1xel7 (small blind) showed [Qc Ad] and lost with One pair : Kings
Seat 4: micka16 07 showed [7h 9d] and won 2560 with Two pairs : Kings and 9


