Winamax Poker - Tournament "MYSTERY KO" buyIn: 1.80€ + 0.20€ level: 1 - HandId: #3125476103917928524-35-1704308461 - Holdem no limit (25/100/200) - 2024/01/03 19:01:01 UTC
Table: 'MYSTERY KO(727706613)#0075' 6-max (real money) Seat #2 is the button
Seat 1: P1xel7 (20000)
Seat 2: pApA_poule (73752)
Seat 3: AfgaBoBpoKer (20000)
Seat 4: Cesarom51 (21696)
Seat 5: guachiman (20225)
Seat 6: Rsosa10 (21002)
*** ANTE/BLINDS ***
Cesarom51 posts ante 25
P1xel7 posts ante 25
pApA_poule posts ante 25
guachiman posts ante 25
Rsosa10 posts ante 25
Cesarom51 posts big blind 200
Dealt to P1xel7 [8d 4s]
*** PRE-FLOP *** 
guachiman folds
Rsosa10 raises 200 to 400
P1xel7 folds
pApA_poule folds
Cesarom51 folds
Rsosa10 collected 725 from pot
*** SUMMARY ***
Total pot 725 | No rake
Seat 6: Rsosa10 won 725


Winamax Poker - Tournament "MYSTERY KO" buyIn: 1.80€ + 0.20€ level: 1 - HandId: #3125476103917928524-36-1704308509 - Holdem no limit (25/100/200) - 2024/01/03 19:01:49 UTC
Table: 'MYSTERY KO(727706613)#0075' 6-max (real money) Seat #3 is the button
Seat 1: P1xel7 (19975)
Seat 2: pApA_poule (73727)
Seat 3: AfgaBoBpoKer (20000)
Seat 4: Cesarom51 (21471)
Seat 5: guachiman (20200)
Seat 6: Rsosa10 (21302)
*** ANTE/BLINDS ***
Cesarom51 posts ante 25
guachiman posts ante 25
P1xel7 posts ante 25
pApA_poule posts ante 25
Rsosa10 posts ante 25
Cesarom51 posts small blind 100
guachiman posts big blind 200
Dealt to P1xel7 [9s Ad]
*** PRE-FLOP *** 
Rsosa10 folds
P1xel7 folds
pApA_poule raises 200 to 400
Cesarom51 folds
guachiman calls 200
*** FLOP *** [7s Kd 4c]
guachiman checks
pApA_poule bets 513
guachiman calls 513
*** TURN *** [7s Kd 4c][9h]
guachiman checks
pApA_poule checks
*** RIVER *** [7s Kd 4c 9h][Tc]
guachiman bets 1641
pApA_poule folds
guachiman collected 3692 from pot
*** SUMMARY ***
Total pot 3692 | No rake
Board: [7s Kd 4c 9h Tc]
Seat 5: guachiman (big blind) won 3692


Winamax Poker - Tournament "MYSTERY KO" buyIn: 1.80€ + 0.20€ level: 1 - HandId: #3125476103917928524-37-1704308575 - Holdem no limit (25/100/200) - 2024/01/03 19:02:55 UTC
Table: 'MYSTERY KO(727706613)#0075' 6-max (real money) Seat #4 is the button
Seat 1: P1xel7 (19950)
Seat 2: pApA_poule (72789)
Seat 3: AfgaBoBpoKer (20000)
Seat 4: Cesarom51 (21346)
Seat 5: guachiman (21313)
Seat 6: Rsosa10 (21277)
*** ANTE/BLINDS ***
guachiman posts ante 25
Rsosa10 posts ante 25
P1xel7 posts ante 25
pApA_poule posts ante 25
AfgaBoBpoKer posts ante 25
Cesarom51 posts ante 25
guachiman posts small blind 100
Rsosa10 posts big blind 200
Dealt to P1xel7 [Kc Ts]
*** PRE-FLOP *** 
P1xel7 folds
pApA_poule raises 200 to 400
AfgaBoBpoKer folds
Cesarom51 folds
guachiman folds
Rsosa10 raises 900 to 1300
pApA_poule calls 900
*** FLOP *** [Js 9c Tc]
Rsosa10 bets 1425
pApA_poule folds
Rsosa10 collected 4275 from pot
*** SUMMARY ***
Total pot 4275 | No rake
Board: [Js 9c Tc]
Seat 6: Rsosa10 (big blind) won 4275


Winamax Poker - Tournament "MYSTERY KO" buyIn: 1.80€ + 0.20€ level: 1 - HandId: #3125476103917928524-38-1704308615 - Holdem no limit (25/100/200) - 2024/01/03 19:03:35 UTC
Table: 'MYSTERY KO(727706613)#0075' 6-max (real money) Seat #5 is the button
Seat 1: P1xel7 (19925)
Seat 2: pApA_poule (71464)
Seat 3: AfgaBoBpoKer (19975)
Seat 4: Cesarom51 (21321)
Seat 5: guachiman (21188)
Seat 6: Rsosa10 (22802)
*** ANTE/BLINDS ***
Rsosa10 posts ante 25
P1xel7 posts ante 25
pApA_poule posts ante 25
AfgaBoBpoKer posts ante 25
Cesarom51 posts ante 25
guachiman posts ante 25
Rsosa10 posts small blind 100
P1xel7 posts big blind 200
Dealt to P1xel7 [9d Jd]
*** PRE-FLOP *** 
pApA_poule folds
AfgaBoBpoKer folds
Cesarom51 raises 300 to 500
guachiman folds
Rsosa10 calls 400
P1xel7 calls 300
*** FLOP *** [4h Ac 7h]
Rsosa10 checks
P1xel7 checks
Cesarom51 checks
*** TURN *** [4h Ac 7h][6c]
Rsosa10 bets 1073
P1xel7 folds
Cesarom51 calls 1073
*** RIVER *** [4h Ac 7h 6c][4c]
Rsosa10 bets 3037
Cesarom51 folds
Rsosa10 collected 6833 from pot
*** SUMMARY ***
Total pot 6833 | No rake
Board: [4h Ac 7h 6c 4c]
Seat 6: Rsosa10 (small blind) won 6833


Winamax Poker - Tournament "MYSTERY KO" buyIn: 1.80€ + 0.20€ level: 1 - HandId: #3125476103917928524-39-1704308689 - Holdem no limit (25/100/200) - 2024/01/03 19:04:49 UTC
Table: 'MYSTERY KO(727706613)#0075' 6-max (real money) Seat #6 is the button
Seat 1: P1xel7 (19400)
Seat 2: pApA_poule (71439)
Seat 3: AfgaBoBpoKer (19950)
Seat 4: Cesarom51 (19723)
Seat 5: guachiman (21163)
Seat 6: Rsosa10 (25000)
*** ANTE/BLINDS ***
P1xel7 posts ante 25
pApA_poule posts ante 25
AfgaBoBpoKer posts ante 25
Cesarom51 posts ante 25
guachiman posts ante 25
Rsosa10 posts ante 25
P1xel7 posts small blind 100
pApA_poule posts big blind 200
Dealt to P1xel7 [4h Qs]
*** PRE-FLOP *** 
AfgaBoBpoKer folds
Cesarom51 folds
guachiman folds
Rsosa10 folds
P1xel7 folds
pApA_poule collected 450 from pot
*** SUMMARY ***
Total pot 450 | No rake
Seat 2: pApA_poule (big blind) won 450


Winamax Poker - Tournament "MYSTERY KO" buyIn: 1.80€ + 0.20€ level: 1 - HandId: #3125476103917928524-40-1704308705 - Holdem no limit (25/100/200) - 2024/01/03 19:05:05 UTC
Table: 'MYSTERY KO(727706613)#0075' 6-max (real money) Seat #1 is the button
Seat 1: P1xel7 (19275)
Seat 2: pApA_poule (71664)
Seat 3: AfgaBoBpoKer (19925)
Seat 4: Cesarom51 (19698)
Seat 5: guachiman (21138)
Seat 6: Rsosa10 (24975)
*** ANTE/BLINDS ***
pApA_poule posts ante 25
AfgaBoBpoKer posts ante 25
P1xel7 posts ante 25
Cesarom51 posts ante 25
guachiman posts ante 25
Rsosa10 posts ante 25
pApA_poule posts small blind 100
AfgaBoBpoKer posts big blind 200
Dealt to P1xel7 [Ah 9s]
*** PRE-FLOP *** 
Cesarom51 raises 200 to 400
guachiman folds
Rsosa10 folds
P1xel7 folds
pApA_poule folds
AfgaBoBpoKer raises 1400 to 1800
Cesarom51 folds
AfgaBoBpoKer collected 2450 from pot
*** SUMMARY ***
Total pot 2450 | No rake
Seat 3: AfgaBoBpoKer (big blind) won 2450


Winamax Poker - Tournament "MYSTERY KO" buyIn: 1.80€ + 0.20€ level: 1 - HandId: #3125476103917928524-41-1704308748 - Holdem no limit (25/100/200) - 2024/01/03 19:05:48 UTC
Table: 'MYSTERY KO(727706613)#0075' 6-max (real money) Seat #2 is the button
Seat 1: P1xel7 (19250)
Seat 2: pApA_poule (71539)
Seat 3: AfgaBoBpoKer (20550)
Seat 4: Cesarom51 (19273)
Seat 5: guachiman (21113)
Seat 6: Rsosa10 (24950)
*** ANTE/BLINDS ***
AfgaBoBpoKer posts ante 25
Cesarom51 posts ante 25
P1xel7 posts ante 25
pApA_poule posts ante 25
guachiman posts ante 25
Rsosa10 posts ante 25
AfgaBoBpoKer posts small blind 100
Cesarom51 posts big blind 200
Dealt to P1xel7 [2d 4s]
*** PRE-FLOP *** 
guachiman raises 250 to 450
Rsosa10 folds
P1xel7 folds
pApA_poule raises 900 to 1350
AfgaBoBpoKer folds
Cesarom51 folds
guachiman calls 900
*** FLOP *** [Jh Jc 6s]
guachiman bets 1575
pApA_poule calls 1575
*** TURN *** [Jh Jc 6s][8d]
guachiman checks
pApA_poule bets 2205
guachiman calls 2205
*** RIVER *** [Jh Jc 6s 8d][6c]
guachiman checks
pApA_poule checks
*** SHOW DOWN ***
pApA_poule shows [Kh Ad] (Two pairs : Jacks and 6)
guachiman shows [Ah 6h] (Full of 6 and Jacks)
guachiman collected 10710 from pot
*** SUMMARY ***
Total pot 10710 | No rake
Board: [Jh Jc 6s 8d 6c]
Seat 2: pApA_poule (button) showed [Kh Ad] and lost with Two pairs : Jacks and 6
Seat 5: guachiman showed [Ah 6h] and won 10710 with Full of 6 and Jacks


Winamax Poker - Tournament "MYSTERY KO" buyIn: 1.80€ + 0.20€ level: 1 - HandId: #3125476103917928524-42-1704308811 - Holdem no limit (25/100/200) - 2024/01/03 19:06:51 UTC
Table: 'MYSTERY KO(727706613)#0075' 6-max (real money) Seat #3 is the button
Seat 1: P1xel7 (19225)
Seat 2: pApA_poule (66384)
Seat 3: AfgaBoBpoKer (20425)
Seat 4: Cesarom51 (19048)
Seat 5: guachiman (26668)
Seat 6: Rsosa10 (24925)
*** ANTE/BLINDS ***
Cesarom51 posts ante 25
guachiman posts ante 25
P1xel7 posts ante 25
pApA_poule posts ante 25
AfgaBoBpoKer posts ante 25
Rsosa10 posts ante 25
Cesarom51 posts small blind 100
guachiman posts big blind 200
Dealt to P1xel7 [Kh Jd]
*** PRE-FLOP *** 
Rsosa10 folds
P1xel7 raises 400 to 600
pApA_poule calls 600
AfgaBoBpoKer raises 3000 to 3600
Cesarom51 folds
guachiman folds
P1xel7 folds
pApA_poule folds
AfgaBoBpoKer collected 5250 from pot
*** SUMMARY ***
Total pot 5250 | No rake
Seat 3: AfgaBoBpoKer (button) won 5250


Winamax Poker - Tournament "MYSTERY KO" buyIn: 1.80€ + 0.20€ level: 1 - HandId: #3125476103917928524-43-1704308856 - Holdem no limit (25/100/200) - 2024/01/03 19:07:36 UTC
Table: 'MYSTERY KO(727706613)#0075' 6-max (real money) Seat #4 is the button
Seat 1: P1xel7 (18600)
Seat 2: pApA_poule (65759)
Seat 3: AfgaBoBpoKer (22050)
Seat 4: Cesarom51 (18923)
Seat 5: guachiman (26443)
Seat 6: Rsosa10 (24900)
*** ANTE/BLINDS ***
guachiman posts ante 25
Rsosa10 posts ante 25
P1xel7 posts ante 25
pApA_poule posts ante 25
AfgaBoBpoKer posts ante 25
Cesarom51 posts ante 25
guachiman posts small blind 100
Rsosa10 posts big blind 200
Dealt to P1xel7 [Jc 9d]
*** PRE-FLOP *** 
P1xel7 folds
pApA_poule folds
AfgaBoBpoKer raises 300 to 500
Cesarom51 calls 500
guachiman folds
Rsosa10 calls 300
*** FLOP *** [2h Jd 6h]
Rsosa10 checks
AfgaBoBpoKer bets 1138
Cesarom51 calls 1138
Rsosa10 folds
*** TURN *** [2h Jd 6h][Kc]
AfgaBoBpoKer bets 1409
Cesarom51 calls 1409
*** RIVER *** [2h Jd 6h Kc][5d]
AfgaBoBpoKer checks
Cesarom51 checks
*** SHOW DOWN ***
AfgaBoBpoKer shows [Js Qs] (One pair : Jacks)
Cesarom51 shows [Kh Qd] (One pair : Kings)
Cesarom51 collected 6844 from pot
*** SUMMARY ***
Total pot 6844 | No rake
Board: [2h Jd 6h Kc 5d]
Seat 3: AfgaBoBpoKer showed [Js Qs] and lost with One pair : Jacks
Seat 4: Cesarom51 (button) showed [Kh Qd] and won 6844 with One pair : Kings


Winamax Poker - Tournament "MYSTERY KO" buyIn: 1.80€ + 0.20€ level: 1 - HandId: #3125476103917928524-44-1704308950 - Holdem no limit (25/100/200) - 2024/01/03 19:09:10 UTC
Table: 'MYSTERY KO(727706613)#0075' 6-max (real money) Seat #5 is the button
Seat 1: P1xel7 (18575)
Seat 2: pApA_poule (65734)
Seat 3: AfgaBoBpoKer (18978)
Seat 4: Cesarom51 (22695)
Seat 5: guachiman (26318)
Seat 6: Rsosa10 (24375)
*** ANTE/BLINDS ***
Rsosa10 posts ante 25
P1xel7 posts ante 25
pApA_poule posts ante 25
AfgaBoBpoKer posts ante 25
Cesarom51 posts ante 25
guachiman posts ante 25
Rsosa10 posts small blind 100
P1xel7 posts big blind 200
Dealt to P1xel7 [Qc 7d]
*** PRE-FLOP *** 
pApA_poule folds
AfgaBoBpoKer folds
Cesarom51 folds
guachiman raises 400 to 600
Rsosa10 folds
P1xel7 folds
guachiman collected 1050 from pot
*** SUMMARY ***
Total pot 1050 | No rake
Seat 5: guachiman (button) won 1050


Winamax Poker - Tournament "MYSTERY KO" buyIn: 1.80€ + 0.20€ level: 1 - HandId: #3125476103917928524-45-1704308971 - Holdem no limit (25/100/200) - 2024/01/03 19:09:31 UTC
Table: 'MYSTERY KO(727706613)#0075' 6-max (real money) Seat #6 is the button
Seat 1: P1xel7 (18350)
Seat 2: pApA_poule (65709)
Seat 3: AfgaBoBpoKer (18953)
Seat 4: Cesarom51 (22670)
Seat 5: guachiman (26743)
Seat 6: Rsosa10 (24250)
*** ANTE/BLINDS ***
P1xel7 posts ante 25
pApA_poule posts ante 25
AfgaBoBpoKer posts ante 25
Cesarom51 posts ante 25
guachiman posts ante 25
Rsosa10 posts ante 25
P1xel7 posts small blind 100
pApA_poule posts big blind 200
Dealt to P1xel7 [6c Ts]
*** PRE-FLOP *** 
AfgaBoBpoKer folds
Cesarom51 folds
guachiman folds
Rsosa10 folds
P1xel7 folds
pApA_poule collected 450 from pot
*** SUMMARY ***
Total pot 450 | No rake
Seat 2: pApA_poule (big blind) won 450


Winamax Poker - Tournament "MYSTERY KO" buyIn: 1.80€ + 0.20€ level: 1 - HandId: #3125476103917928524-46-1704308985 - Holdem no limit (25/100/200) - 2024/01/03 19:09:45 UTC
Table: 'MYSTERY KO(727706613)#0075' 6-max (real money) Seat #1 is the button
Seat 1: P1xel7 (18225)
Seat 2: pApA_poule (65934)
Seat 3: AfgaBoBpoKer (18928)
Seat 4: Cesarom51 (22645)
Seat 5: guachiman (26718)
Seat 6: Rsosa10 (24225)
*** ANTE/BLINDS ***
pApA_poule posts ante 25
AfgaBoBpoKer posts ante 25
P1xel7 posts ante 25
Cesarom51 posts ante 25
guachiman posts ante 25
Rsosa10 posts ante 25
pApA_poule posts small blind 100
AfgaBoBpoKer posts big blind 200
Dealt to P1xel7 [9h 2s]
*** PRE-FLOP *** 
Cesarom51 raises 300 to 500
guachiman calls 500
Rsosa10 raises 1260 to 1760
P1xel7 folds
pApA_poule folds
AfgaBoBpoKer raises 17143 to 18903 and is all-in
Cesarom51 raises 3717 to 22620 and is all-in
guachiman folds
Rsosa10 raises 1580 to 24200 and is all-in
*** FLOP *** [Qs Qc As]
*** TURN *** [Qs Qc As][7h]
*** RIVER *** [Qs Qc As 7h][2c]
*** SHOW DOWN ***
AfgaBoBpoKer shows [Tc Ts] (Two pairs : Queens and Tens)
Cesarom51 shows [Ac Kc] (Two pairs : Aces and Queens)
Rsosa10 shows [8h 8d] (Two pairs : Queens and 8)
Rsosa10 collected 1580 from side pot 1
Cesarom51 collected 64893 from main pot
*** SUMMARY ***
Total pot 66473 | No rake
Board: [Qs Qc As 7h 2c]
Seat 3: AfgaBoBpoKer (big blind) showed [Tc Ts] and lost with Two pairs : Queens and Tens
Seat 4: Cesarom51 showed [Ac Kc] and won 64893 with Two pairs : Aces and Queens
Seat 6: Rsosa10 showed [8h 8d] and won 1580 with Two pairs : Queens and 8


Winamax Poker - Tournament "MYSTERY KO" buyIn: 1.80€ + 0.20€ level: 1 - HandId: #3125476103917928524-47-1704309037 - Holdem no limit (25/100/200) - 2024/01/03 19:10:37 UTC
Table: 'MYSTERY KO(727706613)#0075' 6-max (real money) Seat #2 is the button
Seat 1: P1xel7 (18200)
Seat 2: pApA_poule (65809)
Seat 4: Cesarom51 (64893)
Seat 5: guachiman (26193)
Seat 6: Rsosa10 (1580)
*** ANTE/BLINDS ***
Cesarom51 posts ante 25
P1xel7 posts ante 25
pApA_poule posts ante 25
guachiman posts ante 25
Rsosa10 posts ante 25
Cesarom51 posts big blind 200
Dealt to P1xel7 [2h Ks]
*** PRE-FLOP *** 
guachiman raises 250 to 450
Rsosa10 raises 1105 to 1555 and is all-in
P1xel7 folds
pApA_poule raises 2721 to 4276
Cesarom51 folds
guachiman folds
*** FLOP *** [2c Ad Js]
*** TURN *** [2c Ad Js][Jd]
*** RIVER *** [2c Ad Js Jd][3c]
*** SHOW DOWN ***
Rsosa10 shows [8c 6h] (One pair : Jacks)
pApA_poule shows [Ac As] (Full of Aces and Jacks)
pApA_poule collected 6606 from pot
*** SUMMARY ***
Total pot 6606 | No rake
Board: [2c Ad Js Jd 3c]
Seat 2: pApA_poule (button) showed [Ac As] and won 6606 with Full of Aces and Jacks
Seat 6: Rsosa10 showed [8c 6h] and lost with One pair : Jacks


Winamax Poker - Tournament "MYSTERY KO" buyIn: 1.80€ + 0.20€ level: 2 - HandId: #3125476103917928524-48-1704309062 - Holdem no limit (30/125/250) - 2024/01/03 19:11:02 UTC
Table: 'MYSTERY KO(727706613)#0075' 6-max (real money) Seat #3 is the button
Seat 1: P1xel7 (18175)
Seat 2: pApA_poule (68114)
Seat 3: Pikulandia (20000)
Seat 4: Cesarom51 (64668)
Seat 5: guachiman (25718)
*** ANTE/BLINDS ***
Cesarom51 posts ante 30
guachiman posts ante 30
P1xel7 posts ante 30
pApA_poule posts ante 30
Cesarom51 posts small blind 125
guachiman posts big blind 250
Dealt to P1xel7 [2h 9c]
*** PRE-FLOP *** 
P1xel7 folds
pApA_poule raises 250 to 500
Cesarom51 folds
guachiman raises 1000 to 1500
pApA_poule calls 1000
*** FLOP *** [6s 6h Jh]
guachiman bets 2109
pApA_poule calls 2109
*** TURN *** [6s 6h Jh][5c]
guachiman bets 3732
pApA_poule calls 3732
*** RIVER *** [6s 6h Jh 5c][Qc]
guachiman checks
pApA_poule checks
*** SHOW DOWN ***
guachiman shows [Kc As] (One pair : 6)
pApA_poule shows [8c Jc] (Two pairs : Jacks and 6)
pApA_poule collected 14927 from pot
*** SUMMARY ***
Total pot 14927 | No rake
Board: [6s 6h Jh 5c Qc]
Seat 2: pApA_poule showed [8c Jc] and won 14927 with Two pairs : Jacks and 6
Seat 5: guachiman (big blind) showed [Kc As] and lost with One pair : 6


Winamax Poker - Tournament "MYSTERY KO" buyIn: 1.80€ + 0.20€ level: 2 - HandId: #3125476103917928524-49-1704309138 - Holdem no limit (30/125/250) - 2024/01/03 19:12:18 UTC
Table: 'MYSTERY KO(727706613)#0075' 6-max (real money) Seat #4 is the button
Seat 1: P1xel7 (18145)
Seat 2: pApA_poule (75670)
Seat 3: Pikulandia (20000)
Seat 4: Cesarom51 (64513)
Seat 5: guachiman (18347)
Seat 6: OptimusWar86 (20000)
*** ANTE/BLINDS ***
guachiman posts ante 30
OptimusWar86 posts ante 30
P1xel7 posts ante 30
pApA_poule posts ante 30
Pikulandia posts ante 30
Cesarom51 posts ante 30
guachiman posts small blind 125
OptimusWar86 posts big blind 250
Dealt to P1xel7 [4s Td]
*** PRE-FLOP *** 
P1xel7 folds
pApA_poule folds
Pikulandia folds
Cesarom51 raises 375 to 625
guachiman folds
OptimusWar86 folds
Cesarom51 collected 1180 from pot
*** SUMMARY ***
Total pot 1180 | No rake
Seat 4: Cesarom51 (button) won 1180


Winamax Poker - Tournament "MYSTERY KO" buyIn: 1.80€ + 0.20€ level: 2 - HandId: #3125476103917928524-50-1704309162 - Holdem no limit (30/125/250) - 2024/01/03 19:12:42 UTC
Table: 'MYSTERY KO(727706613)#0075' 6-max (real money) Seat #5 is the button
Seat 1: P1xel7 (18115)
Seat 2: pApA_poule (75640)
Seat 3: Pikulandia (19970)
Seat 4: Cesarom51 (65038)
Seat 5: guachiman (18192)
Seat 6: OptimusWar86 (19720)
*** ANTE/BLINDS ***
OptimusWar86 posts ante 30
P1xel7 posts ante 30
pApA_poule posts ante 30
Pikulandia posts ante 30
Cesarom51 posts ante 30
guachiman posts ante 30
OptimusWar86 posts small blind 125
P1xel7 posts big blind 250
Dealt to P1xel7 [Qh 5c]
*** PRE-FLOP *** 
pApA_poule folds
Pikulandia folds
Cesarom51 folds
guachiman raises 500 to 750
OptimusWar86 folds
P1xel7 folds
guachiman collected 1305 from pot
*** SUMMARY ***
Total pot 1305 | No rake
Seat 5: guachiman (button) won 1305


Winamax Poker - Tournament "MYSTERY KO" buyIn: 1.80€ + 0.20€ level: 2 - HandId: #3125476103917928524-51-1704309186 - Holdem no limit (30/125/250) - 2024/01/03 19:13:06 UTC
Table: 'MYSTERY KO(727706613)#0075' 6-max (real money) Seat #6 is the button
Seat 1: P1xel7 (17835)
Seat 2: pApA_poule (75610)
Seat 3: Pikulandia (19940)
Seat 4: Cesarom51 (65008)
Seat 5: guachiman (18717)
Seat 6: OptimusWar86 (19565)
*** ANTE/BLINDS ***
P1xel7 posts ante 30
pApA_poule posts ante 30
Pikulandia posts ante 30
Cesarom51 posts ante 30
guachiman posts ante 30
OptimusWar86 posts ante 30
P1xel7 posts small blind 125
pApA_poule posts big blind 250
Dealt to P1xel7 [Ks 5h]
*** PRE-FLOP *** 
Pikulandia raises 375 to 625
Cesarom51 folds
guachiman folds
OptimusWar86 folds
P1xel7 folds
pApA_poule calls 375
*** FLOP *** [Td 5d 8d]
pApA_poule checks
Pikulandia bets 1011
pApA_poule folds
Pikulandia collected 2566 from pot
*** SUMMARY ***
Total pot 2566 | No rake
Board: [Td 5d 8d]
Seat 3: Pikulandia won 2566


Winamax Poker - Tournament "MYSTERY KO" buyIn: 1.80€ + 0.20€ level: 2 - HandId: #3125476103917928524-52-1704309214 - Holdem no limit (30/125/250) - 2024/01/03 19:13:34 UTC
Table: 'MYSTERY KO(727706613)#0075' 6-max (real money) Seat #1 is the button
Seat 1: P1xel7 (17680)
Seat 2: pApA_poule (74955)
Seat 3: Pikulandia (20840)
Seat 4: Cesarom51 (64978)
Seat 5: guachiman (18687)
Seat 6: OptimusWar86 (19535)
*** ANTE/BLINDS ***
pApA_poule posts ante 30
Pikulandia posts ante 30
P1xel7 posts ante 30
Cesarom51 posts ante 30
guachiman posts ante 30
OptimusWar86 posts ante 30
pApA_poule posts small blind 125
Pikulandia posts big blind 250
Dealt to P1xel7 [Tc 8c]
*** PRE-FLOP *** 
Cesarom51 folds
guachiman folds
OptimusWar86 calls 250
P1xel7 folds
pApA_poule calls 125
Pikulandia checks
*** FLOP *** [6s Ts 8h]
pApA_poule checks
Pikulandia checks
OptimusWar86 checks
*** TURN *** [6s Ts 8h][3h]
pApA_poule checks
Pikulandia checks
OptimusWar86 checks
*** RIVER *** [6s Ts 8h 3h][6h]
pApA_poule checks
Pikulandia checks
OptimusWar86 checks
*** SHOW DOWN ***
pApA_poule shows [9c Qc] (One pair : 6)
Pikulandia shows [5c Ks] (One pair : 6)
OptimusWar86 shows [5h Ac] (One pair : 6)
OptimusWar86 collected 930 from pot
*** SUMMARY ***
Total pot 930 | No rake
Board: [6s Ts 8h 3h 6h]
Seat 2: pApA_poule (small blind) showed [9c Qc] and lost with One pair : 6
Seat 3: Pikulandia (big blind) showed [5c Ks] and lost with One pair : 6
Seat 6: OptimusWar86 showed [5h Ac] and won 930 with One pair : 6


Winamax Poker - Tournament "MYSTERY KO" buyIn: 1.80€ + 0.20€ level: 2 - HandId: #3125476103917928524-53-1704309265 - Holdem no limit (30/125/250) - 2024/01/03 19:14:25 UTC
Table: 'MYSTERY KO(727706613)#0075' 6-max (real money) Seat #2 is the button
Seat 1: P1xel7 (17650)
Seat 2: pApA_poule (74675)
Seat 3: Pikulandia (20560)
Seat 4: Cesarom51 (64948)
Seat 5: guachiman (18657)
Seat 6: OptimusWar86 (20185)
*** ANTE/BLINDS ***
Pikulandia posts ante 30
Cesarom51 posts ante 30
P1xel7 posts ante 30
pApA_poule posts ante 30
guachiman posts ante 30
OptimusWar86 posts ante 30
Pikulandia posts small blind 125
Cesarom51 posts big blind 250
Dealt to P1xel7 [As Jc]
*** PRE-FLOP *** 
guachiman folds
OptimusWar86 folds
P1xel7 raises 375 to 625
pApA_poule folds
Pikulandia calls 500
Cesarom51 folds
*** FLOP *** [3s 3c Kc]
Pikulandia checks
P1xel7 bets 588
Pikulandia folds
P1xel7 collected 2268 from pot
*** SUMMARY ***
Total pot 2268 | No rake
Board: [3s 3c Kc]
Seat 1: P1xel7 won 2268


Winamax Poker - Tournament "MYSTERY KO" buyIn: 1.80€ + 0.20€ level: 2 - HandId: #3125476103917928524-54-1704309339 - Holdem no limit (30/125/250) - 2024/01/03 19:15:39 UTC
Table: 'MYSTERY KO(727706613)#0075' 6-max (real money) Seat #3 is the button
Seat 1: P1xel7 (18675)
Seat 2: pApA_poule (74645)
Seat 3: Pikulandia (19905)
Seat 4: Cesarom51 (64668)
Seat 5: guachiman (18627)
Seat 6: OptimusWar86 (20155)
*** ANTE/BLINDS ***
Cesarom51 posts ante 30
guachiman posts ante 30
P1xel7 posts ante 30
pApA_poule posts ante 30
Pikulandia posts ante 30
OptimusWar86 posts ante 30
Cesarom51 posts small blind 125
guachiman posts big blind 250
Dealt to P1xel7 [6h 2s]
*** PRE-FLOP *** 
OptimusWar86 folds
P1xel7 folds
pApA_poule raises 250 to 500
Pikulandia calls 500
Cesarom51 folds
guachiman calls 250
*** FLOP *** [Th 6d 7d]
guachiman checks
pApA_poule checks
Pikulandia checks
*** TURN *** [Th 6d 7d][9s]
guachiman checks
pApA_poule bets 632
Pikulandia calls 632
guachiman folds
*** RIVER *** [Th 6d 7d 9s][5s]
pApA_poule bets 1995
Pikulandia folds
pApA_poule collected 5064 from pot
*** SUMMARY ***
Total pot 5064 | No rake
Board: [Th 6d 7d 9s 5s]
Seat 2: pApA_poule won 5064


Winamax Poker - Tournament "MYSTERY KO" buyIn: 1.80€ + 0.20€ level: 2 - HandId: #3125476103917928524-55-1704309434 - Holdem no limit (30/125/250) - 2024/01/03 19:17:14 UTC
Table: 'MYSTERY KO(727706613)#0075' 6-max (real money) Seat #4 is the button
Seat 1: P1xel7 (18645)
Seat 2: pApA_poule (76552)
Seat 3: Pikulandia (18743)
Seat 4: Cesarom51 (64513)
Seat 5: guachiman (18097)
Seat 6: OptimusWar86 (20125)
*** ANTE/BLINDS ***
guachiman posts ante 30
OptimusWar86 posts ante 30
P1xel7 posts ante 30
pApA_poule posts ante 30
Pikulandia posts ante 30
Cesarom51 posts ante 30
guachiman posts small blind 125
OptimusWar86 posts big blind 250
Dealt to P1xel7 [Th 3s]
*** PRE-FLOP *** 
P1xel7 folds
pApA_poule raises 250 to 500
Pikulandia calls 500
Cesarom51 folds
guachiman folds
OptimusWar86 folds
*** FLOP *** [2c 5s Qd]
pApA_poule checks
Pikulandia checks
*** TURN *** [2c 5s Qd][8h]
pApA_poule checks
Pikulandia bets 1011
pApA_poule calls 1011
*** RIVER *** [2c 5s Qd 8h][8c]
pApA_poule checks
Pikulandia bets 2325
pApA_poule calls 2325
*** SHOW DOWN ***
Pikulandia shows [6s 7h] (One pair : 8)
pApA_poule shows [Ac 6c] (One pair : 8)
pApA_poule collected 8227 from pot
*** SUMMARY ***
Total pot 8227 | No rake
Board: [2c 5s Qd 8h 8c]
Seat 2: pApA_poule showed [Ac 6c] and won 8227 with One pair : 8
Seat 3: Pikulandia showed [6s 7h] and lost with One pair : 8


Winamax Poker - Tournament "MYSTERY KO" buyIn: 1.80€ + 0.20€ level: 3 - HandId: #3125476103917928524-56-1704309543 - Holdem no limit (35/150/300) - 2024/01/03 19:19:03 UTC
Table: 'MYSTERY KO(727706613)#0075' 6-max (real money) Seat #5 is the button
Seat 1: P1xel7 (18615)
Seat 2: pApA_poule (80913)
Seat 3: Pikulandia (14877)
Seat 4: Cesarom51 (64483)
Seat 5: guachiman (17942)
Seat 6: OptimusWar86 (19845)
*** ANTE/BLINDS ***
OptimusWar86 posts ante 35
P1xel7 posts ante 35
pApA_poule posts ante 35
Pikulandia posts ante 35
Cesarom51 posts ante 35
guachiman posts ante 35
OptimusWar86 posts small blind 150
P1xel7 posts big blind 300
Dealt to P1xel7 [As Qc]
*** PRE-FLOP *** 
pApA_poule raises 300 to 600
Pikulandia folds
Cesarom51 folds
guachiman folds
OptimusWar86 calls 450
P1xel7 calls 300
*** FLOP *** [4s 6h 3c]
OptimusWar86 checks
P1xel7 checks
pApA_poule checks
*** TURN *** [4s 6h 3c][Ks]
OptimusWar86 checks
P1xel7 checks
pApA_poule bets 704
OptimusWar86 folds
P1xel7 folds
pApA_poule collected 2714 from pot
*** SUMMARY ***
Total pot 2714 | No rake
Board: [4s 6h 3c Ks]
Seat 2: pApA_poule won 2714


Winamax Poker - Tournament "MYSTERY KO" buyIn: 1.80€ + 0.20€ level: 3 - HandId: #3125476103917928524-57-1704309599 - Holdem no limit (35/150/300) - 2024/01/03 19:19:59 UTC
Table: 'MYSTERY KO(727706613)#0075' 6-max (real money) Seat #6 is the button
Seat 1: P1xel7 (17980)
Seat 2: pApA_poule (82288)
Seat 3: Pikulandia (14842)
Seat 4: Cesarom51 (64448)
Seat 5: guachiman (17907)
Seat 6: OptimusWar86 (19210)
*** ANTE/BLINDS ***
P1xel7 posts ante 35
pApA_poule posts ante 35
Pikulandia posts ante 35
Cesarom51 posts ante 35
guachiman posts ante 35
OptimusWar86 posts ante 35
P1xel7 posts small blind 150
pApA_poule posts big blind 300
Dealt to P1xel7 [7d 3s]
*** PRE-FLOP *** 
Pikulandia folds
Cesarom51 raises 300 to 600
guachiman folds
OptimusWar86 calls 600
P1xel7 folds
pApA_poule calls 300
*** FLOP *** [8d 8h 7h]
pApA_poule checks
Cesarom51 checks
OptimusWar86 checks
*** TURN *** [8d 8h 7h][Ks]
pApA_poule checks
Cesarom51 checks
OptimusWar86 checks
*** RIVER *** [8d 8h 7h Ks][Tc]
pApA_poule checks
Cesarom51 checks
OptimusWar86 checks
*** SHOW DOWN ***
pApA_poule shows [4h 3h] (One pair : 8)
Cesarom51 shows [Ah 2h] (One pair : 8)
OptimusWar86 shows [Ts Jc] (Two pairs : Tens and 8)
OptimusWar86 collected 2160 from pot
*** SUMMARY ***
Total pot 2160 | No rake
Board: [8d 8h 7h Ks Tc]
Seat 2: pApA_poule (big blind) showed [4h 3h] and lost with One pair : 8
Seat 4: Cesarom51 showed [Ah 2h] and lost with One pair : 8
Seat 6: OptimusWar86 (button) showed [Ts Jc] and won 2160 with Two pairs : Tens and 8


Winamax Poker - Tournament "MYSTERY KO" buyIn: 1.80€ + 0.20€ level: 3 - HandId: #3125476103917928524-58-1704309699 - Holdem no limit (35/150/300) - 2024/01/03 19:21:39 UTC
Table: 'MYSTERY KO(727706613)#0075' 6-max (real money) Seat #1 is the button
Seat 1: P1xel7 (17795)
Seat 2: pApA_poule (81653)
Seat 3: Pikulandia (14807)
Seat 4: Cesarom51 (63813)
Seat 5: guachiman (17872)
Seat 6: OptimusWar86 (20735)
*** ANTE/BLINDS ***
pApA_poule posts ante 35
Pikulandia posts ante 35
P1xel7 posts ante 35
Cesarom51 posts ante 35
guachiman posts ante 35
OptimusWar86 posts ante 35
pApA_poule posts small blind 150
Pikulandia posts big blind 300
Dealt to P1xel7 [Qs Js]
*** PRE-FLOP *** 
Cesarom51 folds
guachiman folds
OptimusWar86 calls 300
P1xel7 raises 900 to 1200
pApA_poule folds
Pikulandia calls 900
OptimusWar86 calls 900
*** FLOP *** [9s Td 6d]
Pikulandia bets 2574
OptimusWar86 folds
P1xel7 calls 2574
*** TURN *** [9s Td 6d][9d]
Pikulandia bets 10998 and is all-in
P1xel7 folds
Pikulandia collected 20106 from pot
*** SUMMARY ***
Total pot 20106 | No rake
Board: [9s Td 6d 9d]
Seat 3: Pikulandia (big blind) won 20106


Winamax Poker - Tournament "MYSTERY KO" buyIn: 1.80€ + 0.20€ level: 3 - HandId: #3125476103917928524-59-1704309781 - Holdem no limit (35/150/300) - 2024/01/03 19:23:01 UTC
Table: 'MYSTERY KO(727706613)#0075' 6-max (real money) Seat #2 is the button
Seat 1: P1xel7 (13986)
Seat 2: pApA_poule (81468)
Seat 3: Pikulandia (20106)
Seat 4: Cesarom51 (63778)
Seat 5: guachiman (17837)
Seat 6: OptimusWar86 (19500)
*** ANTE/BLINDS ***
Pikulandia posts ante 35
Cesarom51 posts ante 35
P1xel7 posts ante 35
pApA_poule posts ante 35
guachiman posts ante 35
OptimusWar86 posts ante 35
Pikulandia posts small blind 150
Cesarom51 posts big blind 300
Dealt to P1xel7 [As 2s]
*** PRE-FLOP *** 
guachiman folds
OptimusWar86 folds
P1xel7 folds
pApA_poule raises 300 to 600
Pikulandia calls 450
Cesarom51 folds
*** FLOP *** [Ts 4s Ac]
Pikulandia checks
pApA_poule checks
*** TURN *** [Ts 4s Ac][Jc]
Pikulandia checks
pApA_poule bets 599
Pikulandia folds
pApA_poule collected 2309 from pot
*** SUMMARY ***
Total pot 2309 | No rake
Board: [Ts 4s Ac Jc]
Seat 2: pApA_poule (button) won 2309


Winamax Poker - Tournament "MYSTERY KO" buyIn: 1.80€ + 0.20€ level: 3 - HandId: #3125476103917928524-60-1704309839 - Holdem no limit (35/150/300) - 2024/01/03 19:23:59 UTC
Table: 'MYSTERY KO(727706613)#0075' 6-max (real money) Seat #3 is the button
Seat 1: P1xel7 (13951)
Seat 2: pApA_poule (82543)
Seat 3: Pikulandia (19471)
Seat 4: Cesarom51 (63443)
Seat 5: guachiman (17802)
Seat 6: OptimusWar86 (19465)
*** ANTE/BLINDS ***
Cesarom51 posts ante 35
guachiman posts ante 35
P1xel7 posts ante 35
pApA_poule posts ante 35
Pikulandia posts ante 35
OptimusWar86 posts ante 35
Cesarom51 posts small blind 150
guachiman posts big blind 300
Dealt to P1xel7 [6s 5h]
*** PRE-FLOP *** 
OptimusWar86 folds
P1xel7 folds
pApA_poule folds
Pikulandia folds
Cesarom51 folds
guachiman collected 660 from pot
*** SUMMARY ***
Total pot 660 | No rake
Seat 5: guachiman (big blind) won 660


Winamax Poker - Tournament "MYSTERY KO" buyIn: 1.80€ + 0.20€ level: 3 - HandId: #3125476103917928524-61-1704309852 - Holdem no limit (35/150/300) - 2024/01/03 19:24:12 UTC
Table: 'MYSTERY KO(727706613)#0075' 6-max (real money) Seat #4 is the button
Seat 1: P1xel7 (13916)
Seat 2: pApA_poule (82508)
Seat 3: Pikulandia (19436)
Seat 4: Cesarom51 (63258)
Seat 5: guachiman (18127)
Seat 6: OptimusWar86 (19430)
*** ANTE/BLINDS ***
guachiman posts ante 35
OptimusWar86 posts ante 35
P1xel7 posts ante 35
pApA_poule posts ante 35
Pikulandia posts ante 35
Cesarom51 posts ante 35
guachiman posts small blind 150
OptimusWar86 posts big blind 300
Dealt to P1xel7 [4h 5s]
*** PRE-FLOP *** 
P1xel7 folds
pApA_poule folds
Pikulandia raises 960 to 1260
Cesarom51 folds
guachiman folds
OptimusWar86 folds
Pikulandia collected 1920 from pot
*** SUMMARY ***
Total pot 1920 | No rake
Seat 3: Pikulandia won 1920


Winamax Poker - Tournament "MYSTERY KO" buyIn: 1.80€ + 0.20€ level: 3 - HandId: #3125476103917928524-62-1704309873 - Holdem no limit (35/150/300) - 2024/01/03 19:24:33 UTC
Table: 'MYSTERY KO(727706613)#0075' 6-max (real money) Seat #5 is the button
Seat 1: P1xel7 (13881)
Seat 2: pApA_poule (82473)
Seat 3: Pikulandia (20061)
Seat 4: Cesarom51 (63223)
Seat 5: guachiman (17942)
Seat 6: OptimusWar86 (19095)
*** ANTE/BLINDS ***
OptimusWar86 posts ante 35
P1xel7 posts ante 35
pApA_poule posts ante 35
Pikulandia posts ante 35
Cesarom51 posts ante 35
guachiman posts ante 35
OptimusWar86 posts small blind 150
P1xel7 posts big blind 300
Dealt to P1xel7 [Qs Kc]
*** PRE-FLOP *** 
pApA_poule raises 300 to 600
Pikulandia folds
Cesarom51 folds
guachiman folds
OptimusWar86 folds
P1xel7 calls 300
*** FLOP *** [Ks 7s 9c]
P1xel7 checks
pApA_poule bets 546
P1xel7 calls 546
*** TURN *** [Ks 7s 9c][Td]
P1xel7 checks
pApA_poule bets 1724
P1xel7 raises 2188 to 3912
pApA_poule calls 2188
*** RIVER *** [Ks 7s 9c Td][Kd]
P1xel7 bets 8788 and is all-in
pApA_poule calls 8788
*** SHOW DOWN ***
P1xel7 shows [Qs Kc] (Trips of Kings)
pApA_poule shows [Qc Jc] (Straight King high)
pApA_poule collected 28052 from pot
*** SUMMARY ***
Total pot 28052 | No rake
Board: [Ks 7s 9c Td Kd]
Seat 1: P1xel7 (big blind) showed [Qs Kc] and lost with Trips of Kings
Seat 2: pApA_poule showed [Qc Jc] and won 28052 with Straight King high


Winamax Poker - Tournament "MYSTERY KO" buyIn: 1.80€ + 0.20€ level: 4 - HandId: #3125476103917928574-44-1704309995 - Holdem no limit (40/175/350) - 2024/01/03 19:26:35 UTC
Table: 'MYSTERY KO(727706613)#0125' 6-max (real money) Seat #5 is the button
Seat 1: P1xel7 (20000)
Seat 2: Lagardair (30766)
Seat 3: Rose.5567850 (98214)
Seat 4: THX 1138 (18552)
Seat 5: ZePr1cE (19925)
Seat 6: jean.ol (40524)
*** ANTE/BLINDS ***
jean.ol posts ante 40
P1xel7 posts ante 40
Lagardair posts ante 40
Rose.5567850 posts ante 40
THX 1138 posts ante 40
ZePr1cE posts ante 40
jean.ol posts small blind 175
P1xel7 posts big blind 350
Dealt to P1xel7 [Qd 7s]
*** PRE-FLOP *** 
Lagardair folds
Rose.5567850 folds
THX 1138 folds
ZePr1cE folds
jean.ol raises 700 to 1050
P1xel7 folds
jean.ol collected 1640 from pot
*** SUMMARY ***
Total pot 1640 | No rake
Seat 6: jean.ol (small blind) won 1640


Winamax Poker - Tournament "MYSTERY KO" buyIn: 1.80€ + 0.20€ level: 4 - HandId: #3125476103917928574-45-1704310022 - Holdem no limit (40/175/350) - 2024/01/03 19:27:02 UTC
Table: 'MYSTERY KO(727706613)#0125' 6-max (real money) Seat #6 is the button
Seat 1: P1xel7 (19610)
Seat 2: Lagardair (30726)
Seat 3: Rose.5567850 (98174)
Seat 4: THX 1138 (18512)
Seat 5: ZePr1cE (19885)
Seat 6: jean.ol (41074)
*** ANTE/BLINDS ***
P1xel7 posts ante 40
Lagardair posts ante 40
Rose.5567850 posts ante 40
THX 1138 posts ante 40
ZePr1cE posts ante 40
jean.ol posts ante 40
P1xel7 posts small blind 175
Lagardair posts big blind 350
Dealt to P1xel7 [9h Td]
*** PRE-FLOP *** 
Rose.5567850 folds
THX 1138 folds
ZePr1cE folds
jean.ol raises 350 to 700
P1xel7 folds
Lagardair calls 350
*** FLOP *** [7s 7d 4c]
Lagardair checks
jean.ol bets 817
Lagardair calls 817
*** TURN *** [7s 7d 4c][4s]
Lagardair checks
jean.ol checks
*** RIVER *** [7s 7d 4c 4s][Qh]
Lagardair bets 1725
jean.ol calls 1725
*** SHOW DOWN ***
jean.ol shows [3s 3c] (Two pairs : 7 and 4)
Lagardair shows [4d 6c] (Full of 4 and 7)
Lagardair collected 6899 from pot
*** SUMMARY ***
Total pot 6899 | No rake
Board: [7s 7d 4c 4s Qh]
Seat 2: Lagardair (big blind) showed [4d 6c] and won 6899 with Full of 4 and 7
Seat 6: jean.ol (button) showed [3s 3c] and lost with Two pairs : 7 and 4


Winamax Poker - Tournament "MYSTERY KO" buyIn: 1.80€ + 0.20€ level: 4 - HandId: #3125476103917928574-46-1704310084 - Holdem no limit (40/175/350) - 2024/01/03 19:28:04 UTC
Table: 'MYSTERY KO(727706613)#0125' 6-max (real money) Seat #1 is the button
Seat 1: P1xel7 (19395)
Seat 2: Lagardair (34343)
Seat 3: Rose.5567850 (98134)
Seat 4: THX 1138 (18472)
Seat 5: ZePr1cE (19845)
Seat 6: jean.ol (37792)
*** ANTE/BLINDS ***
Lagardair posts ante 40
Rose.5567850 posts ante 40
P1xel7 posts ante 40
THX 1138 posts ante 40
ZePr1cE posts ante 40
jean.ol posts ante 40
Lagardair posts small blind 175
Rose.5567850 posts big blind 350
Dealt to P1xel7 [9h 2s]
*** PRE-FLOP *** 
THX 1138 raises 525 to 875
ZePr1cE folds
jean.ol folds
P1xel7 folds
Lagardair folds
Rose.5567850 calls 525
*** FLOP *** [2h 5s 5d]
Rose.5567850 checks
THX 1138 bets 541
Rose.5567850 raises 1909 to 2450
THX 1138 calls 1909
*** TURN *** [2h 5s 5d][4s]
Rose.5567850 bets 2331
THX 1138 calls 2331
*** RIVER *** [2h 5s 5d 4s][Ah]
Rose.5567850 checks
THX 1138 bets 3394
Rose.5567850 folds
THX 1138 collected 15121 from pot
*** SUMMARY ***
Total pot 15121 | No rake
Board: [2h 5s 5d 4s Ah]
Seat 4: THX 1138 won 15121


Winamax Poker - Tournament "MYSTERY KO" buyIn: 1.80€ + 0.20€ level: 4 - HandId: #3125476103917928574-47-1704310157 - Holdem no limit (40/175/350) - 2024/01/03 19:29:17 UTC
Table: 'MYSTERY KO(727706613)#0125' 6-max (real money) Seat #2 is the button
Seat 1: P1xel7 (19355)
Seat 2: Lagardair (34128)
Seat 3: Rose.5567850 (92438)
Seat 4: THX 1138 (24503)
Seat 5: ZePr1cE (19805)
Seat 6: jean.ol (37752)
*** ANTE/BLINDS ***
Rose.5567850 posts ante 40
THX 1138 posts ante 40
P1xel7 posts ante 40
Lagardair posts ante 40
ZePr1cE posts ante 40
jean.ol posts ante 40
Rose.5567850 posts small blind 175
THX 1138 posts big blind 350
Dealt to P1xel7 [2h 9d]
*** PRE-FLOP *** 
ZePr1cE raises 350 to 700
jean.ol folds
P1xel7 folds
Lagardair folds
Rose.5567850 raises 1925 to 2625
THX 1138 folds
ZePr1cE folds
Rose.5567850 collected 3915 from pot
*** SUMMARY ***
Total pot 3915 | No rake
Seat 3: Rose.5567850 (small blind) won 3915


Winamax Poker - Tournament "MYSTERY KO" buyIn: 1.80€ + 0.20€ level: 4 - HandId: #3125476103917928574-48-1704310193 - Holdem no limit (40/175/350) - 2024/01/03 19:29:53 UTC
Table: 'MYSTERY KO(727706613)#0125' 6-max (real money) Seat #3 is the button
Seat 1: P1xel7 (19315)
Seat 2: Lagardair (34088)
Seat 3: Rose.5567850 (93688)
Seat 4: THX 1138 (24113)
Seat 5: ZePr1cE (19065)
Seat 6: jean.ol (37712)
*** ANTE/BLINDS ***
THX 1138 posts ante 40
ZePr1cE posts ante 40
P1xel7 posts ante 40
Lagardair posts ante 40
Rose.5567850 posts ante 40
jean.ol posts ante 40
THX 1138 posts small blind 175
ZePr1cE posts big blind 350
Dealt to P1xel7 [6h As]
*** PRE-FLOP *** 
jean.ol folds
P1xel7 folds
Lagardair folds
Rose.5567850 folds
THX 1138 raises 875 to 1225
ZePr1cE calls 875
*** FLOP *** [8h Kd 8s]
THX 1138 bets 942
ZePr1cE folds
THX 1138 collected 3632 from pot
*** SUMMARY ***
Total pot 3632 | No rake
Board: [8h Kd 8s]
Seat 4: THX 1138 (small blind) won 3632


Winamax Poker - Tournament "MYSTERY KO" buyIn: 1.80€ + 0.20€ level: 4 - HandId: #3125476103917928574-49-1704310243 - Holdem no limit (40/175/350) - 2024/01/03 19:30:43 UTC
Table: 'MYSTERY KO(727706613)#0125' 6-max (real money) Seat #4 is the button
Seat 1: P1xel7 (19275)
Seat 2: Lagardair (34048)
Seat 3: Rose.5567850 (93648)
Seat 4: THX 1138 (25538)
Seat 5: ZePr1cE (17800)
Seat 6: jean.ol (37672)
*** ANTE/BLINDS ***
ZePr1cE posts ante 40
jean.ol posts ante 40
P1xel7 posts ante 40
Lagardair posts ante 40
Rose.5567850 posts ante 40
THX 1138 posts ante 40
ZePr1cE posts small blind 175
jean.ol posts big blind 350
Dealt to P1xel7 [Qs Qc]
*** PRE-FLOP *** 
P1xel7 raises 525 to 875
Lagardair folds
Rose.5567850 folds
THX 1138 folds
ZePr1cE folds
jean.ol folds
P1xel7 collected 1640 from pot
*** SUMMARY ***
Total pot 1640 | No rake
Seat 1: P1xel7 won 1640


Winamax Poker - Tournament "MYSTERY KO" buyIn: 1.80€ + 0.20€ level: 4 - HandId: #3125476103917928574-50-1704310264 - Holdem no limit (40/175/350) - 2024/01/03 19:31:04 UTC
Table: 'MYSTERY KO(727706613)#0125' 6-max (real money) Seat #5 is the button
Seat 1: P1xel7 (20000)
Seat 2: Lagardair (34008)
Seat 3: Rose.5567850 (93608)
Seat 4: THX 1138 (25498)
Seat 5: ZePr1cE (17585)
Seat 6: jean.ol (37282)
*** ANTE/BLINDS ***
jean.ol posts ante 40
P1xel7 posts ante 40
Lagardair posts ante 40
Rose.5567850 posts ante 40
THX 1138 posts ante 40
ZePr1cE posts ante 40
jean.ol posts small blind 175
P1xel7 posts big blind 350
Dealt to P1xel7 [2h Js]
*** PRE-FLOP *** 
Lagardair folds
Rose.5567850 raises 350 to 700
THX 1138 folds
ZePr1cE folds
jean.ol folds
P1xel7 folds
Rose.5567850 collected 1465 from pot
*** SUMMARY ***
Total pot 1465 | No rake
Seat 3: Rose.5567850 won 1465


Winamax Poker - Tournament "MYSTERY KO" buyIn: 1.80€ + 0.20€ level: 4 - HandId: #3125476103917928574-51-1704310280 - Holdem no limit (40/175/350) - 2024/01/03 19:31:20 UTC
Table: 'MYSTERY KO(727706613)#0125' 6-max (real money) Seat #6 is the button
Seat 1: P1xel7 (19610)
Seat 2: Lagardair (33968)
Seat 3: Rose.5567850 (94333)
Seat 4: THX 1138 (25458)
Seat 5: ZePr1cE (17545)
Seat 6: jean.ol (37067)
*** ANTE/BLINDS ***
P1xel7 posts ante 40
Lagardair posts ante 40
Rose.5567850 posts ante 40
THX 1138 posts ante 40
ZePr1cE posts ante 40
jean.ol posts ante 40
P1xel7 posts small blind 175
Lagardair posts big blind 350
Dealt to P1xel7 [Jd Qs]
*** PRE-FLOP *** 
Rose.5567850 folds
THX 1138 folds
ZePr1cE folds
jean.ol folds
P1xel7 raises 525 to 875
Lagardair calls 525
*** FLOP *** [5d 5c 2h]
P1xel7 checks
Lagardair checks
*** TURN *** [5d 5c 2h][9h]
P1xel7 checks
Lagardair checks
*** RIVER *** [5d 5c 2h 9h][5h]
P1xel7 checks
Lagardair checks
*** SHOW DOWN ***
Lagardair shows [Js Th] (Trips of 5)
P1xel7 shows [Jd Qs] (Trips of 5)
P1xel7 collected 1990 from pot
*** SUMMARY ***
Total pot 1990 | No rake
Board: [5d 5c 2h 9h 5h]
Seat 1: P1xel7 (small blind) showed [Jd Qs] and won 1990 with Trips of 5
Seat 2: Lagardair (big blind) showed [Js Th] and lost with Trips of 5


Winamax Poker - Tournament "MYSTERY KO" buyIn: 1.80€ + 0.20€ level: 5 - HandId: #3125476103917928574-52-1704310341 - Holdem no limit (50/200/400) - 2024/01/03 19:32:21 UTC
Table: 'MYSTERY KO(727706613)#0125' 6-max (real money) Seat #1 is the button
Seat 1: P1xel7 (20685)
Seat 2: Lagardair (33053)
Seat 3: Rose.5567850 (94293)
Seat 4: THX 1138 (25418)
Seat 5: ZePr1cE (17505)
Seat 6: jean.ol (37027)
*** ANTE/BLINDS ***
Lagardair posts ante 50
Rose.5567850 posts ante 50
P1xel7 posts ante 50
THX 1138 posts ante 50
ZePr1cE posts ante 50
jean.ol posts ante 50
Lagardair posts small blind 200
Rose.5567850 posts big blind 400
Dealt to P1xel7 [8d Js]
*** PRE-FLOP *** 
THX 1138 folds
ZePr1cE folds
jean.ol folds
P1xel7 folds
Lagardair folds
Rose.5567850 collected 900 from pot
*** SUMMARY ***
Total pot 900 | No rake
Seat 3: Rose.5567850 (big blind) won 900


Winamax Poker - Tournament "MYSTERY KO" buyIn: 1.80€ + 0.20€ level: 5 - HandId: #3125476103917928574-53-1704310356 - Holdem no limit (50/200/400) - 2024/01/03 19:32:36 UTC
Table: 'MYSTERY KO(727706613)#0125' 6-max (real money) Seat #2 is the button
Seat 1: P1xel7 (20635)
Seat 2: Lagardair (32803)
Seat 3: Rose.5567850 (94743)
Seat 4: THX 1138 (25368)
Seat 5: ZePr1cE (17455)
Seat 6: jean.ol (36977)
*** ANTE/BLINDS ***
Rose.5567850 posts ante 50
THX 1138 posts ante 50
P1xel7 posts ante 50
Lagardair posts ante 50
ZePr1cE posts ante 50
jean.ol posts ante 50
Rose.5567850 posts small blind 200
THX 1138 posts big blind 400
Dealt to P1xel7 [Ac 6s]
*** PRE-FLOP *** 
ZePr1cE folds
jean.ol folds
P1xel7 folds
Lagardair folds
Rose.5567850 folds
THX 1138 collected 900 from pot
*** SUMMARY ***
Total pot 900 | No rake
Seat 4: THX 1138 (big blind) won 900


Winamax Poker - Tournament "MYSTERY KO" buyIn: 1.80€ + 0.20€ level: 5 - HandId: #3125476103917928574-54-1704310376 - Holdem no limit (50/200/400) - 2024/01/03 19:32:56 UTC
Table: 'MYSTERY KO(727706613)#0125' 6-max (real money) Seat #3 is the button
Seat 1: P1xel7 (20585)
Seat 2: Lagardair (32753)
Seat 3: Rose.5567850 (94493)
Seat 4: THX 1138 (25818)
Seat 5: ZePr1cE (17405)
Seat 6: jean.ol (36927)
*** ANTE/BLINDS ***
THX 1138 posts ante 50
ZePr1cE posts ante 50
P1xel7 posts ante 50
Lagardair posts ante 50
Rose.5567850 posts ante 50
jean.ol posts ante 50
THX 1138 posts small blind 200
ZePr1cE posts big blind 400
Dealt to P1xel7 [9h 3d]
*** PRE-FLOP *** 
jean.ol folds
P1xel7 folds
Lagardair folds
Rose.5567850 raises 400 to 800
THX 1138 folds
ZePr1cE calls 400
*** FLOP *** [Ah 4h Jh]
ZePr1cE checks
Rose.5567850 bets 1050
ZePr1cE folds
Rose.5567850 collected 3150 from pot
*** SUMMARY ***
Total pot 3150 | No rake
Board: [Ah 4h Jh]
Seat 3: Rose.5567850 (button) won 3150


Winamax Poker - Tournament "MYSTERY KO" buyIn: 1.80€ + 0.20€ level: 5 - HandId: #3125476103917928574-55-1704310404 - Holdem no limit (50/200/400) - 2024/01/03 19:33:24 UTC
Table: 'MYSTERY KO(727706613)#0125' 6-max (real money) Seat #4 is the button
Seat 1: P1xel7 (20535)
Seat 2: Lagardair (32703)
Seat 3: Rose.5567850 (95743)
Seat 4: THX 1138 (25568)
Seat 5: ZePr1cE (16555)
Seat 6: jean.ol (36877)
*** ANTE/BLINDS ***
ZePr1cE posts ante 50
jean.ol posts ante 50
P1xel7 posts ante 50
Lagardair posts ante 50
Rose.5567850 posts ante 50
THX 1138 posts ante 50
ZePr1cE posts small blind 200
jean.ol posts big blind 400
Dealt to P1xel7 [Ts 8h]
*** PRE-FLOP *** 
P1xel7 folds
Lagardair folds
Rose.5567850 folds
THX 1138 folds
ZePr1cE raises 1000 to 1400
jean.ol folds
ZePr1cE collected 2100 from pot
*** SUMMARY ***
Total pot 2100 | No rake
Seat 5: ZePr1cE (small blind) won 2100


Winamax Poker - Tournament "MYSTERY KO" buyIn: 1.80€ + 0.20€ level: 5 - HandId: #3125476103917928574-56-1704310429 - Holdem no limit (50/200/400) - 2024/01/03 19:33:49 UTC
Table: 'MYSTERY KO(727706613)#0125' 6-max (real money) Seat #5 is the button
Seat 1: P1xel7 (20485)
Seat 2: Lagardair (32653)
Seat 3: Rose.5567850 (95693)
Seat 4: THX 1138 (25518)
Seat 5: ZePr1cE (17205)
Seat 6: jean.ol (36427)
*** ANTE/BLINDS ***
jean.ol posts ante 50
P1xel7 posts ante 50
Lagardair posts ante 50
Rose.5567850 posts ante 50
THX 1138 posts ante 50
ZePr1cE posts ante 50
jean.ol posts small blind 200
P1xel7 posts big blind 400
Dealt to P1xel7 [2c 5d]
*** PRE-FLOP *** 
Lagardair folds
Rose.5567850 raises 400 to 800
THX 1138 folds
ZePr1cE folds
jean.ol folds
P1xel7 folds
Rose.5567850 collected 1700 from pot
*** SUMMARY ***
Total pot 1700 | No rake
Seat 3: Rose.5567850 won 1700


Winamax Poker - Tournament "MYSTERY KO" buyIn: 1.80€ + 0.20€ level: 5 - HandId: #3125476103917928574-57-1704310460 - Holdem no limit (50/200/400) - 2024/01/03 19:34:20 UTC
Table: 'MYSTERY KO(727706613)#0125' 6-max (real money) Seat #6 is the button
Seat 1: P1xel7 (20035)
Seat 2: Lagardair (32603)
Seat 3: Rose.5567850 (96543)
Seat 4: THX 1138 (25468)
Seat 5: ZePr1cE (17155)
Seat 6: jean.ol (36177)
*** ANTE/BLINDS ***
P1xel7 posts ante 50
Lagardair posts ante 50
Rose.5567850 posts ante 50
THX 1138 posts ante 50
ZePr1cE posts ante 50
jean.ol posts ante 50
P1xel7 posts small blind 200
Lagardair posts big blind 400
Dealt to P1xel7 [2c Ah]
*** PRE-FLOP *** 
Rose.5567850 folds
THX 1138 folds
ZePr1cE raises 400 to 800
jean.ol folds
P1xel7 folds
Lagardair calls 400
*** FLOP *** [9h 6d Jh]
Lagardair checks
ZePr1cE bets 800
Lagardair calls 800
*** TURN *** [9h 6d Jh][4d]
Lagardair checks
ZePr1cE checks
*** RIVER *** [9h 6d Jh 4d][9s]
Lagardair bets 1295
ZePr1cE calls 1295
*** SHOW DOWN ***
Lagardair shows [Qc 8c] (One pair : 9)
ZePr1cE shows [7c 7d] (Two pairs : 9 and 7)
ZePr1cE collected 6290 from pot
*** SUMMARY ***
Total pot 6290 | No rake
Board: [9h 6d Jh 4d 9s]
Seat 2: Lagardair (big blind) showed [Qc 8c] and lost with One pair : 9
Seat 5: ZePr1cE showed [7c 7d] and won 6290 with Two pairs : 9 and 7


Winamax Poker - Tournament "MYSTERY KO" buyIn: 1.80€ + 0.20€ level: 5 - HandId: #3125476103917928574-58-1704310518 - Holdem no limit (50/200/400) - 2024/01/03 19:35:18 UTC
Table: 'MYSTERY KO(727706613)#0125' 6-max (real money) Seat #1 is the button
Seat 1: P1xel7 (19785)
Seat 2: Lagardair (29658)
Seat 3: Rose.5567850 (96493)
Seat 4: THX 1138 (25418)
Seat 5: ZePr1cE (20500)
Seat 6: jean.ol (36127)
*** ANTE/BLINDS ***
Lagardair posts ante 50
Rose.5567850 posts ante 50
P1xel7 posts ante 50
THX 1138 posts ante 50
ZePr1cE posts ante 50
jean.ol posts ante 50
Lagardair posts small blind 200
Rose.5567850 posts big blind 400
Dealt to P1xel7 [2s Qs]
*** PRE-FLOP *** 
THX 1138 raises 600 to 1000
ZePr1cE calls 1000
jean.ol folds
P1xel7 folds
Lagardair folds
Rose.5567850 calls 600
*** FLOP *** [9s 5d Td]
Rose.5567850 checks
THX 1138 bets 1425
ZePr1cE calls 1425
Rose.5567850 calls 1425
*** TURN *** [9s 5d Td][8h]
Rose.5567850 checks
THX 1138 checks
ZePr1cE checks
*** RIVER *** [9s 5d Td 8h][6h]
Rose.5567850 bets 7775
THX 1138 folds
ZePr1cE folds
Rose.5567850 collected 15550 from pot
*** SUMMARY ***
Total pot 15550 | No rake
Board: [9s 5d Td 8h 6h]
Seat 3: Rose.5567850 (big blind) won 15550


Winamax Poker - Tournament "MYSTERY KO" buyIn: 1.80€ + 0.20€ level: 5 - HandId: #3125476103917928574-59-1704310613 - Holdem no limit (50/200/400) - 2024/01/03 19:36:53 UTC
Table: 'MYSTERY KO(727706613)#0125' 6-max (real money) Seat #2 is the button
Seat 1: P1xel7 (19735)
Seat 2: Lagardair (29408)
Seat 3: Rose.5567850 (101793)
Seat 4: THX 1138 (22943)
Seat 5: ZePr1cE (18025)
Seat 6: jean.ol (36077)
*** ANTE/BLINDS ***
Rose.5567850 posts ante 50
THX 1138 posts ante 50
P1xel7 posts ante 50
Lagardair posts ante 50
ZePr1cE posts ante 50
jean.ol posts ante 50
Rose.5567850 posts small blind 200
THX 1138 posts big blind 400
Dealt to P1xel7 [4h 8d]
*** PRE-FLOP *** 
ZePr1cE folds
jean.ol folds
P1xel7 folds
Lagardair raises 400 to 800
Rose.5567850 folds
THX 1138 folds
Lagardair collected 1700 from pot
*** SUMMARY ***
Total pot 1700 | No rake
Seat 2: Lagardair (button) won 1700


Winamax Poker - Tournament "MYSTERY KO" buyIn: 1.80€ + 0.20€ level: 5 - HandId: #3125476103917928574-60-1704310635 - Holdem no limit (50/200/400) - 2024/01/03 19:37:15 UTC
Table: 'MYSTERY KO(727706613)#0125' 6-max (real money) Seat #3 is the button
Seat 1: P1xel7 (19685)
Seat 2: Lagardair (30258)
Seat 3: Rose.5567850 (101543)
Seat 4: THX 1138 (22493)
Seat 5: ZePr1cE (17975)
Seat 6: jean.ol (36027)
*** ANTE/BLINDS ***
THX 1138 posts ante 50
ZePr1cE posts ante 50
P1xel7 posts ante 50
Lagardair posts ante 50
Rose.5567850 posts ante 50
jean.ol posts ante 50
THX 1138 posts small blind 200
ZePr1cE posts big blind 400
Dealt to P1xel7 [3s As]
*** PRE-FLOP *** 
jean.ol raises 400 to 800
P1xel7 folds
Lagardair folds
Rose.5567850 folds
THX 1138 folds
ZePr1cE calls 400
*** FLOP *** [6h 6c 5d]
ZePr1cE checks
jean.ol bets 735
ZePr1cE raises 1465 to 2200
jean.ol calls 1465
*** TURN *** [6h 6c 5d][3h]
ZePr1cE bets 2000
jean.ol calls 2000
*** RIVER *** [6h 6c 5d 3h][Jc]
ZePr1cE checks
jean.ol checks
*** SHOW DOWN ***
ZePr1cE shows [8c 9h] (One pair : 6)
jean.ol shows [Qh Qc] (Two pairs : Queens and 6)
jean.ol collected 10500 from pot
*** SUMMARY ***
Total pot 10500 | No rake
Board: [6h 6c 5d 3h Jc]
Seat 5: ZePr1cE (big blind) showed [8c 9h] and lost with One pair : 6
Seat 6: jean.ol showed [Qh Qc] and won 10500 with Two pairs : Queens and 6


Winamax Poker - Tournament "MYSTERY KO" buyIn: 1.80€ + 0.20€ level: 5 - HandId: #3125476103917928574-61-1704310726 - Holdem no limit (50/200/400) - 2024/01/03 19:38:46 UTC
Table: 'MYSTERY KO(727706613)#0125' 6-max (real money) Seat #4 is the button
Seat 1: P1xel7 (19635)
Seat 2: Lagardair (30208)
Seat 3: Rose.5567850 (101493)
Seat 4: THX 1138 (22243)
Seat 5: ZePr1cE (12925)
Seat 6: jean.ol (41477)
*** ANTE/BLINDS ***
ZePr1cE posts ante 50
jean.ol posts ante 50
P1xel7 posts ante 50
Lagardair posts ante 50
Rose.5567850 posts ante 50
THX 1138 posts ante 50
ZePr1cE posts small blind 200
jean.ol posts big blind 400
Dealt to P1xel7 [9h 3s]
*** PRE-FLOP *** 
P1xel7 folds
Lagardair folds
Rose.5567850 folds
THX 1138 raises 600 to 1000
ZePr1cE raises 3000 to 4000
jean.ol folds
THX 1138 folds
ZePr1cE collected 5700 from pot
*** SUMMARY ***
Total pot 5700 | No rake
Seat 5: ZePr1cE (small blind) won 5700


Winamax Poker - Tournament "MYSTERY KO" buyIn: 1.80€ + 0.20€ level: 6 - HandId: #3125476103917928574-62-1704310759 - Holdem no limit (60/250/500) - 2024/01/03 19:39:19 UTC
Table: 'MYSTERY KO(727706613)#0125' 6-max (real money) Seat #5 is the button
Seat 1: P1xel7 (19585)
Seat 2: Lagardair (30158)
Seat 3: Rose.5567850 (101443)
Seat 4: THX 1138 (21193)
Seat 5: ZePr1cE (14575)
Seat 6: jean.ol (41027)
*** ANTE/BLINDS ***
jean.ol posts ante 60
P1xel7 posts ante 60
Lagardair posts ante 60
Rose.5567850 posts ante 60
THX 1138 posts ante 60
ZePr1cE posts ante 60
jean.ol posts small blind 250
P1xel7 posts big blind 500
Dealt to P1xel7 [4s 6h]
*** PRE-FLOP *** 
Lagardair raises 500 to 1000
Rose.5567850 folds
THX 1138 folds
ZePr1cE folds
jean.ol folds
P1xel7 folds
Lagardair collected 2110 from pot
*** SUMMARY ***
Total pot 2110 | No rake
Seat 2: Lagardair won 2110


Winamax Poker - Tournament "MYSTERY KO" buyIn: 1.80€ + 0.20€ level: 6 - HandId: #3125476103917928574-63-1704310783 - Holdem no limit (60/250/500) - 2024/01/03 19:39:43 UTC
Table: 'MYSTERY KO(727706613)#0125' 6-max (real money) Seat #6 is the button
Seat 1: P1xel7 (19025)
Seat 2: Lagardair (31208)
Seat 3: Rose.5567850 (101383)
Seat 4: THX 1138 (21133)
Seat 5: ZePr1cE (14515)
Seat 6: jean.ol (40717)
*** ANTE/BLINDS ***
P1xel7 posts ante 60
Lagardair posts ante 60
Rose.5567850 posts ante 60
THX 1138 posts ante 60
ZePr1cE posts ante 60
jean.ol posts ante 60
P1xel7 posts small blind 250
Lagardair posts big blind 500
Dealt to P1xel7 [As 9c]
*** PRE-FLOP *** 
Rose.5567850 raises 500 to 1000
THX 1138 folds
ZePr1cE calls 1000
jean.ol folds
P1xel7 calls 750
Lagardair calls 500
*** FLOP *** [5d 7s Ks]
P1xel7 checks
Lagardair bets 1526
Rose.5567850 calls 1526
ZePr1cE folds
P1xel7 folds
*** TURN *** [5d 7s Ks][5h]
Lagardair bets 2594
Rose.5567850 calls 2594
*** RIVER *** [5d 7s Ks 5h][Tc]
Lagardair bets 6300
Rose.5567850 folds
Lagardair collected 18900 from pot
*** SUMMARY ***
Total pot 18900 | No rake
Board: [5d 7s Ks 5h Tc]
Seat 2: Lagardair (big blind) won 18900


Winamax Poker - Tournament "MYSTERY KO" buyIn: 1.80€ + 0.20€ level: 6 - HandId: #3125476103917928574-64-1704310868 - Holdem no limit (60/250/500) - 2024/01/03 19:41:08 UTC
Table: 'MYSTERY KO(727706613)#0125' 6-max (real money) Seat #1 is the button
Seat 1: P1xel7 (17965)
Seat 2: Lagardair (38628)
Seat 3: Rose.5567850 (96203)
Seat 4: THX 1138 (21073)
Seat 5: ZePr1cE (13455)
Seat 6: jean.ol (40657)
*** ANTE/BLINDS ***
Lagardair posts ante 60
Rose.5567850 posts ante 60
P1xel7 posts ante 60
THX 1138 posts ante 60
ZePr1cE posts ante 60
jean.ol posts ante 60
Lagardair posts small blind 250
Rose.5567850 posts big blind 500
Dealt to P1xel7 [7c 8c]
*** PRE-FLOP *** 
THX 1138 folds
ZePr1cE folds
jean.ol folds
P1xel7 raises 750 to 1250
Lagardair calls 1000
Rose.5567850 calls 750
*** FLOP *** [Th Qc 8d]
Lagardair checks
Rose.5567850 checks
P1xel7 bets 2055
Lagardair calls 2055
Rose.5567850 folds
*** TURN *** [Th Qc 8d][6c]
Lagardair checks
P1xel7 bets 4110
Lagardair folds
P1xel7 collected 12330 from pot
*** SUMMARY ***
Total pot 12330 | No rake
Board: [Th Qc 8d 6c]
Seat 1: P1xel7 (button) won 12330


Winamax Poker - Tournament "MYSTERY KO" buyIn: 1.80€ + 0.20€ level: 6 - HandId: #3125476103917928574-65-1704310968 - Holdem no limit (60/250/500) - 2024/01/03 19:42:48 UTC
Table: 'MYSTERY KO(727706613)#0125' 6-max (real money) Seat #2 is the button
Seat 1: P1xel7 (22820)
Seat 2: Lagardair (35263)
Seat 3: Rose.5567850 (94893)
Seat 4: THX 1138 (21013)
Seat 5: ZePr1cE (13395)
Seat 6: jean.ol (40597)
*** ANTE/BLINDS ***
Rose.5567850 posts ante 60
THX 1138 posts ante 60
P1xel7 posts ante 60
Lagardair posts ante 60
ZePr1cE posts ante 60
jean.ol posts ante 60
Rose.5567850 posts small blind 250
THX 1138 posts big blind 500
Dealt to P1xel7 [8d 3d]
*** PRE-FLOP *** 
ZePr1cE folds
jean.ol folds
P1xel7 folds
Lagardair raises 500 to 1000
Rose.5567850 calls 750
THX 1138 raises 5110 to 6110
Lagardair folds
Rose.5567850 folds
THX 1138 collected 8470 from pot
*** SUMMARY ***
Total pot 8470 | No rake
Seat 4: THX 1138 (big blind) won 8470


Winamax Poker - Tournament "MYSTERY KO" buyIn: 1.80€ + 0.20€ level: 6 - HandId: #3125476103917928574-66-1704311010 - Holdem no limit (60/250/500) - 2024/01/03 19:43:30 UTC
Table: 'MYSTERY KO(727706613)#0125' 6-max (real money) Seat #3 is the button
Seat 1: P1xel7 (22760)
Seat 2: Lagardair (34203)
Seat 3: Rose.5567850 (93833)
Seat 4: THX 1138 (23313)
Seat 5: ZePr1cE (13335)
Seat 6: jean.ol (40537)
*** ANTE/BLINDS ***
THX 1138 posts ante 60
ZePr1cE posts ante 60
P1xel7 posts ante 60
Lagardair posts ante 60
Rose.5567850 posts ante 60
jean.ol posts ante 60
THX 1138 posts small blind 250
ZePr1cE posts big blind 500
Dealt to P1xel7 [2d As]
*** PRE-FLOP *** 
jean.ol folds
P1xel7 folds
Lagardair folds
Rose.5567850 raises 500 to 1000
THX 1138 folds
ZePr1cE folds
Rose.5567850 collected 2110 from pot
*** SUMMARY ***
Total pot 2110 | No rake
Seat 3: Rose.5567850 (button) won 2110


Winamax Poker - Tournament "MYSTERY KO" buyIn: 1.80€ + 0.20€ level: 6 - HandId: #3125476103917928574-67-1704311032 - Holdem no limit (60/250/500) - 2024/01/03 19:43:52 UTC
Table: 'MYSTERY KO(727706613)#0125' 6-max (real money) Seat #4 is the button
Seat 1: P1xel7 (22700)
Seat 2: Lagardair (34143)
Seat 3: Rose.5567850 (94883)
Seat 4: THX 1138 (23003)
Seat 5: ZePr1cE (12775)
Seat 6: jean.ol (40477)
*** ANTE/BLINDS ***
ZePr1cE posts ante 60
jean.ol posts ante 60
P1xel7 posts ante 60
Lagardair posts ante 60
Rose.5567850 posts ante 60
THX 1138 posts ante 60
ZePr1cE posts small blind 250
jean.ol posts big blind 500
Dealt to P1xel7 [Kc 5c]
*** PRE-FLOP *** 
P1xel7 folds
Lagardair folds
Rose.5567850 folds
THX 1138 raises 500 to 1000
ZePr1cE folds
jean.ol raises 3000 to 4000
THX 1138 folds
jean.ol collected 5610 from pot
*** SUMMARY ***
Total pot 5610 | No rake
Seat 6: jean.ol (big blind) won 5610


Winamax Poker - Tournament "MYSTERY KO" buyIn: 1.80€ + 0.20€ level: 6 - HandId: #3125476103917928574-68-1704311085 - Holdem no limit (60/250/500) - 2024/01/03 19:44:45 UTC
Table: 'MYSTERY KO(727706613)#0125' 6-max (real money) Seat #5 is the button
Seat 1: P1xel7 (22640)
Seat 2: Lagardair (34083)
Seat 3: Rose.5567850 (94823)
Seat 4: THX 1138 (21943)
Seat 5: ZePr1cE (12465)
Seat 6: jean.ol (42027)
*** ANTE/BLINDS ***
jean.ol posts ante 60
P1xel7 posts ante 60
Lagardair posts ante 60
Rose.5567850 posts ante 60
THX 1138 posts ante 60
ZePr1cE posts ante 60
jean.ol posts small blind 250
P1xel7 posts big blind 500
Dealt to P1xel7 [2s Ah]
*** PRE-FLOP *** 
Lagardair raises 500 to 1000
Rose.5567850 folds
THX 1138 folds
ZePr1cE folds
jean.ol folds
P1xel7 folds
Lagardair collected 2110 from pot
*** SUMMARY ***
Total pot 2110 | No rake
Seat 2: Lagardair won 2110


Winamax Poker - Tournament "MYSTERY KO" buyIn: 1.80€ + 0.20€ level: 6 - HandId: #3125476103917928574-69-1704311102 - Holdem no limit (60/250/500) - 2024/01/03 19:45:02 UTC
Table: 'MYSTERY KO(727706613)#0125' 6-max (real money) Seat #6 is the button
Seat 1: P1xel7 (22080)
Seat 2: Lagardair (35133)
Seat 3: Rose.5567850 (94763)
Seat 4: THX 1138 (21883)
Seat 5: ZePr1cE (12405)
Seat 6: jean.ol (41717)
*** ANTE/BLINDS ***
P1xel7 posts ante 60
Lagardair posts ante 60
Rose.5567850 posts ante 60
THX 1138 posts ante 60
ZePr1cE posts ante 60
jean.ol posts ante 60
P1xel7 posts small blind 250
Lagardair posts big blind 500
Dealt to P1xel7 [Qd 3h]
*** PRE-FLOP *** 
Rose.5567850 folds
THX 1138 raises 500 to 1000
ZePr1cE raises 11345 to 12345 and is all-in
jean.ol folds
P1xel7 folds
Lagardair folds
THX 1138 folds
ZePr1cE collected 14455 from pot
*** SUMMARY ***
Total pot 14455 | No rake
Seat 5: ZePr1cE won 14455


Winamax Poker - Tournament "MYSTERY KO" buyIn: 1.80€ + 0.20€ level: 6 - HandId: #3125476103917928574-70-1704311124 - Holdem no limit (60/250/500) - 2024/01/03 19:45:24 UTC
Table: 'MYSTERY KO(727706613)#0125' 6-max (real money) Seat #1 is the button
Seat 1: P1xel7 (21770)
Seat 2: Lagardair (34573)
Seat 3: Rose.5567850 (94703)
Seat 4: THX 1138 (20823)
Seat 5: ZePr1cE (14455)
Seat 6: jean.ol (41657)
*** ANTE/BLINDS ***
Lagardair posts ante 60
Rose.5567850 posts ante 60
P1xel7 posts ante 60
THX 1138 posts ante 60
ZePr1cE posts ante 60
jean.ol posts ante 60
Lagardair posts small blind 250
Rose.5567850 posts big blind 500
Dealt to P1xel7 [5h Jh]
*** PRE-FLOP *** 
THX 1138 folds
ZePr1cE folds
jean.ol folds
P1xel7 folds
Lagardair folds
Rose.5567850 collected 1110 from pot
*** SUMMARY ***
Total pot 1110 | No rake
Seat 3: Rose.5567850 (big blind) won 1110


Winamax Poker - Tournament "MYSTERY KO" buyIn: 1.80€ + 0.20€ level: 6 - HandId: #3125476103917928574-71-1704311142 - Holdem no limit (60/250/500) - 2024/01/03 19:45:42 UTC
Table: 'MYSTERY KO(727706613)#0125' 6-max (real money) Seat #2 is the button
Seat 1: P1xel7 (21710)
Seat 2: Lagardair (34263)
Seat 3: Rose.5567850 (95253)
Seat 4: THX 1138 (20763)
Seat 5: ZePr1cE (14395)
Seat 6: jean.ol (41597)
*** ANTE/BLINDS ***
Rose.5567850 posts ante 60
THX 1138 posts ante 60
P1xel7 posts ante 60
Lagardair posts ante 60
ZePr1cE posts ante 60
jean.ol posts ante 60
Rose.5567850 posts small blind 250
THX 1138 posts big blind 500
Dealt to P1xel7 [8d 3h]
*** PRE-FLOP *** 
ZePr1cE raises 500 to 1000
jean.ol folds
P1xel7 folds
Lagardair folds
Rose.5567850 folds
THX 1138 calls 500
*** FLOP *** [7h 5h 3s]
THX 1138 checks
ZePr1cE checks
*** TURN *** [7h 5h 3s][Js]
THX 1138 bets 1697
ZePr1cE folds
THX 1138 collected 4307 from pot
*** SUMMARY ***
Total pot 4307 | No rake
Board: [7h 5h 3s Js]
Seat 4: THX 1138 (big blind) won 4307


Winamax Poker - Tournament "MYSTERY KO" buyIn: 1.80€ + 0.20€ level: 7 - HandId: #3125476103917928574-72-1704311192 - Holdem no limit (70/300/600) - 2024/01/03 19:46:32 UTC
Table: 'MYSTERY KO(727706613)#0125' 6-max (real money) Seat #3 is the button
Seat 1: P1xel7 (21650)
Seat 2: Lagardair (34203)
Seat 3: Rose.5567850 (94943)
Seat 4: THX 1138 (22313)
Seat 5: ZePr1cE (13335)
Seat 6: jean.ol (41537)
*** ANTE/BLINDS ***
THX 1138 posts ante 70
ZePr1cE posts ante 70
P1xel7 posts ante 70
Lagardair posts ante 70
Rose.5567850 posts ante 70
jean.ol posts ante 70
THX 1138 posts small blind 300
ZePr1cE posts big blind 600
Dealt to P1xel7 [5d Tc]
*** PRE-FLOP *** 
jean.ol folds
P1xel7 folds
Lagardair folds
Rose.5567850 raises 600 to 1200
THX 1138 folds
ZePr1cE folds
Rose.5567850 collected 2520 from pot
*** SUMMARY ***
Total pot 2520 | No rake
Seat 3: Rose.5567850 (button) won 2520


Winamax Poker - Tournament "MYSTERY KO" buyIn: 1.80€ + 0.20€ level: 7 - HandId: #3125476103917928574-73-1704311221 - Holdem no limit (70/300/600) - 2024/01/03 19:47:01 UTC
Table: 'MYSTERY KO(727706613)#0125' 6-max (real money) Seat #4 is the button
Seat 1: P1xel7 (21580)
Seat 2: Lagardair (34133)
Seat 3: Rose.5567850 (96193)
Seat 4: THX 1138 (21943)
Seat 5: ZePr1cE (12665)
Seat 6: jean.ol (41467)
*** ANTE/BLINDS ***
ZePr1cE posts ante 70
jean.ol posts ante 70
P1xel7 posts ante 70
Lagardair posts ante 70
Rose.5567850 posts ante 70
THX 1138 posts ante 70
ZePr1cE posts small blind 300
jean.ol posts big blind 600
Dealt to P1xel7 [As 2s]
*** PRE-FLOP *** 
P1xel7 folds
Lagardair folds
Rose.5567850 raises 900 to 1500
THX 1138 folds
ZePr1cE raises 11095 to 12595 and is all-in
jean.ol folds
Rose.5567850 calls 11095
*** FLOP *** [7h 2c 6s]
*** TURN *** [7h 2c 6s][Jh]
*** RIVER *** [7h 2c 6s Jh][8d]
*** SHOW DOWN ***
ZePr1cE shows [Td Ad] (High card : Ace)
Rose.5567850 shows [Ac Qs] (High card : Ace)
Rose.5567850 collected 26210 from pot
*** SUMMARY ***
Total pot 26210 | No rake
Board: [7h 2c 6s Jh 8d]
Seat 3: Rose.5567850 showed [Ac Qs] and won 26210 with High card : Ace
Seat 5: ZePr1cE (small blind) showed [Td Ad] and lost with High card : Ace


Winamax Poker - Tournament "MYSTERY KO" buyIn: 1.80€ + 0.20€ level: 7 - HandId: #3125476103917928574-74-1704311292 - Holdem no limit (70/300/600) - 2024/01/03 19:48:12 UTC
Table: 'MYSTERY KO(727706613)#0125' 6-max (real money) Seat #5 is the button
Seat 1: P1xel7 (21510)
Seat 2: Lagardair (34063)
Seat 3: Rose.5567850 (109738)
Seat 4: THX 1138 (21873)
Seat 6: jean.ol (40797)
*** ANTE/BLINDS ***
jean.ol posts ante 70
P1xel7 posts ante 70
Lagardair posts ante 70
Rose.5567850 posts ante 70
THX 1138 posts ante 70
jean.ol posts small blind 300
P1xel7 posts big blind 600
Dealt to P1xel7 [Ac Tc]
*** PRE-FLOP *** 
Lagardair folds
Rose.5567850 folds
THX 1138 folds
jean.ol raises 1200 to 1800
P1xel7 calls 1200
*** FLOP *** [6d Kd 4d]
jean.ol bets 1383
P1xel7 calls 1383
*** TURN *** [6d Kd 4d][Js]
jean.ol checks
P1xel7 bets 4365
jean.ol folds
P1xel7 collected 11081 from pot
*** SUMMARY ***
Total pot 11081 | No rake
Board: [6d Kd 4d Js]
Seat 1: P1xel7 (big blind) won 11081


Winamax Poker - Tournament "MYSTERY KO" buyIn: 1.80€ + 0.20€ level: 7 - HandId: #3125476103917928574-75-1704311368 - Holdem no limit (70/300/600) - 2024/01/03 19:49:28 UTC
Table: 'MYSTERY KO(727706613)#0125' 6-max (real money) Seat #6 is the button
Seat 1: P1xel7 (24973)
Seat 2: Lagardair (33993)
Seat 3: Rose.5567850 (109668)
Seat 4: THX 1138 (21803)
Seat 5: Antonain-9- (20000)
Seat 6: jean.ol (37544)
*** ANTE/BLINDS ***
P1xel7 posts ante 70
Lagardair posts ante 70
Rose.5567850 posts ante 70
THX 1138 posts ante 70
Antonain-9- posts ante 70
jean.ol posts ante 70
P1xel7 posts small blind 300
Lagardair posts big blind 600
Dealt to P1xel7 [5h 2d]
*** PRE-FLOP *** 
Rose.5567850 folds
THX 1138 folds
Antonain-9- raises 19330 to 19930 and is all-in
jean.ol folds
P1xel7 folds
Lagardair folds
Antonain-9- collected 21250 from pot
*** SUMMARY ***
Total pot 21250 | No rake
Seat 5: Antonain-9- won 21250


Winamax Poker - Tournament "MYSTERY KO" buyIn: 1.80€ + 0.20€ level: 7 - HandId: #3125476103917928574-76-1704311394 - Holdem no limit (70/300/600) - 2024/01/03 19:49:54 UTC
Table: 'MYSTERY KO(727706613)#0125' 6-max (real money) Seat #1 is the button
Seat 1: P1xel7 (24603)
Seat 2: Lagardair (33323)
Seat 3: Rose.5567850 (109598)
Seat 4: THX 1138 (21733)
Seat 5: Antonain-9- (21250)
Seat 6: jean.ol (37474)
*** ANTE/BLINDS ***
Lagardair posts ante 70
Rose.5567850 posts ante 70
P1xel7 posts ante 70
THX 1138 posts ante 70
Antonain-9- posts ante 70
jean.ol posts ante 70
Lagardair posts small blind 300
Rose.5567850 posts big blind 600
Dealt to P1xel7 [Th Jh]
*** PRE-FLOP *** 
THX 1138 folds
Antonain-9- folds
jean.ol folds
P1xel7 raises 720 to 1320
Lagardair folds
Rose.5567850 calls 720
*** FLOP *** [8h 2c 9h]
Rose.5567850 checks
P1xel7 bets 1176
Rose.5567850 raises 3370 to 4546
P1xel7 calls 3370
*** TURN *** [8h 2c 9h][7d]
Rose.5567850 checks
P1xel7 bets 2187
Rose.5567850 calls 2187
*** RIVER *** [8h 2c 9h 7d][Jd]
Rose.5567850 checks
P1xel7 bets 5889
Rose.5567850 folds
P1xel7 collected 22715 from pot
*** SUMMARY ***
Total pot 22715 | No rake
Board: [8h 2c 9h 7d Jd]
Seat 1: P1xel7 (button) won 22715


Winamax Poker - Tournament "MYSTERY KO" buyIn: 1.80€ + 0.20€ level: 7 - HandId: #3125476103917928574-77-1704311485 - Holdem no limit (70/300/600) - 2024/01/03 19:51:25 UTC
Table: 'MYSTERY KO(727706613)#0125' 6-max (real money) Seat #2 is the button
Seat 1: P1xel7 (33306)
Seat 2: Lagardair (32953)
Seat 3: Rose.5567850 (101475)
Seat 4: THX 1138 (21663)
Seat 5: Antonain-9- (21180)
Seat 6: jean.ol (37404)
*** ANTE/BLINDS ***
Rose.5567850 posts ante 70
THX 1138 posts ante 70
P1xel7 posts ante 70
Lagardair posts ante 70
Antonain-9- posts ante 70
jean.ol posts ante 70
Rose.5567850 posts small blind 300
THX 1138 posts big blind 600
Dealt to P1xel7 [4h Th]
*** PRE-FLOP *** 
Antonain-9- folds
jean.ol folds
P1xel7 folds
Lagardair folds
Rose.5567850 calls 300
THX 1138 checks
*** FLOP *** [Qc Tc Ad]
Rose.5567850 checks
THX 1138 checks
*** TURN *** [Qc Tc Ad][7d]
Rose.5567850 bets 810
THX 1138 calls 810
*** RIVER *** [Qc Tc Ad 7d][Ks]
Rose.5567850 checks
THX 1138 bets 3240
Rose.5567850 folds
THX 1138 collected 6480 from pot
*** SUMMARY ***
Total pot 6480 | No rake
Board: [Qc Tc Ad 7d Ks]
Seat 4: THX 1138 (big blind) won 6480


Winamax Poker - Tournament "MYSTERY KO" buyIn: 1.80€ + 0.20€ level: 7 - HandId: #3125476103917928574-78-1704311534 - Holdem no limit (70/300/600) - 2024/01/03 19:52:14 UTC
Table: 'MYSTERY KO(727706613)#0125' 6-max (real money) Seat #3 is the button
Seat 1: P1xel7 (33236)
Seat 2: Lagardair (32883)
Seat 3: Rose.5567850 (99995)
Seat 4: THX 1138 (23423)
Seat 5: Antonain-9- (21110)
Seat 6: jean.ol (37334)
*** ANTE/BLINDS ***
THX 1138 posts ante 70
Antonain-9- posts ante 70
P1xel7 posts ante 70
Lagardair posts ante 70
Rose.5567850 posts ante 70
jean.ol posts ante 70
THX 1138 posts small blind 300
Antonain-9- posts big blind 600
Dealt to P1xel7 [Qd Kh]
*** PRE-FLOP *** 
jean.ol raises 600 to 1200
P1xel7 folds
Lagardair folds
Rose.5567850 folds
THX 1138 folds
Antonain-9- calls 600
*** FLOP *** [Ac 7h 2c]
Antonain-9- checks
jean.ol bets 1092
Antonain-9- calls 1092
*** TURN *** [Ac 7h 2c][4s]
Antonain-9- checks
jean.ol bets 2387
Antonain-9- calls 2387
*** RIVER *** [Ac 7h 2c 4s][Js]
Antonain-9- checks
jean.ol checks
*** SHOW DOWN ***
jean.ol shows [Jc Ks] (One pair : Jacks)
Antonain-9- shows [As 3s] (One pair : Aces)
Antonain-9- collected 10078 from pot
*** SUMMARY ***
Total pot 10078 | No rake
Board: [Ac 7h 2c 4s Js]
Seat 5: Antonain-9- (big blind) showed [As 3s] and won 10078 with One pair : Aces
Seat 6: jean.ol showed [Jc Ks] and lost with One pair : Jacks


Winamax Poker - Tournament "MYSTERY KO" buyIn: 1.80€ + 0.20€ level: 8 - HandId: #3125476103917928574-79-1704311610 - Holdem no limit (80/350/700) - 2024/01/03 19:53:30 UTC
Table: 'MYSTERY KO(727706613)#0125' 6-max (real money) Seat #4 is the button
Seat 1: P1xel7 (33166)
Seat 2: Lagardair (32813)
Seat 3: Rose.5567850 (99925)
Seat 4: THX 1138 (23053)
Seat 5: Antonain-9- (26439)
Seat 6: jean.ol (32585)
*** ANTE/BLINDS ***
Antonain-9- posts ante 80
jean.ol posts ante 80
P1xel7 posts ante 80
Lagardair posts ante 80
Rose.5567850 posts ante 80
THX 1138 posts ante 80
Antonain-9- posts small blind 350
jean.ol posts big blind 700
Dealt to P1xel7 [Td Js]
*** PRE-FLOP *** 
P1xel7 folds
Lagardair raises 700 to 1400
Rose.5567850 folds
THX 1138 folds
Antonain-9- calls 1050
jean.ol calls 700
*** FLOP *** [3h Kd Ah]
Antonain-9- checks
jean.ol checks
Lagardair bets 2340
Antonain-9- folds
jean.ol folds
Lagardair collected 7020 from pot
*** SUMMARY ***
Total pot 7020 | No rake
Board: [3h Kd Ah]
Seat 2: Lagardair won 7020


Winamax Poker - Tournament "MYSTERY KO" buyIn: 1.80€ + 0.20€ level: 8 - HandId: #3125476103917928574-80-1704311666 - Holdem no limit (80/350/700) - 2024/01/03 19:54:26 UTC
Table: 'MYSTERY KO(727706613)#0125' 6-max (real money) Seat #5 is the button
Seat 1: P1xel7 (33086)
Seat 2: Lagardair (36013)
Seat 3: Rose.5567850 (99845)
Seat 4: THX 1138 (22973)
Seat 5: Antonain-9- (24959)
Seat 6: jean.ol (31105)
*** ANTE/BLINDS ***
jean.ol posts ante 80
P1xel7 posts ante 80
Lagardair posts ante 80
Rose.5567850 posts ante 80
THX 1138 posts ante 80
Antonain-9- posts ante 80
jean.ol posts small blind 350
P1xel7 posts big blind 700
Dealt to P1xel7 [7s 2d]
*** PRE-FLOP *** 
Lagardair raises 700 to 1400
Rose.5567850 folds
THX 1138 folds
Antonain-9- raises 1050 to 2450
jean.ol folds
P1xel7 folds
Lagardair calls 1050
*** FLOP *** [As 5d Kc]
Lagardair checks
Antonain-9- checks
*** TURN *** [As 5d Kc][Th]
Lagardair bets 1608
Antonain-9- calls 1608
*** RIVER *** [As 5d Kc Th][8d]
Lagardair bets 3376
Antonain-9- raises 17445 to 20821 and is all-in
Lagardair folds
Antonain-9- collected 33843 from pot
*** SUMMARY ***
Total pot 33843 | No rake
Board: [As 5d Kc Th 8d]
Seat 5: Antonain-9- (button) won 33843


Winamax Poker - Tournament "MYSTERY KO" buyIn: 1.80€ + 0.20€ level: 8 - HandId: #3125476103917928574-81-1704312061 - Holdem no limit (80/350/700) - 2024/01/03 20:01:01 UTC
Table: 'MYSTERY KO(727706613)#0125' 6-max (real money) Seat #6 is the button
Seat 1: P1xel7 (32306)
Seat 2: Lagardair (28499)
Seat 3: Rose.5567850 (99765)
Seat 4: THX 1138 (22893)
Seat 5: Antonain-9- (33843)
Seat 6: jean.ol (30675)
*** ANTE/BLINDS ***
P1xel7 posts ante 80
Lagardair posts ante 80
Rose.5567850 posts ante 80
THX 1138 posts ante 80
Antonain-9- posts ante 80
jean.ol posts ante 80
P1xel7 posts small blind 350
Lagardair posts big blind 700
Dealt to P1xel7 [Ah 8s]
*** PRE-FLOP *** 
Rose.5567850 folds
THX 1138 raises 700 to 1400
Antonain-9- folds
jean.ol folds
P1xel7 calls 1050
Lagardair folds
*** FLOP *** [Qc 2d 3d]
P1xel7 checks
THX 1138 bets 1330
P1xel7 calls 1330
*** TURN *** [Qc 2d 3d][Ks]
P1xel7 checks
THX 1138 bets 4316
P1xel7 folds
THX 1138 collected 10956 from pot
*** SUMMARY ***
Total pot 10956 | No rake
Board: [Qc 2d 3d Ks]
Seat 4: THX 1138 won 10956


Winamax Poker - Tournament "MYSTERY KO" buyIn: 1.80€ + 0.20€ level: 8 - HandId: #3125476103917928574-82-1704312132 - Holdem no limit (80/350/700) - 2024/01/03 20:02:12 UTC
Table: 'MYSTERY KO(727706613)#0125' 6-max (real money) Seat #1 is the button
Seat 1: P1xel7 (29496)
Seat 2: Lagardair (27719)
Seat 3: Rose.5567850 (99685)
Seat 4: THX 1138 (26723)
Seat 5: Antonain-9- (33763)
Seat 6: jean.ol (30595)
*** ANTE/BLINDS ***
Lagardair posts ante 80
Rose.5567850 posts ante 80
P1xel7 posts ante 80
THX 1138 posts ante 80
Antonain-9- posts ante 80
jean.ol posts ante 80
Lagardair posts small blind 350
Rose.5567850 posts big blind 700
Dealt to P1xel7 [5s Js]
*** PRE-FLOP *** 
THX 1138 folds
Antonain-9- calls 700
jean.ol folds
P1xel7 folds
Lagardair folds
Rose.5567850 checks
*** FLOP *** [9c Kd 7s]
Rose.5567850 checks
Antonain-9- bets 1750
Rose.5567850 folds
Antonain-9- collected 3980 from pot
*** SUMMARY ***
Total pot 3980 | No rake
Board: [9c Kd 7s]
Seat 5: Antonain-9- won 3980


Winamax Poker - Tournament "MYSTERY KO" buyIn: 1.80€ + 0.20€ level: 8 - HandId: #3125476103917928574-83-1704312167 - Holdem no limit (80/350/700) - 2024/01/03 20:02:47 UTC
Table: 'MYSTERY KO(727706613)#0125' 6-max (real money) Seat #2 is the button
Seat 1: P1xel7 (29416)
Seat 2: Lagardair (27289)
Seat 3: Rose.5567850 (98905)
Seat 4: THX 1138 (26643)
Seat 5: Antonain-9- (35213)
Seat 6: jean.ol (30515)
*** ANTE/BLINDS ***
Rose.5567850 posts ante 80
THX 1138 posts ante 80
P1xel7 posts ante 80
Lagardair posts ante 80
Antonain-9- posts ante 80
jean.ol posts ante 80
Rose.5567850 posts small blind 350
THX 1138 posts big blind 700
Dealt to P1xel7 [9c 3s]
*** PRE-FLOP *** 
Antonain-9- folds
jean.ol folds
P1xel7 folds
Lagardair folds
Rose.5567850 calls 350
THX 1138 checks
*** FLOP *** [6c Qd 7h]
Rose.5567850 checks
THX 1138 bets 940
Rose.5567850 raises 2820 to 3760
THX 1138 calls 2820
*** TURN *** [6c Qd 7h][7s]
Rose.5567850 checks
THX 1138 bets 4700
Rose.5567850 calls 4700
*** RIVER *** [6c Qd 7h 7s][7c]
Rose.5567850 checks
THX 1138 bets 17403 and is all-in
Rose.5567850 calls 17403
*** SHOW DOWN ***
THX 1138 shows [5s 3h] (Trips of 7)
Rose.5567850 shows [3d Qh] (Full of 7 and Queens)
Rose.5567850 collected 53606 from pot
*** SUMMARY ***
Total pot 53606 | No rake
Board: [6c Qd 7h 7s 7c]
Seat 3: Rose.5567850 (small blind) showed [3d Qh] and won 53606 with Full of 7 and Queens
Seat 4: THX 1138 (big blind) showed [5s 3h] and lost with Trips of 7


Winamax Poker - Tournament "MYSTERY KO" buyIn: 1.80€ + 0.20€ level: 8 - HandId: #3125476103917928574-84-1704312251 - Holdem no limit (80/350/700) - 2024/01/03 20:04:11 UTC
Table: 'MYSTERY KO(727706613)#0125' 6-max (real money) Seat #3 is the button
Seat 1: P1xel7 (29336)
Seat 2: Lagardair (27209)
Seat 3: Rose.5567850 (125868)
Seat 5: Antonain-9- (35133)
Seat 6: jean.ol (30435)
*** ANTE/BLINDS ***
Antonain-9- posts ante 80
P1xel7 posts ante 80
Lagardair posts ante 80
Rose.5567850 posts ante 80
jean.ol posts ante 80
Antonain-9- posts big blind 700
Dealt to P1xel7 [Kd 5d]
*** PRE-FLOP *** 
jean.ol raises 700 to 1400
P1xel7 folds
Lagardair folds
Rose.5567850 calls 1400
Antonain-9- folds
*** FLOP *** [Ks Ah 7h]
jean.ol checks
Rose.5567850 bets 1287
jean.ol calls 1287
*** TURN *** [Ks Ah 7h][3h]
jean.ol checks
Rose.5567850 checks
*** RIVER *** [Ks Ah 7h 3h][7s]
jean.ol bets 2266
Rose.5567850 calls 2266
*** SHOW DOWN ***
Rose.5567850 shows [Qc Jc] (One pair : 7)
jean.ol shows [Td Kh] (Two pairs : Kings and 7)
jean.ol collected 11006 from pot
*** SUMMARY ***
Total pot 11006 | No rake
Board: [Ks Ah 7h 3h 7s]
Seat 3: Rose.5567850 (button) showed [Qc Jc] and lost with One pair : 7
Seat 6: jean.ol showed [Td Kh] and won 11006 with Two pairs : Kings and 7


Winamax Poker - Tournament "MYSTERY KO" buyIn: 1.80€ + 0.20€ level: 8 - HandId: #3125476103917928574-85-1704312357 - Holdem no limit (80/350/700) - 2024/01/03 20:05:57 UTC
Table: 'MYSTERY KO(727706613)#0125' 6-max (real money) Seat #4 is the button
Seat 1: P1xel7 (29256)
Seat 2: Lagardair (27129)
Seat 3: Rose.5567850 (120835)
Seat 4: JP Rouve (20000)
Seat 5: Antonain-9- (34353)
Seat 6: jean.ol (36408)
*** ANTE/BLINDS ***
Antonain-9- posts ante 80
jean.ol posts ante 80
P1xel7 posts ante 80
Lagardair posts ante 80
Rose.5567850 posts ante 80
Antonain-9- posts small blind 350
jean.ol posts big blind 700
Dealt to P1xel7 [5s Qc]
*** PRE-FLOP *** 
P1xel7 folds
Lagardair folds
Rose.5567850 folds
Antonain-9- folds
jean.ol collected 1450 from pot
*** SUMMARY ***
Total pot 1450 | No rake
Seat 6: jean.ol (big blind) won 1450


Winamax Poker - Tournament "MYSTERY KO" buyIn: 1.80€ + 0.20€ level: 9 - HandId: #3125476103917928574-86-1704312374 - Holdem no limit (100/400/800) - 2024/01/03 20:06:14 UTC
Table: 'MYSTERY KO(727706613)#0125' 6-max (real money) Seat #5 is the button
Seat 1: P1xel7 (29176)
Seat 2: Lagardair (27049)
Seat 3: Rose.5567850 (120755)
Seat 4: JP Rouve (20000)
Seat 5: Antonain-9- (33923)
Seat 6: jean.ol (37078)
*** ANTE/BLINDS ***
jean.ol posts ante 100
P1xel7 posts ante 100
Lagardair posts ante 100
Rose.5567850 posts ante 100
JP Rouve posts ante 100
Antonain-9- posts ante 100
jean.ol posts small blind 400
P1xel7 posts big blind 800
Dealt to P1xel7 [Ac Ks]
*** PRE-FLOP *** 
Lagardair folds
Rose.5567850 folds
JP Rouve folds
Antonain-9- folds
jean.ol raises 1600 to 2400
P1xel7 raises 4800 to 7200
jean.ol folds
P1xel7 collected 10200 from pot
*** SUMMARY ***
Total pot 10200 | No rake
Seat 1: P1xel7 (big blind) won 10200


Winamax Poker - Tournament "MYSTERY KO" buyIn: 1.80€ + 0.20€ level: 9 - HandId: #3125476103917928574-87-1704312412 - Holdem no limit (100/400/800) - 2024/01/03 20:06:52 UTC
Table: 'MYSTERY KO(727706613)#0125' 6-max (real money) Seat #6 is the button
Seat 1: P1xel7 (32076)
Seat 2: Lagardair (26949)
Seat 3: Rose.5567850 (120655)
Seat 4: JP Rouve (19900)
Seat 5: Antonain-9- (33823)
Seat 6: jean.ol (34578)
*** ANTE/BLINDS ***
P1xel7 posts ante 100
Lagardair posts ante 100
Rose.5567850 posts ante 100
JP Rouve posts ante 100
Antonain-9- posts ante 100
jean.ol posts ante 100
P1xel7 posts small blind 400
Lagardair posts big blind 800
Dealt to P1xel7 [Qs 8h]
*** PRE-FLOP *** 
Rose.5567850 folds
JP Rouve folds
Antonain-9- folds
jean.ol folds
P1xel7 folds
Lagardair collected 1800 from pot
*** SUMMARY ***
Total pot 1800 | No rake
Seat 2: Lagardair (big blind) won 1800


Winamax Poker - Tournament "MYSTERY KO" buyIn: 1.80€ + 0.20€ level: 9 - HandId: #3125476103917928574-88-1704312428 - Holdem no limit (100/400/800) - 2024/01/03 20:07:08 UTC
Table: 'MYSTERY KO(727706613)#0125' 6-max (real money) Seat #1 is the button
Seat 1: P1xel7 (31576)
Seat 2: Lagardair (27849)
Seat 3: Rose.5567850 (120555)
Seat 4: JP Rouve (19800)
Seat 5: Antonain-9- (33723)
Seat 6: jean.ol (34478)
*** ANTE/BLINDS ***
Lagardair posts ante 100
Rose.5567850 posts ante 100
P1xel7 posts ante 100
JP Rouve posts ante 100
Antonain-9- posts ante 100
jean.ol posts ante 100
Lagardair posts small blind 400
Rose.5567850 posts big blind 800
Dealt to P1xel7 [5s 6c]
*** PRE-FLOP *** 
JP Rouve raises 1000 to 1800
Antonain-9- calls 1800
jean.ol folds
P1xel7 folds
Lagardair raises 25949 to 27749 and is all-in
Rose.5567850 folds
JP Rouve calls 17900 and is all-in
Antonain-9- folds
*** FLOP *** [Jd Qc 9c]
*** TURN *** [Jd Qc 9c][6s]
*** RIVER *** [Jd Qc 9c 6s][4s]
*** SHOW DOWN ***
Lagardair shows [7d 7s] (One pair : 7)
JP Rouve shows [9d Kd] (One pair : 9)
JP Rouve collected 42600 from main pot
Lagardair collected 8049 from side pot 1
*** SUMMARY ***
Total pot 50649 | No rake
Board: [Jd Qc 9c 6s 4s]
Seat 2: Lagardair (small blind) showed [7d 7s] and won 8049 with One pair : 7
Seat 4: JP Rouve showed [9d Kd] and won 42600 with One pair : 9


Winamax Poker - Tournament "MYSTERY KO" buyIn: 1.80€ + 0.20€ level: 9 - HandId: #3125476103917928574-89-1704312455 - Holdem no limit (100/400/800) - 2024/01/03 20:07:35 UTC
Table: 'MYSTERY KO(727706613)#0125' 6-max (real money) Seat #2 is the button
Seat 1: P1xel7 (31476)
Seat 2: Lagardair (8049)
Seat 3: Rose.5567850 (119655)
Seat 4: JP Rouve (42600)
Seat 5: Antonain-9- (31823)
Seat 6: jean.ol (34378)
*** ANTE/BLINDS ***
Rose.5567850 posts ante 100
JP Rouve posts ante 100
P1xel7 posts ante 100
Lagardair posts ante 100
Antonain-9- posts ante 100
jean.ol posts ante 100
Rose.5567850 posts small blind 400
JP Rouve posts big blind 800
Dealt to P1xel7 [7s 6c]
*** PRE-FLOP *** 
Antonain-9- folds
jean.ol folds
P1xel7 folds
Lagardair raises 7149 to 7949 and is all-in
Rose.5567850 folds
JP Rouve folds
Lagardair collected 9749 from pot
*** SUMMARY ***
Total pot 9749 | No rake
Seat 2: Lagardair (button) won 9749


Winamax Poker - Tournament "MYSTERY KO" buyIn: 1.80€ + 0.20€ level: 9 - HandId: #3125476103917928574-90-1704312467 - Holdem no limit (100/400/800) - 2024/01/03 20:07:47 UTC
Table: 'MYSTERY KO(727706613)#0125' 6-max (real money) Seat #3 is the button
Seat 1: P1xel7 (31376)
Seat 2: Lagardair (9749)
Seat 3: Rose.5567850 (119155)
Seat 4: JP Rouve (41700)
Seat 5: Antonain-9- (31723)
Seat 6: jean.ol (34278)
*** ANTE/BLINDS ***
JP Rouve posts ante 100
Antonain-9- posts ante 100
P1xel7 posts ante 100
Lagardair posts ante 100
Rose.5567850 posts ante 100
jean.ol posts ante 100
JP Rouve posts small blind 400
Antonain-9- posts big blind 800
Dealt to P1xel7 [Th 6d]
*** PRE-FLOP *** 
jean.ol folds
P1xel7 folds
Lagardair folds
Rose.5567850 raises 800 to 1600
JP Rouve folds
Antonain-9- calls 800
*** FLOP *** [5c Ah Kh]
Antonain-9- checks
Rose.5567850 bets 2100
Antonain-9- calls 2100
*** TURN *** [5c Ah Kh][2c]
Antonain-9- checks
Rose.5567850 checks
*** RIVER *** [5c Ah Kh 2c][5s]
Antonain-9- bets 5460
Rose.5567850 calls 5460
*** SHOW DOWN ***
Rose.5567850 shows [Ks Jc] (Two pairs : Kings and 5)
Antonain-9- shows [6s Ad] (Two pairs : Aces and 5)
Antonain-9- collected 19320 from pot
*** SUMMARY ***
Total pot 19320 | No rake
Board: [5c Ah Kh 2c 5s]
Seat 3: Rose.5567850 (button) showed [Ks Jc] and lost with Two pairs : Kings and 5
Seat 5: Antonain-9- (big blind) showed [6s Ad] and won 19320 with Two pairs : Aces and 5


Winamax Poker - Tournament "MYSTERY KO" buyIn: 1.80€ + 0.20€ level: 9 - HandId: #3125476103917928574-91-1704312501 - Holdem no limit (100/400/800) - 2024/01/03 20:08:21 UTC
Table: 'MYSTERY KO(727706613)#0125' 6-max (real money) Seat #4 is the button
Seat 1: P1xel7 (31276)
Seat 2: Lagardair (9649)
Seat 3: Rose.5567850 (109895)
Seat 4: JP Rouve (41200)
Seat 5: Antonain-9- (41783)
Seat 6: jean.ol (34178)
*** ANTE/BLINDS ***
Antonain-9- posts ante 100
jean.ol posts ante 100
P1xel7 posts ante 100
Lagardair posts ante 100
Rose.5567850 posts ante 100
JP Rouve posts ante 100
Antonain-9- posts small blind 400
jean.ol posts big blind 800
Dealt to P1xel7 [4s Tc]
*** PRE-FLOP *** 
P1xel7 folds
Lagardair folds
Rose.5567850 folds
JP Rouve folds
Antonain-9- raises 40883 to 41683 and is all-in
jean.ol folds
Antonain-9- collected 43083 from pot
*** SUMMARY ***
Total pot 43083 | No rake
Seat 5: Antonain-9- (small blind) won 43083


Winamax Poker - Tournament "MYSTERY KO" buyIn: 1.80€ + 0.20€ level: 9 - HandId: #3125476103917928574-92-1704312527 - Holdem no limit (100/400/800) - 2024/01/03 20:08:47 UTC
Table: 'MYSTERY KO(727706613)#0125' 6-max (real money) Seat #5 is the button
Seat 1: P1xel7 (31176)
Seat 2: Lagardair (9549)
Seat 3: Rose.5567850 (109795)
Seat 4: JP Rouve (41100)
Seat 5: Antonain-9- (43083)
Seat 6: jean.ol (33278)
*** ANTE/BLINDS ***
jean.ol posts ante 100
P1xel7 posts ante 100
Lagardair posts ante 100
Rose.5567850 posts ante 100
JP Rouve posts ante 100
Antonain-9- posts ante 100
jean.ol posts small blind 400
P1xel7 posts big blind 800
Dealt to P1xel7 [9h 3d]
*** PRE-FLOP *** 
Lagardair folds
Rose.5567850 folds
JP Rouve folds
Antonain-9- folds
jean.ol raises 1600 to 2400
P1xel7 folds
jean.ol collected 3800 from pot
*** SUMMARY ***
Total pot 3800 | No rake
Seat 6: jean.ol (small blind) won 3800


Winamax Poker - Tournament "MYSTERY KO" buyIn: 1.80€ + 0.20€ level: 9 - HandId: #3125476103917928574-93-1704312561 - Holdem no limit (100/400/800) - 2024/01/03 20:09:21 UTC
Table: 'MYSTERY KO(727706613)#0125' 6-max (real money) Seat #6 is the button
Seat 1: P1xel7 (30276)
Seat 2: Lagardair (9449)
Seat 3: Rose.5567850 (109695)
Seat 4: JP Rouve (41000)
Seat 5: Antonain-9- (42983)
Seat 6: jean.ol (34578)
*** ANTE/BLINDS ***
P1xel7 posts ante 100
Lagardair posts ante 100
Rose.5567850 posts ante 100
JP Rouve posts ante 100
Antonain-9- posts ante 100
jean.ol posts ante 100
P1xel7 posts small blind 400
Lagardair posts big blind 800
Dealt to P1xel7 [5s 2d]
*** PRE-FLOP *** 
Rose.5567850 folds
JP Rouve folds
Antonain-9- folds
jean.ol folds
P1xel7 folds
Lagardair collected 1800 from pot
*** SUMMARY ***
Total pot 1800 | No rake
Seat 2: Lagardair (big blind) won 1800


Winamax Poker - Tournament "MYSTERY KO" buyIn: 1.80€ + 0.20€ level: 9 - HandId: #3125476103917928574-94-1704312577 - Holdem no limit (100/400/800) - 2024/01/03 20:09:37 UTC
Table: 'MYSTERY KO(727706613)#0125' 6-max (real money) Seat #1 is the button
Seat 1: P1xel7 (29776)
Seat 2: Lagardair (10349)
Seat 3: Rose.5567850 (109595)
Seat 4: JP Rouve (40900)
Seat 5: Antonain-9- (42883)
Seat 6: jean.ol (34478)
*** ANTE/BLINDS ***
Lagardair posts ante 100
Rose.5567850 posts ante 100
P1xel7 posts ante 100
JP Rouve posts ante 100
Antonain-9- posts ante 100
jean.ol posts ante 100
Lagardair posts small blind 400
Rose.5567850 posts big blind 800
Dealt to P1xel7 [2d 9h]
*** PRE-FLOP *** 
JP Rouve folds
Antonain-9- folds
jean.ol raises 800 to 1600
P1xel7 folds
Lagardair raises 8649 to 10249 and is all-in
Rose.5567850 folds
jean.ol folds
Lagardair collected 13249 from pot
*** SUMMARY ***
Total pot 13249 | No rake
Seat 2: Lagardair (small blind) won 13249


Winamax Poker - Tournament "MYSTERY KO" buyIn: 1.80€ + 0.20€ level: 9 - HandId: #3125476103917928574-95-1704312609 - Holdem no limit (100/400/800) - 2024/01/03 20:10:09 UTC
Table: 'MYSTERY KO(727706613)#0125' 6-max (real money) Seat #2 is the button
Seat 1: P1xel7 (29676)
Seat 2: Lagardair (13249)
Seat 3: Rose.5567850 (108695)
Seat 4: JP Rouve (40800)
Seat 5: Antonain-9- (42783)
Seat 6: jean.ol (32778)
*** ANTE/BLINDS ***
Rose.5567850 posts ante 100
JP Rouve posts ante 100
P1xel7 posts ante 100
Lagardair posts ante 100
Antonain-9- posts ante 100
jean.ol posts ante 100
Rose.5567850 posts small blind 400
JP Rouve posts big blind 800
Dealt to P1xel7 [Qs Qh]
*** PRE-FLOP *** 
Antonain-9- folds
jean.ol folds
P1xel7 raises 1200 to 2000
Lagardair folds
Rose.5567850 calls 1600
JP Rouve folds
*** FLOP *** [Th 8d Ad]
Rose.5567850 checks
P1xel7 bets 1890
Rose.5567850 folds
P1xel7 collected 7290 from pot
*** SUMMARY ***
Total pot 7290 | No rake
Board: [Th 8d Ad]
Seat 1: P1xel7 won 7290


Winamax Poker - Tournament "MYSTERY KO" buyIn: 1.80€ + 0.20€ level: 9 - HandId: #3125476103917928574-96-1704312655 - Holdem no limit (100/400/800) - 2024/01/03 20:10:55 UTC
Table: 'MYSTERY KO(727706613)#0125' 6-max (real money) Seat #3 is the button
Seat 1: P1xel7 (32976)
Seat 2: Lagardair (13149)
Seat 3: Rose.5567850 (106595)
Seat 4: JP Rouve (39900)
Seat 5: Antonain-9- (42683)
Seat 6: jean.ol (32678)
*** ANTE/BLINDS ***
JP Rouve posts ante 100
Antonain-9- posts ante 100
P1xel7 posts ante 100
Lagardair posts ante 100
Rose.5567850 posts ante 100
jean.ol posts ante 100
JP Rouve posts small blind 400
Antonain-9- posts big blind 800
Dealt to P1xel7 [8h Ks]
*** PRE-FLOP *** 
jean.ol raises 800 to 1600
P1xel7 folds
Lagardair folds
Rose.5567850 folds
JP Rouve folds
Antonain-9- calls 800
*** FLOP *** [Kc 5h 7d]
Antonain-9- checks
jean.ol bets 1470
Antonain-9- calls 1470
*** TURN *** [Kc 5h 7d][Qd]
Antonain-9- checks
jean.ol checks
*** RIVER *** [Kc 5h 7d Qd][3c]
Antonain-9- bets 1200
jean.ol calls 1200
*** SHOW DOWN ***
jean.ol shows [Ah 8c] (High card : Ace)
Antonain-9- shows [7h 9d] (One pair : 7)
Antonain-9- collected 9540 from pot
*** SUMMARY ***
Total pot 9540 | No rake
Board: [Kc 5h 7d Qd 3c]
Seat 5: Antonain-9- (big blind) showed [7h 9d] and won 9540 with One pair : 7
Seat 6: jean.ol showed [Ah 8c] and lost with High card : Ace


Winamax Poker - Tournament "MYSTERY KO" buyIn: 1.80€ + 0.20€ level: 9 - HandId: #3125476103917928574-97-1704312720 - Holdem no limit (100/400/800) - 2024/01/03 20:12:00 UTC
Table: 'MYSTERY KO(727706613)#0125' 6-max (real money) Seat #4 is the button
Seat 1: P1xel7 (32876)
Seat 2: Lagardair (13049)
Seat 3: Rose.5567850 (106495)
Seat 4: JP Rouve (39400)
Seat 5: Antonain-9- (47853)
Seat 6: jean.ol (28308)
*** ANTE/BLINDS ***
Antonain-9- posts ante 100
jean.ol posts ante 100
P1xel7 posts ante 100
Lagardair posts ante 100
Rose.5567850 posts ante 100
JP Rouve posts ante 100
Antonain-9- posts small blind 400
jean.ol posts big blind 800
Dealt to P1xel7 [6d 6h]
*** PRE-FLOP *** 
P1xel7 raises 800 to 1600
Lagardair raises 11349 to 12949 and is all-in
Rose.5567850 folds
JP Rouve folds
Antonain-9- calls 12549
jean.ol folds
P1xel7 folds
*** FLOP *** [9c 2d Ts]
*** TURN *** [9c 2d Ts][6s]
*** RIVER *** [9c 2d Ts 6s][3c]
*** SHOW DOWN ***
Lagardair shows [Kc As] (High card : Ace)
Antonain-9- shows [8h 8d] (One pair : 8)
Antonain-9- collected 28898 from pot
*** SUMMARY ***
Total pot 28898 | No rake
Board: [9c 2d Ts 6s 3c]
Seat 2: Lagardair showed [Kc As] and lost with High card : Ace
Seat 5: Antonain-9- (small blind) showed [8h 8d] and won 28898 with One pair : 8


Winamax Poker - Tournament "MYSTERY KO" buyIn: 1.80€ + 0.20€ level: 9 - HandId: #3125476103917928574-98-1704312750 - Holdem no limit (100/400/800) - 2024/01/03 20:12:30 UTC
Table: 'MYSTERY KO(727706613)#0125' 6-max (real money) Seat #5 is the button
Seat 1: P1xel7 (31176)
Seat 3: Rose.5567850 (106395)
Seat 4: JP Rouve (39300)
Seat 5: Antonain-9- (63702)
Seat 6: jean.ol (27408)
*** ANTE/BLINDS ***
jean.ol posts ante 100
P1xel7 posts ante 100
Rose.5567850 posts ante 100
JP Rouve posts ante 100
Antonain-9- posts ante 100
jean.ol posts small blind 400
P1xel7 posts big blind 800
Dealt to P1xel7 [Kc 3c]
*** PRE-FLOP *** 
Rose.5567850 folds
JP Rouve folds
Antonain-9- folds
jean.ol raises 1600 to 2400
P1xel7 folds
jean.ol collected 3700 from pot
*** SUMMARY ***
Total pot 3700 | No rake
Seat 6: jean.ol (small blind) won 3700


Winamax Poker - Tournament "MYSTERY KO" buyIn: 1.80€ + 0.20€ level: 10 - HandId: #3125476103917928574-99-1704312789 - Holdem no limit (120/500/1000) - 2024/01/03 20:13:09 UTC
Table: 'MYSTERY KO(727706613)#0125' 6-max (real money) Seat #6 is the button
Seat 1: P1xel7 (30276)
Seat 3: Rose.5567850 (106295)
Seat 4: JP Rouve (39200)
Seat 5: Antonain-9- (63602)
Seat 6: jean.ol (28608)
*** ANTE/BLINDS ***
P1xel7 posts ante 120
Rose.5567850 posts ante 120
JP Rouve posts ante 120
Antonain-9- posts ante 120
jean.ol posts ante 120
P1xel7 posts small blind 500
Rose.5567850 posts big blind 1000
Dealt to P1xel7 [9c 8h]
*** PRE-FLOP *** 
JP Rouve folds
Antonain-9- raises 1000 to 2000
jean.ol folds
P1xel7 folds
Rose.5567850 calls 1000
*** FLOP *** [3s 9d Td]
Rose.5567850 checks
Antonain-9- bets 2000
Rose.5567850 calls 2000
*** TURN *** [3s 9d Td][5d]
Rose.5567850 checks
Antonain-9- bets 2000
Rose.5567850 raises 5550 to 7550
Antonain-9- calls 5550
*** RIVER *** [3s 9d Td 5d][7c]
Rose.5567850 checks
Antonain-9- bets 15730
Rose.5567850 folds
Antonain-9- collected 39930 from pot
*** SUMMARY ***
Total pot 39930 | No rake
Board: [3s 9d Td 5d 7c]
Seat 5: Antonain-9- won 39930


Winamax Poker - Tournament "MYSTERY KO" buyIn: 1.80€ + 0.20€ level: 10 - HandId: #3125476103917928574-100-1704312843 - Holdem no limit (120/500/1000) - 2024/01/03 20:14:03 UTC
Table: 'MYSTERY KO(727706613)#0125' 6-max (real money) Seat #1 is the button
Seat 1: P1xel7 (29656)
Seat 2: loli1992 (20000)
Seat 3: Rose.5567850 (94625)
Seat 4: JP Rouve (39080)
Seat 5: Antonain-9- (76132)
Seat 6: jean.ol (28488)
*** ANTE/BLINDS ***
Rose.5567850 posts ante 120
JP Rouve posts ante 120
P1xel7 posts ante 120
Antonain-9- posts ante 120
jean.ol posts ante 120
Rose.5567850 posts small blind 500
JP Rouve posts big blind 1000
Dealt to P1xel7 [Jd 6s]
*** PRE-FLOP *** 
Antonain-9- calls 1000
jean.ol folds
P1xel7 folds
Rose.5567850 raises 3500 to 4500
JP Rouve folds
Antonain-9- folds
Rose.5567850 collected 7100 from pot
*** SUMMARY ***
Total pot 7100 | No rake
Seat 3: Rose.5567850 (small blind) won 7100


Winamax Poker - Tournament "MYSTERY KO" buyIn: 1.80€ + 0.20€ level: 10 - HandId: #3125476103917928574-101-1704312875 - Holdem no limit (120/500/1000) - 2024/01/03 20:14:35 UTC
Table: 'MYSTERY KO(727706613)#0125' 6-max (real money) Seat #3 is the button
Seat 1: P1xel7 (29536)
Seat 2: loli1992 (20000)
Seat 3: Rose.5567850 (97105)
Seat 4: JP Rouve (37960)
Seat 5: Antonain-9- (75012)
Seat 6: jean.ol (28368)
*** ANTE/BLINDS ***
JP Rouve posts ante 120
Antonain-9- posts ante 120
P1xel7 posts ante 120
loli1992 posts ante 120
Rose.5567850 posts ante 120
jean.ol posts ante 120
JP Rouve posts small blind 500
Antonain-9- posts big blind 1000
Dealt to P1xel7 [4s Qd]
*** PRE-FLOP *** 
jean.ol raises 1000 to 2000
P1xel7 folds
loli1992 folds
Rose.5567850 folds
JP Rouve folds
Antonain-9- calls 1000
*** FLOP *** [As Kh 2c]
Antonain-9- checks
jean.ol checks
*** TURN *** [As Kh 2c][7c]
Antonain-9- checks
jean.ol bets 1827
Antonain-9- folds
jean.ol collected 7047 from pot
*** SUMMARY ***
Total pot 7047 | No rake
Board: [As Kh 2c 7c]
Seat 6: jean.ol won 7047


Winamax Poker - Tournament "MYSTERY KO" buyIn: 1.80€ + 0.20€ level: 10 - HandId: #3125476103917928574-102-1704312932 - Holdem no limit (120/500/1000) - 2024/01/03 20:15:32 UTC
Table: 'MYSTERY KO(727706613)#0125' 6-max (real money) Seat #4 is the button
Seat 1: P1xel7 (29416)
Seat 2: loli1992 (19880)
Seat 3: Rose.5567850 (96985)
Seat 4: JP Rouve (37340)
Seat 5: Antonain-9- (72892)
Seat 6: jean.ol (31468)
*** ANTE/BLINDS ***
Antonain-9- posts ante 120
jean.ol posts ante 120
P1xel7 posts ante 120
loli1992 posts ante 120
Rose.5567850 posts ante 120
JP Rouve posts ante 120
Antonain-9- posts small blind 500
jean.ol posts big blind 1000
Dealt to P1xel7 [Ah 3d]
*** PRE-FLOP *** 
P1xel7 folds
loli1992 folds
Rose.5567850 raises 1000 to 2000
JP Rouve calls 2000
Antonain-9- calls 1500
jean.ol folds
*** FLOP *** [Jd Td As]
Antonain-9- checks
Rose.5567850 bets 3860
JP Rouve calls 3860
Antonain-9- calls 3860
*** TURN *** [Jd Td As][4c]
Antonain-9- checks
Rose.5567850 checks
JP Rouve checks
*** RIVER *** [Jd Td As 4c][4h]
Antonain-9- checks
Rose.5567850 checks
JP Rouve checks
*** SHOW DOWN ***
Rose.5567850 shows [Qd Th] (Two pairs : Tens and 4)
Antonain-9- shows [Tc Kd] (Two pairs : Tens and 4)
JP Rouve shows [Kc Kh] (Two pairs : Kings and 4)
JP Rouve collected 19300 from pot
*** SUMMARY ***
Total pot 19300 | No rake
Board: [Jd Td As 4c 4h]
Seat 3: Rose.5567850 showed [Qd Th] and lost with Two pairs : Tens and 4
Seat 4: JP Rouve (button) showed [Kc Kh] and won 19300 with Two pairs : Kings and 4
Seat 5: Antonain-9- (small blind) showed [Tc Kd] and lost with Two pairs : Tens and 4


Winamax Poker - Tournament "MYSTERY KO" buyIn: 1.80€ + 0.20€ level: 10 - HandId: #3125476103917928574-103-1704313012 - Holdem no limit (120/500/1000) - 2024/01/03 20:16:52 UTC
Table: 'MYSTERY KO(727706613)#0125' 6-max (real money) Seat #5 is the button
Seat 1: P1xel7 (29296)
Seat 2: loli1992 (19760)
Seat 3: Rose.5567850 (91005)
Seat 4: JP Rouve (50660)
Seat 5: Antonain-9- (66912)
Seat 6: jean.ol (30348)
*** ANTE/BLINDS ***
jean.ol posts ante 120
P1xel7 posts ante 120
loli1992 posts ante 120
Rose.5567850 posts ante 120
JP Rouve posts ante 120
Antonain-9- posts ante 120
jean.ol posts small blind 500
P1xel7 posts big blind 1000
Dealt to P1xel7 [As 2s]
*** PRE-FLOP *** 
loli1992 folds
Rose.5567850 folds
JP Rouve folds
Antonain-9- calls 1000
jean.ol folds
P1xel7 checks
*** FLOP *** [Jd 6s 3c]
P1xel7 bets 1610
Antonain-9- folds
P1xel7 collected 4830 from pot
*** SUMMARY ***
Total pot 4830 | No rake
Board: [Jd 6s 3c]
Seat 1: P1xel7 (big blind) won 4830


Winamax Poker - Tournament "MYSTERY KO" buyIn: 1.80€ + 0.20€ level: 10 - HandId: #3125476103917928574-104-1704313046 - Holdem no limit (120/500/1000) - 2024/01/03 20:17:26 UTC
Table: 'MYSTERY KO(727706613)#0125' 6-max (real money) Seat #6 is the button
Seat 1: P1xel7 (31396)
Seat 2: loli1992 (19640)
Seat 3: Rose.5567850 (90885)
Seat 4: JP Rouve (50540)
Seat 5: Antonain-9- (65792)
Seat 6: jean.ol (29728)
*** ANTE/BLINDS ***
P1xel7 posts ante 120
loli1992 posts ante 120
Rose.5567850 posts ante 120
JP Rouve posts ante 120
Antonain-9- posts ante 120
jean.ol posts ante 120
P1xel7 posts small blind 500
loli1992 posts big blind 1000
Dealt to P1xel7 [6d Jh]
*** PRE-FLOP *** 
Rose.5567850 folds
JP Rouve folds
Antonain-9- raises 1000 to 2000
jean.ol folds
P1xel7 folds
loli1992 folds
Antonain-9- collected 4220 from pot
*** SUMMARY ***
Total pot 4220 | No rake
Seat 5: Antonain-9- won 4220


Winamax Poker - Tournament "MYSTERY KO" buyIn: 1.80€ + 0.20€ level: 10 - HandId: #3125476103917928574-105-1704313061 - Holdem no limit (120/500/1000) - 2024/01/03 20:17:41 UTC
Table: 'MYSTERY KO(727706613)#0125' 6-max (real money) Seat #1 is the button
Seat 1: P1xel7 (30776)
Seat 2: loli1992 (18520)
Seat 3: Rose.5567850 (90765)
Seat 4: JP Rouve (50420)
Seat 5: Antonain-9- (67892)
Seat 6: jean.ol (29608)
*** ANTE/BLINDS ***
loli1992 posts ante 120
Rose.5567850 posts ante 120
P1xel7 posts ante 120
JP Rouve posts ante 120
Antonain-9- posts ante 120
jean.ol posts ante 120
loli1992 posts small blind 500
Rose.5567850 posts big blind 1000
Dealt to P1xel7 [6c 6h]
*** PRE-FLOP *** 
JP Rouve folds
Antonain-9- raises 1000 to 2000
jean.ol folds
P1xel7 calls 2000
loli1992 raises 7720 to 9720
Rose.5567850 folds
Antonain-9- calls 7720
P1xel7 folds
*** FLOP *** [2c Jh 3h]
loli1992 checks
Antonain-9- checks
*** TURN *** [2c Jh 3h][2s]
loli1992 bets 8680 and is all-in
Antonain-9- folds
loli1992 collected 31840 from pot
*** SUMMARY ***
Total pot 31840 | No rake
Board: [2c Jh 3h 2s]
Seat 2: loli1992 (small blind) won 31840


Winamax Poker - Tournament "MYSTERY KO" buyIn: 1.80€ + 0.20€ level: 10 - HandId: #3125476103917928574-106-1704313103 - Holdem no limit (120/500/1000) - 2024/01/03 20:18:23 UTC
Table: 'MYSTERY KO(727706613)#0125' 6-max (real money) Seat #2 is the button
Seat 1: P1xel7 (28656)
Seat 2: loli1992 (31840)
Seat 3: Rose.5567850 (89645)
Seat 4: JP Rouve (50300)
Seat 5: Antonain-9- (58052)
Seat 6: jean.ol (29488)
*** ANTE/BLINDS ***
Rose.5567850 posts ante 120
JP Rouve posts ante 120
P1xel7 posts ante 120
loli1992 posts ante 120
Antonain-9- posts ante 120
jean.ol posts ante 120
Rose.5567850 posts small blind 500
JP Rouve posts big blind 1000
Dealt to P1xel7 [8d 9c]
*** PRE-FLOP *** 
Antonain-9- raises 1000 to 2000
jean.ol folds
P1xel7 folds
loli1992 folds
Rose.5567850 calls 1500
JP Rouve folds
*** FLOP *** [4s 3c 5c]
Rose.5567850 bets 2860
Antonain-9- folds
Rose.5567850 collected 8580 from pot
*** SUMMARY ***
Total pot 8580 | No rake
Board: [4s 3c 5c]
Seat 3: Rose.5567850 (small blind) won 8580


Winamax Poker - Tournament "MYSTERY KO" buyIn: 1.80€ + 0.20€ level: 10 - HandId: #3125476103917928574-107-1704313129 - Holdem no limit (120/500/1000) - 2024/01/03 20:18:49 UTC
Table: 'MYSTERY KO(727706613)#0125' 6-max (real money) Seat #3 is the button
Seat 1: P1xel7 (28536)
Seat 2: loli1992 (31720)
Seat 3: Rose.5567850 (93245)
Seat 4: JP Rouve (49180)
Seat 5: Antonain-9- (55932)
Seat 6: jean.ol (29368)
*** ANTE/BLINDS ***
JP Rouve posts ante 120
Antonain-9- posts ante 120
P1xel7 posts ante 120
loli1992 posts ante 120
Rose.5567850 posts ante 120
jean.ol posts ante 120
JP Rouve posts small blind 500
Antonain-9- posts big blind 1000
Dealt to P1xel7 [8c 3h]
*** PRE-FLOP *** 
jean.ol folds
P1xel7 folds
loli1992 calls 1000
Rose.5567850 folds
JP Rouve calls 500
Antonain-9- checks
*** FLOP *** [2h Qs 6d]
JP Rouve checks
Antonain-9- bets 1000
loli1992 calls 1000
JP Rouve folds
*** TURN *** [2h Qs 6d][8s]
Antonain-9- checks
loli1992 checks
*** RIVER *** [2h Qs 6d 8s][4h]
Antonain-9- checks
loli1992 checks
*** SHOW DOWN ***
loli1992 shows [Jd 9h] (High card : Queen)
Antonain-9- shows [6s Tc] (One pair : 6)
Antonain-9- collected 5720 from pot
*** SUMMARY ***
Total pot 5720 | No rake
Board: [2h Qs 6d 8s 4h]
Seat 2: loli1992 showed [Jd 9h] and lost with High card : Queen
Seat 5: Antonain-9- (big blind) showed [6s Tc] and won 5720 with One pair : 6


Winamax Poker - Tournament "MYSTERY KO" buyIn: 1.80€ + 0.20€ level: 10 - HandId: #3125476103917928574-108-1704313173 - Holdem no limit (120/500/1000) - 2024/01/03 20:19:33 UTC
Table: 'MYSTERY KO(727706613)#0125' 6-max (real money) Seat #4 is the button
Seat 1: P1xel7 (28416)
Seat 2: loli1992 (29600)
Seat 3: Rose.5567850 (93125)
Seat 4: JP Rouve (48060)
Seat 5: Antonain-9- (59532)
Seat 6: jean.ol (29248)
*** ANTE/BLINDS ***
Antonain-9- posts ante 120
jean.ol posts ante 120
P1xel7 posts ante 120
loli1992 posts ante 120
Rose.5567850 posts ante 120
JP Rouve posts ante 120
Antonain-9- posts small blind 500
jean.ol posts big blind 1000
Dealt to P1xel7 [5c Qs]
*** PRE-FLOP *** 
P1xel7 folds
loli1992 raises 2000 to 3000
Rose.5567850 folds
JP Rouve folds
Antonain-9- folds
jean.ol folds
loli1992 collected 5220 from pot
*** SUMMARY ***
Total pot 5220 | No rake
Seat 2: loli1992 won 5220


Winamax Poker - Tournament "MYSTERY KO" buyIn: 1.80€ + 0.20€ level: 10 - HandId: #3125476103917928574-109-1704313199 - Holdem no limit (120/500/1000) - 2024/01/03 20:19:59 UTC
Table: 'MYSTERY KO(727706613)#0125' 6-max (real money) Seat #5 is the button
Seat 1: P1xel7 (28296)
Seat 2: loli1992 (31700)
Seat 3: Rose.5567850 (93005)
Seat 4: JP Rouve (47940)
Seat 5: Antonain-9- (58912)
Seat 6: jean.ol (28128)
*** ANTE/BLINDS ***
jean.ol posts ante 120
P1xel7 posts ante 120
loli1992 posts ante 120
Rose.5567850 posts ante 120
JP Rouve posts ante 120
Antonain-9- posts ante 120
jean.ol posts small blind 500
P1xel7 posts big blind 1000
Dealt to P1xel7 [9s Kd]
*** PRE-FLOP *** 
loli1992 calls 1000
Rose.5567850 folds
JP Rouve folds
Antonain-9- folds
jean.ol calls 500
P1xel7 checks
*** FLOP *** [9h 8h 4d]
jean.ol bets 1674
P1xel7 calls 1674
loli1992 calls 1674
*** TURN *** [9h 8h 4d][3h]
jean.ol bets 3934
P1xel7 raises 9420 to 13354
loli1992 folds
jean.ol calls 9420
*** RIVER *** [9h 8h 4d 3h][5s]
jean.ol checks
P1xel7 bets 12148 and is all-in
jean.ol calls 11980 and is all-in
*** SHOW DOWN ***
jean.ol shows [Th 9d] (One pair : 9)
P1xel7 shows [9s Kd] (One pair : 9)
P1xel7 collected 59578 from pot
*** SUMMARY ***
Total pot 59578 | No rake
Board: [9h 8h 4d 3h 5s]
Seat 1: P1xel7 (big blind) showed [9s Kd] and won 59578 with One pair : 9
Seat 6: jean.ol (small blind) showed [Th 9d] and lost with One pair : 9


Winamax Poker - Tournament "MYSTERY KO" buyIn: 1.80€ + 0.20€ level: 11 - HandId: #3125476103917928574-110-1704313301 - Holdem no limit (140/600/1200) - 2024/01/03 20:21:41 UTC
Table: 'MYSTERY KO(727706613)#0125' 6-max (real money) Seat #6 is the button
Seat 1: P1xel7 (59578)
Seat 2: loli1992 (28906)
Seat 3: Rose.5567850 (92885)
Seat 4: JP Rouve (47820)
Seat 5: Antonain-9- (58792)
*** ANTE/BLINDS ***
P1xel7 posts ante 140
loli1992 posts ante 140
Rose.5567850 posts ante 140
JP Rouve posts ante 140
Antonain-9- posts ante 140
P1xel7 posts small blind 600
loli1992 posts big blind 1200
Dealt to P1xel7 [5c Ks]
*** PRE-FLOP *** 
Rose.5567850 folds
JP Rouve folds
Antonain-9- folds
P1xel7 folds
loli1992 collected 2500 from pot
*** SUMMARY ***
Total pot 2500 | No rake
Seat 2: loli1992 (big blind) won 2500


Winamax Poker - Tournament "MYSTERY KO" buyIn: 1.80€ + 0.20€ level: 11 - HandId: #3125476103917928574-111-1704313308 - Holdem no limit (140/600/1200) - 2024/01/03 20:21:48 UTC
Table: 'MYSTERY KO(727706613)#0125' 6-max (real money) Seat #1 is the button
Seat 1: P1xel7 (58838)
Seat 2: loli1992 (30066)
Seat 3: Rose.5567850 (92745)
Seat 4: JP Rouve (47680)
Seat 5: Antonain-9- (58652)
*** ANTE/BLINDS ***
loli1992 posts ante 140
Rose.5567850 posts ante 140
P1xel7 posts ante 140
JP Rouve posts ante 140
Antonain-9- posts ante 140
loli1992 posts small blind 600
Rose.5567850 posts big blind 1200
Dealt to P1xel7 [5h 9h]
*** PRE-FLOP *** 
JP Rouve folds
Antonain-9- folds
P1xel7 folds
loli1992 calls 600
Rose.5567850 checks
*** FLOP *** [Ad 9d 6s]
loli1992 checks
Rose.5567850 bets 1550
loli1992 calls 1550
*** TURN *** [Ad 9d 6s][2s]
loli1992 checks
Rose.5567850 checks
*** RIVER *** [Ad 9d 6s 2s][Kh]
loli1992 checks
Rose.5567850 checks
*** SHOW DOWN ***
Rose.5567850 shows [3h Jh] (High card : Ace)
loli1992 shows [2d 7d] (One pair : 2)
loli1992 collected 6200 from pot
*** SUMMARY ***
Total pot 6200 | No rake
Board: [Ad 9d 6s 2s Kh]
Seat 2: loli1992 (small blind) showed [2d 7d] and won 6200 with One pair : 2
Seat 3: Rose.5567850 (big blind) showed [3h Jh] and lost with High card : Ace


Winamax Poker - Tournament "MYSTERY KO" buyIn: 1.80€ + 0.20€ level: 11 - HandId: #3125476103917928574-112-1704313342 - Holdem no limit (140/600/1200) - 2024/01/03 20:22:22 UTC
Table: 'MYSTERY KO(727706613)#0125' 6-max (real money) Seat #2 is the button
Seat 1: P1xel7 (58698)
Seat 2: loli1992 (33376)
Seat 3: Rose.5567850 (89855)
Seat 4: JP Rouve (47540)
Seat 5: Antonain-9- (58512)
Seat 6: Cbet&die (63138)
*** ANTE/BLINDS ***
Rose.5567850 posts ante 140
JP Rouve posts ante 140
P1xel7 posts ante 140
loli1992 posts ante 140
Antonain-9- posts ante 140
Cbet&die posts ante 140
Rose.5567850 posts small blind 600
JP Rouve posts big blind 1200
Dealt to P1xel7 [4d 8h]
*** PRE-FLOP *** 
Antonain-9- folds
Cbet&die folds
P1xel7 folds
loli1992 calls 1200
Rose.5567850 folds
JP Rouve checks
*** FLOP *** [3h Qs Qh]
JP Rouve checks
loli1992 checks
*** TURN *** [3h Qs Qh][Kc]
JP Rouve checks
loli1992 checks
*** RIVER *** [3h Qs Qh Kc][5d]
JP Rouve checks
loli1992 checks
*** SHOW DOWN ***
loli1992 shows [5c 3s] (Two pairs : Queens and 5)
JP Rouve shows [Ah 5h] (Two pairs : Queens and 5)
JP Rouve collected 3840 from pot
*** SUMMARY ***
Total pot 3840 | No rake
Board: [3h Qs Qh Kc 5d]
Seat 2: loli1992 (button) showed [5c 3s] and lost with Two pairs : Queens and 5
Seat 4: JP Rouve (big blind) showed [Ah 5h] and won 3840 with Two pairs : Queens and 5


Winamax Poker - Tournament "MYSTERY KO" buyIn: 1.80€ + 0.20€ level: 11 - HandId: #3125476103917928574-113-1704313379 - Holdem no limit (140/600/1200) - 2024/01/03 20:22:59 UTC
Table: 'MYSTERY KO(727706613)#0125' 6-max (real money) Seat #3 is the button
Seat 1: P1xel7 (58558)
Seat 2: loli1992 (32036)
Seat 3: Rose.5567850 (89115)
Seat 4: JP Rouve (50040)
Seat 5: Antonain-9- (58372)
Seat 6: Cbet&die (62998)
*** ANTE/BLINDS ***
JP Rouve posts ante 140
Antonain-9- posts ante 140
P1xel7 posts ante 140
loli1992 posts ante 140
Rose.5567850 posts ante 140
Cbet&die posts ante 140
JP Rouve posts small blind 600
Antonain-9- posts big blind 1200
Dealt to P1xel7 [5h 4h]
*** PRE-FLOP *** 
Cbet&die folds
P1xel7 folds
loli1992 folds
Rose.5567850 folds
JP Rouve folds
Antonain-9- collected 2640 from pot
*** SUMMARY ***
Total pot 2640 | No rake
Seat 5: Antonain-9- (big blind) won 2640


Winamax Poker - Tournament "MYSTERY KO" buyIn: 1.80€ + 0.20€ level: 11 - HandId: #3125476103917928574-114-1704313408 - Holdem no limit (140/600/1200) - 2024/01/03 20:23:28 UTC
Table: 'MYSTERY KO(727706613)#0125' 6-max (real money) Seat #4 is the button
Seat 1: P1xel7 (58418)
Seat 2: loli1992 (31896)
Seat 3: Rose.5567850 (88975)
Seat 4: JP Rouve (49300)
Seat 5: Antonain-9- (59672)
Seat 6: Cbet&die (62858)
*** ANTE/BLINDS ***
Antonain-9- posts ante 140
Cbet&die posts ante 140
P1xel7 posts ante 140
loli1992 posts ante 140
Rose.5567850 posts ante 140
JP Rouve posts ante 140
Antonain-9- posts small blind 600
Cbet&die posts big blind 1200
Dealt to P1xel7 [Kc 7d]
*** PRE-FLOP *** 
P1xel7 folds
loli1992 raises 2400 to 3600
Rose.5567850 folds
JP Rouve folds
Antonain-9- folds
Cbet&die calls 2400
*** FLOP *** [Kh 4s 8d]
Cbet&die checks
loli1992 bets 1200
Cbet&die raises 3600 to 4800
loli1992 calls 3600
*** TURN *** [Kh 4s 8d][Jc]
Cbet&die bets 9120
loli1992 folds
Cbet&die collected 27360 from pot
*** SUMMARY ***
Total pot 27360 | No rake
Board: [Kh 4s 8d Jc]
Seat 6: Cbet&die (big blind) won 27360


Winamax Poker - Tournament "MYSTERY KO" buyIn: 1.80€ + 0.20€ level: 11 - HandId: #3125476103917928574-115-1704313462 - Holdem no limit (140/600/1200) - 2024/01/03 20:24:22 UTC
Table: 'MYSTERY KO(727706613)#0125' 6-max (real money) Seat #5 is the button
Seat 1: P1xel7 (58278)
Seat 2: loli1992 (23356)
Seat 3: Rose.5567850 (88835)
Seat 4: JP Rouve (49160)
Seat 5: Antonain-9- (58932)
Seat 6: Cbet&die (72558)
*** ANTE/BLINDS ***
Cbet&die posts ante 140
P1xel7 posts ante 140
loli1992 posts ante 140
Rose.5567850 posts ante 140
JP Rouve posts ante 140
Antonain-9- posts ante 140
Cbet&die posts small blind 600
P1xel7 posts big blind 1200
Dealt to P1xel7 [9s Js]
*** PRE-FLOP *** 
loli1992 folds
Rose.5567850 raises 1200 to 2400
JP Rouve folds
Antonain-9- folds
Cbet&die folds
P1xel7 calls 1200
*** FLOP *** [8c 2s Td]
P1xel7 checks
Rose.5567850 bets 2059
P1xel7 calls 2059
*** TURN *** [8c 2s Td][5d]
P1xel7 checks
Rose.5567850 checks
*** RIVER *** [8c 2s Td 5d][Jc]
P1xel7 bets 3625
Rose.5567850 calls 3625
*** SHOW DOWN ***
P1xel7 shows [9s Js] (One pair : Jacks)
Rose.5567850 shows [Jh Kh] (One pair : Jacks)
Rose.5567850 collected 17608 from pot
*** SUMMARY ***
Total pot 17608 | No rake
Board: [8c 2s Td 5d Jc]
Seat 1: P1xel7 (big blind) showed [9s Js] and lost with One pair : Jacks
Seat 3: Rose.5567850 showed [Jh Kh] and won 17608 with One pair : Jacks


Winamax Poker - Tournament "MYSTERY KO" buyIn: 1.80€ + 0.20€ level: 11 - HandId: #3125476103917928574-116-1704313511 - Holdem no limit (140/600/1200) - 2024/01/03 20:25:11 UTC
Table: 'MYSTERY KO(727706613)#0125' 6-max (real money) Seat #6 is the button
Seat 1: P1xel7 (50054)
Seat 2: loli1992 (23216)
Seat 3: Rose.5567850 (98219)
Seat 4: JP Rouve (49020)
Seat 5: Antonain-9- (58792)
Seat 6: Cbet&die (71818)
*** ANTE/BLINDS ***
P1xel7 posts ante 140
loli1992 posts ante 140
Rose.5567850 posts ante 140
JP Rouve posts ante 140
Antonain-9- posts ante 140
Cbet&die posts ante 140
P1xel7 posts small blind 600
loli1992 posts big blind 1200
Dealt to P1xel7 [4d Th]
*** PRE-FLOP *** 
Rose.5567850 folds
JP Rouve folds
Antonain-9- calls 1200
Cbet&die calls 1200
P1xel7 folds
loli1992 checks
*** FLOP *** [Ts 7d 9c]
loli1992 checks
Antonain-9- checks
Cbet&die checks
*** TURN *** [Ts 7d 9c][Ac]
loli1992 checks
Antonain-9- checks
Cbet&die bets 3326
loli1992 folds
Antonain-9- folds
Cbet&die collected 8366 from pot
*** SUMMARY ***
Total pot 8366 | No rake
Board: [Ts 7d 9c Ac]
Seat 6: Cbet&die (button) won 8366


Winamax Poker - Tournament "MYSTERY KO" buyIn: 1.80€ + 0.20€ level: 11 - HandId: #3125476103917928574-117-1704313566 - Holdem no limit (140/600/1200) - 2024/01/03 20:26:06 UTC
Table: 'MYSTERY KO(727706613)#0125' 6-max (real money) Seat #1 is the button
Seat 1: P1xel7 (49314)
Seat 2: loli1992 (21876)
Seat 3: Rose.5567850 (98079)
Seat 4: JP Rouve (48880)
Seat 5: Antonain-9- (57452)
Seat 6: Cbet&die (75518)
*** ANTE/BLINDS ***
loli1992 posts ante 140
Rose.5567850 posts ante 140
P1xel7 posts ante 140
JP Rouve posts ante 140
Antonain-9- posts ante 140
Cbet&die posts ante 140
loli1992 posts small blind 600
Rose.5567850 posts big blind 1200
Dealt to P1xel7 [6h 5h]
*** PRE-FLOP *** 
JP Rouve folds
Antonain-9- folds
Cbet&die folds
P1xel7 folds
loli1992 calls 600
Rose.5567850 raises 2400 to 3600
loli1992 folds
Rose.5567850 collected 5640 from pot
*** SUMMARY ***
Total pot 5640 | No rake
Seat 3: Rose.5567850 (big blind) won 5640


Winamax Poker - Tournament "MYSTERY KO" buyIn: 1.80€ + 0.20€ level: 11 - HandId: #3125476103917928574-118-1704313593 - Holdem no limit (140/600/1200) - 2024/01/03 20:26:33 UTC
Table: 'MYSTERY KO(727706613)#0125' 6-max (real money) Seat #2 is the button
Seat 1: P1xel7 (49174)
Seat 2: loli1992 (20536)
Seat 3: Rose.5567850 (99979)
Seat 4: JP Rouve (48740)
Seat 5: Antonain-9- (57312)
Seat 6: Cbet&die (75378)
*** ANTE/BLINDS ***
Rose.5567850 posts ante 140
JP Rouve posts ante 140
P1xel7 posts ante 140
loli1992 posts ante 140
Antonain-9- posts ante 140
Cbet&die posts ante 140
Rose.5567850 posts small blind 600
JP Rouve posts big blind 1200
Dealt to P1xel7 [3s 5d]
*** PRE-FLOP *** 
Antonain-9- folds
Cbet&die folds
P1xel7 folds
loli1992 calls 1200
Rose.5567850 folds
JP Rouve checks
*** FLOP *** [6h Js Kc]
JP Rouve checks
loli1992 checks
*** TURN *** [6h Js Kc][4c]
JP Rouve bets 2496
loli1992 folds
JP Rouve collected 6336 from pot
*** SUMMARY ***
Total pot 6336 | No rake
Board: [6h Js Kc 4c]
Seat 4: JP Rouve (big blind) won 6336


Winamax Poker - Tournament "MYSTERY KO" buyIn: 1.80€ + 0.20€ level: 12 - HandId: #3125476103917928574-119-1704313630 - Holdem no limit (160/700/1400) - 2024/01/03 20:27:10 UTC
Table: 'MYSTERY KO(727706613)#0125' 6-max (real money) Seat #3 is the button
Seat 1: P1xel7 (49034)
Seat 2: loli1992 (19196)
Seat 3: Rose.5567850 (99239)
Seat 4: JP Rouve (51240)
Seat 5: Antonain-9- (57172)
Seat 6: Cbet&die (75238)
*** ANTE/BLINDS ***
JP Rouve posts ante 160
Antonain-9- posts ante 160
P1xel7 posts ante 160
loli1992 posts ante 160
Rose.5567850 posts ante 160
Cbet&die posts ante 160
JP Rouve posts small blind 700
Antonain-9- posts big blind 1400
Dealt to P1xel7 [As 6d]
*** PRE-FLOP *** 
Cbet&die folds
P1xel7 folds
loli1992 folds
Rose.5567850 raises 1400 to 2800
JP Rouve folds
Antonain-9- folds
Rose.5567850 collected 5860 from pot
*** SUMMARY ***
Total pot 5860 | No rake
Seat 3: Rose.5567850 (button) won 5860


Winamax Poker - Tournament "MYSTERY KO" buyIn: 1.80€ + 0.20€ level: 12 - HandId: #3125476103917928574-120-1704313655 - Holdem no limit (160/700/1400) - 2024/01/03 20:27:35 UTC
Table: 'MYSTERY KO(727706613)#0125' 6-max (real money) Seat #4 is the button
Seat 1: P1xel7 (48874)
Seat 2: loli1992 (19036)
Seat 3: Rose.5567850 (102139)
Seat 4: JP Rouve (50380)
Seat 5: Antonain-9- (55612)
Seat 6: Cbet&die (75078)
*** ANTE/BLINDS ***
Antonain-9- posts ante 160
Cbet&die posts ante 160
P1xel7 posts ante 160
loli1992 posts ante 160
Rose.5567850 posts ante 160
JP Rouve posts ante 160
Antonain-9- posts small blind 700
Cbet&die posts big blind 1400
Dealt to P1xel7 [6c 8c]
*** PRE-FLOP *** 
P1xel7 folds
loli1992 calls 1400
Rose.5567850 raises 2800 to 4200
JP Rouve folds
Antonain-9- folds
Cbet&die folds
loli1992 folds
Rose.5567850 collected 8660 from pot
*** SUMMARY ***
Total pot 8660 | No rake
Seat 3: Rose.5567850 won 8660


Winamax Poker - Tournament "MYSTERY KO" buyIn: 1.80€ + 0.20€ level: 12 - HandId: #3125476103917928574-121-1704313675 - Holdem no limit (160/700/1400) - 2024/01/03 20:27:55 UTC
Table: 'MYSTERY KO(727706613)#0125' 6-max (real money) Seat #5 is the button
Seat 1: P1xel7 (48714)
Seat 2: loli1992 (17476)
Seat 3: Rose.5567850 (106439)
Seat 4: JP Rouve (50220)
Seat 5: Antonain-9- (54752)
Seat 6: Cbet&die (73518)
*** ANTE/BLINDS ***
Cbet&die posts ante 160
P1xel7 posts ante 160
loli1992 posts ante 160
Rose.5567850 posts ante 160
JP Rouve posts ante 160
Antonain-9- posts ante 160
Cbet&die posts small blind 700
P1xel7 posts big blind 1400
Dealt to P1xel7 [As 8h]
*** PRE-FLOP *** 
loli1992 raises 15916 to 17316 and is all-in
Rose.5567850 folds
JP Rouve folds
Antonain-9- folds
Cbet&die folds
P1xel7 folds
loli1992 collected 20376 from pot
*** SUMMARY ***
Total pot 20376 | No rake
Seat 2: loli1992 won 20376


Winamax Poker - Tournament "MYSTERY KO" buyIn: 1.80€ + 0.20€ level: 12 - HandId: #3125476103917928574-122-1704313703 - Holdem no limit (160/700/1400) - 2024/01/03 20:28:23 UTC
Table: 'MYSTERY KO(727706613)#0125' 6-max (real money) Seat #6 is the button
Seat 1: P1xel7 (47154)
Seat 2: loli1992 (20376)
Seat 3: Rose.5567850 (106279)
Seat 4: JP Rouve (50060)
Seat 5: Antonain-9- (54592)
Seat 6: Cbet&die (72658)
*** ANTE/BLINDS ***
P1xel7 posts ante 160
loli1992 posts ante 160
Rose.5567850 posts ante 160
JP Rouve posts ante 160
Antonain-9- posts ante 160
Cbet&die posts ante 160
P1xel7 posts small blind 700
loli1992 posts big blind 1400
Dealt to P1xel7 [9s 3s]
*** PRE-FLOP *** 
Rose.5567850 folds
JP Rouve folds
Antonain-9- folds
Cbet&die raises 1400 to 2800
P1xel7 folds
loli1992 calls 1400
*** FLOP *** [4h Kc 5c]
loli1992 checks
Cbet&die checks
*** TURN *** [4h Kc 5c][2d]
loli1992 checks
Cbet&die bets 3630
loli1992 calls 3630
*** RIVER *** [4h Kc 5c 2d][8c]
loli1992 bets 13786 and is all-in
Cbet&die folds
loli1992 collected 28306 from pot
*** SUMMARY ***
Total pot 28306 | No rake
Board: [4h Kc 5c 2d 8c]
Seat 2: loli1992 (big blind) won 28306


Winamax Poker - Tournament "MYSTERY KO" buyIn: 1.80€ + 0.20€ level: 12 - HandId: #3125476103917928574-123-1704313765 - Holdem no limit (160/700/1400) - 2024/01/03 20:29:25 UTC
Table: 'MYSTERY KO(727706613)#0125' 6-max (real money) Seat #1 is the button
Seat 1: P1xel7 (46294)
Seat 2: loli1992 (28306)
Seat 3: Rose.5567850 (106119)
Seat 4: JP Rouve (49900)
Seat 5: Antonain-9- (54432)
Seat 6: Cbet&die (66068)
*** ANTE/BLINDS ***
loli1992 posts ante 160
Rose.5567850 posts ante 160
P1xel7 posts ante 160
JP Rouve posts ante 160
Antonain-9- posts ante 160
Cbet&die posts ante 160
loli1992 posts small blind 700
Rose.5567850 posts big blind 1400
Dealt to P1xel7 [2s Kc]
*** PRE-FLOP *** 
JP Rouve folds
Antonain-9- raises 1400 to 2800
Cbet&die folds
P1xel7 folds
loli1992 calls 2100
Rose.5567850 folds
*** FLOP *** [6c Td 4c]
loli1992 checks
Antonain-9- checks
*** TURN *** [6c Td 4c][Th]
loli1992 bets 5174
Antonain-9- calls 5174
*** RIVER *** [6c Td 4c Th][3s]
loli1992 bets 6408
Antonain-9- folds
loli1992 collected 24716 from pot
*** SUMMARY ***
Total pot 24716 | No rake
Board: [6c Td 4c Th 3s]
Seat 2: loli1992 (small blind) won 24716


Winamax Poker - Tournament "MYSTERY KO" buyIn: 1.80€ + 0.20€ level: 12 - HandId: #3125476103917928574-124-1704313791 - Holdem no limit (160/700/1400) - 2024/01/03 20:29:51 UTC
Table: 'MYSTERY KO(727706613)#0125' 6-max (real money) Seat #2 is the button
Seat 1: P1xel7 (46134)
Seat 2: loli1992 (38480)
Seat 3: Rose.5567850 (104559)
Seat 4: JP Rouve (49740)
Seat 5: Antonain-9- (46298)
Seat 6: Cbet&die (65908)
*** ANTE/BLINDS ***
Rose.5567850 posts ante 160
JP Rouve posts ante 160
P1xel7 posts ante 160
loli1992 posts ante 160
Antonain-9- posts ante 160
Cbet&die posts ante 160
Rose.5567850 posts small blind 700
JP Rouve posts big blind 1400
Dealt to P1xel7 [3c 9c]
*** PRE-FLOP *** 
Antonain-9- raises 1400 to 2800
Cbet&die folds
P1xel7 folds
loli1992 folds
Rose.5567850 folds
JP Rouve calls 1400
*** FLOP *** [6d 7h 2c]
JP Rouve checks
Antonain-9- checks
*** TURN *** [6d 7h 2c][3d]
JP Rouve checks
Antonain-9- bets 2800
JP Rouve raises 7379 to 10179
Antonain-9- calls 7379
*** RIVER *** [6d 7h 2c 3d][Jd]
JP Rouve bets 9666
Antonain-9- raises 9666 to 19332
JP Rouve raises 17269 to 36601 and is all-in
Antonain-9- calls 13827 and is all-in
*** SHOW DOWN ***
Antonain-9- shows [7s 7c] (Trips of 7)
JP Rouve shows [5c 4c] (Straight 7 high)
JP Rouve collected 97378 from pot
*** SUMMARY ***
Total pot 97378 | No rake
Board: [6d 7h 2c 3d Jd]
Seat 4: JP Rouve (big blind) showed [5c 4c] and won 97378 with Straight 7 high
Seat 5: Antonain-9- showed [7s 7c] and lost with Trips of 7


Winamax Poker - Tournament "MYSTERY KO" buyIn: 1.80€ + 0.20€ level: 12 - HandId: #3125476103917928574-125-1704313849 - Holdem no limit (160/700/1400) - 2024/01/03 20:30:49 UTC
Table: 'MYSTERY KO(727706613)#0125' 6-max (real money) Seat #3 is the button
Seat 1: P1xel7 (45974)
Seat 2: loli1992 (38320)
Seat 3: Rose.5567850 (103699)
Seat 4: JP Rouve (97378)
Seat 6: Cbet&die (65748)
*** ANTE/BLINDS ***
JP Rouve posts ante 160
Cbet&die posts ante 160
P1xel7 posts ante 160
loli1992 posts ante 160
Rose.5567850 posts ante 160
JP Rouve posts small blind 700
Cbet&die posts big blind 1400
Dealt to P1xel7 [Ad 8c]
*** PRE-FLOP *** 
P1xel7 folds
loli1992 calls 1400
Rose.5567850 raises 2800 to 4200
JP Rouve folds
Cbet&die folds
loli1992 calls 2800
*** FLOP *** [Ts 4d 5c]
loli1992 checks
Rose.5567850 bets 2825
loli1992 calls 2825
*** TURN *** [Ts 4d 5c][9d]
loli1992 checks
Rose.5567850 bets 8475
loli1992 folds
Rose.5567850 collected 25425 from pot
*** SUMMARY ***
Total pot 25425 | No rake
Board: [Ts 4d 5c 9d]
Seat 3: Rose.5567850 (button) won 25425


Winamax Poker - Tournament "MYSTERY KO" buyIn: 1.80€ + 0.20€ level: 12 - HandId: #3125476103917928574-126-1704313927 - Holdem no limit (160/700/1400) - 2024/01/03 20:32:07 UTC
Table: 'MYSTERY KO(727706613)#0125' 6-max (real money) Seat #4 is the button
Seat 1: P1xel7 (45814)
Seat 2: loli1992 (31135)
Seat 3: Rose.5567850 (113464)
Seat 4: JP Rouve (96518)
Seat 5: Clontarf (36846)
Seat 6: Cbet&die (64188)
*** ANTE/BLINDS ***
Cbet&die posts ante 160
P1xel7 posts ante 160
loli1992 posts ante 160
Rose.5567850 posts ante 160
JP Rouve posts ante 160
Cbet&die posts small blind 700
P1xel7 posts big blind 1400
Dealt to P1xel7 [Kd Th]
*** PRE-FLOP *** 
loli1992 folds
Rose.5567850 folds
JP Rouve folds
Cbet&die raises 3500 to 4900
P1xel7 calls 3500
*** FLOP *** [7s 6d 4d]
Cbet&die bets 3392
P1xel7 calls 3392
*** TURN *** [7s 6d 4d][3s]
Cbet&die bets 6300
P1xel7 raises 15333 to 21633
Cbet&die folds
P1xel7 collected 45317 from pot
*** SUMMARY ***
Total pot 45317 | No rake
Board: [7s 6d 4d 3s]
Seat 1: P1xel7 (big blind) won 45317


Winamax Poker - Tournament "MYSTERY KO" buyIn: 1.80€ + 0.20€ level: 13 - HandId: #3125476103917928574-127-1704314052 - Holdem no limit (200/800/1600) - 2024/01/03 20:34:12 UTC
Table: 'MYSTERY KO(727706613)#0125' 6-max (real money) Seat #6 is the button
Seat 1: P1xel7 (61046)
Seat 2: loli1992 (30975)
Seat 3: Rose.5567850 (113304)
Seat 4: JP Rouve (96358)
Seat 5: Clontarf (36846)
Seat 6: Cbet&die (49436)
*** ANTE/BLINDS ***
P1xel7 posts ante 200
loli1992 posts ante 200
Rose.5567850 posts ante 200
JP Rouve posts ante 200
Clontarf posts ante 200
Cbet&die posts ante 200
P1xel7 posts small blind 800
loli1992 posts big blind 1600
Dealt to P1xel7 [Js 8h]
*** PRE-FLOP *** 
Rose.5567850 folds
JP Rouve folds
Clontarf calls 1600
Cbet&die folds
P1xel7 folds
loli1992 checks
*** FLOP *** [2h 7d 7c]
loli1992 checks
Clontarf checks
*** TURN *** [2h 7d 7c][As]
loli1992 bets 1820
Clontarf folds
loli1992 collected 7020 from pot
*** SUMMARY ***
Total pot 7020 | No rake
Board: [2h 7d 7c As]
Seat 2: loli1992 (big blind) won 7020


Winamax Poker - Tournament "MYSTERY KO" buyIn: 1.80€ + 0.20€ level: 13 - HandId: #3125476103917928574-128-1704314150 - Holdem no limit (200/800/1600) - 2024/01/03 20:35:50 UTC
Table: 'MYSTERY KO(727706613)#0125' 6-max (real money) Seat #1 is the button
Seat 1: P1xel7 (60046)
Seat 2: loli1992 (34375)
Seat 3: Rose.5567850 (113104)
Seat 4: JP Rouve (96158)
Seat 5: Clontarf (35046)
Seat 6: Cbet&die (49236)
*** ANTE/BLINDS ***
loli1992 posts ante 200
Rose.5567850 posts ante 200
P1xel7 posts ante 200
JP Rouve posts ante 200
Clontarf posts ante 200
Cbet&die posts ante 200
loli1992 posts small blind 800
Rose.5567850 posts big blind 1600
Dealt to P1xel7 [3d 6h]
*** PRE-FLOP *** 
JP Rouve folds
Clontarf folds
Cbet&die folds
P1xel7 folds
loli1992 calls 800
Rose.5567850 raises 4800 to 6400
loli1992 folds
Rose.5567850 collected 9200 from pot
*** SUMMARY ***
Total pot 9200 | No rake
Seat 3: Rose.5567850 (big blind) won 9200


Winamax Poker - Tournament "MYSTERY KO" buyIn: 1.80€ + 0.20€ level: 13 - HandId: #3125476103917928574-129-1704314181 - Holdem no limit (200/800/1600) - 2024/01/03 20:36:21 UTC
Table: 'MYSTERY KO(727706613)#0125' 6-max (real money) Seat #2 is the button
Seat 1: P1xel7 (59846)
Seat 2: loli1992 (32575)
Seat 3: Rose.5567850 (115704)
Seat 4: JP Rouve (95958)
Seat 5: Clontarf (34846)
Seat 6: Cbet&die (49036)
*** ANTE/BLINDS ***
Rose.5567850 posts ante 200
JP Rouve posts ante 200
P1xel7 posts ante 200
loli1992 posts ante 200
Clontarf posts ante 200
Cbet&die posts ante 200
Rose.5567850 posts small blind 800
JP Rouve posts big blind 1600
Dealt to P1xel7 [5d 4c]
*** PRE-FLOP *** 
Clontarf folds
Cbet&die folds
P1xel7 folds
loli1992 calls 1600
Rose.5567850 folds
JP Rouve checks
*** FLOP *** [Qd Js 6c]
JP Rouve checks
loli1992 checks
*** TURN *** [Qd Js 6c][2c]
JP Rouve checks
loli1992 checks
*** RIVER *** [Qd Js 6c 2c][Kd]
JP Rouve checks
loli1992 checks
*** SHOW DOWN ***
loli1992 shows [9c 5h] (High card : King)
JP Rouve shows [Ad 9h] (High card : Ace)
JP Rouve collected 5200 from pot
*** SUMMARY ***
Total pot 5200 | No rake
Board: [Qd Js 6c 2c Kd]
Seat 2: loli1992 (button) showed [9c 5h] and lost with High card : King
Seat 4: JP Rouve (big blind) showed [Ad 9h] and won 5200 with High card : Ace


Winamax Poker - Tournament "MYSTERY KO" buyIn: 1.80€ + 0.20€ level: 13 - HandId: #3125476103917928574-130-1704314251 - Holdem no limit (200/800/1600) - 2024/01/03 20:37:31 UTC
Table: 'MYSTERY KO(727706613)#0125' 6-max (real money) Seat #3 is the button
Seat 1: P1xel7 (59646)
Seat 2: loli1992 (30775)
Seat 3: Rose.5567850 (114704)
Seat 4: JP Rouve (99358)
Seat 5: Clontarf (34646)
Seat 6: Cbet&die (48836)
*** ANTE/BLINDS ***
JP Rouve posts ante 200
Clontarf posts ante 200
P1xel7 posts ante 200
loli1992 posts ante 200
Rose.5567850 posts ante 200
Cbet&die posts ante 200
JP Rouve posts small blind 800
Clontarf posts big blind 1600
Dealt to P1xel7 [2c 8d]
*** PRE-FLOP *** 
Cbet&die folds
P1xel7 folds
loli1992 calls 1600
Rose.5567850 folds
JP Rouve folds
Clontarf checks
*** FLOP *** [7s Jc 5c]
Clontarf checks
loli1992 checks
*** TURN *** [7s Jc 5c][Ts]
Clontarf checks
loli1992 bets 1600
Clontarf calls 1600
*** RIVER *** [7s Jc 5c Ts][Qd]
Clontarf checks
loli1992 checks
*** SHOW DOWN ***
Clontarf shows [Kc 4c] (High card : King)
loli1992 shows [7h 6h] (One pair : 7)
loli1992 collected 8400 from pot
*** SUMMARY ***
Total pot 8400 | No rake
Board: [7s Jc 5c Ts Qd]
Seat 2: loli1992 showed [7h 6h] and won 8400 with One pair : 7
Seat 5: Clontarf (big blind) showed [Kc 4c] and lost with High card : King


Winamax Poker - Tournament "MYSTERY KO" buyIn: 1.80€ + 0.20€ level: 13 - HandId: #3125476103917928574-131-1704314334 - Holdem no limit (200/800/1600) - 2024/01/03 20:38:54 UTC
Table: 'MYSTERY KO(727706613)#0125' 6-max (real money) Seat #4 is the button
Seat 1: P1xel7 (59446)
Seat 2: loli1992 (35775)
Seat 3: Rose.5567850 (114504)
Seat 4: JP Rouve (98358)
Seat 5: Clontarf (31246)
Seat 6: Cbet&die (48636)
*** ANTE/BLINDS ***
Clontarf posts ante 200
Cbet&die posts ante 200
P1xel7 posts ante 200
loli1992 posts ante 200
Rose.5567850 posts ante 200
JP Rouve posts ante 200
Clontarf posts small blind 800
Cbet&die posts big blind 1600
Dealt to P1xel7 [Js 9h]
*** PRE-FLOP *** 
P1xel7 folds
loli1992 folds
Rose.5567850 raises 1600 to 3200
JP Rouve folds
Clontarf folds
Cbet&die folds
Rose.5567850 collected 6800 from pot
*** SUMMARY ***
Total pot 6800 | No rake
Seat 3: Rose.5567850 won 6800


Winamax Poker - Tournament "MYSTERY KO" buyIn: 1.80€ + 0.20€ level: 13 - HandId: #3125476103917928574-132-1704314364 - Holdem no limit (200/800/1600) - 2024/01/03 20:39:24 UTC
Table: 'MYSTERY KO(727706613)#0125' 6-max (real money) Seat #5 is the button
Seat 1: P1xel7 (59246)
Seat 2: loli1992 (35575)
Seat 3: Rose.5567850 (117904)
Seat 4: JP Rouve (98158)
Seat 5: Clontarf (30246)
Seat 6: Cbet&die (46836)
*** ANTE/BLINDS ***
Cbet&die posts ante 200
P1xel7 posts ante 200
loli1992 posts ante 200
Rose.5567850 posts ante 200
JP Rouve posts ante 200
Clontarf posts ante 200
Cbet&die posts small blind 800
P1xel7 posts big blind 1600
Dealt to P1xel7 [4s 5d]
*** PRE-FLOP *** 
loli1992 folds
Rose.5567850 raises 1600 to 3200
JP Rouve folds
Clontarf calls 3200
Cbet&die folds
P1xel7 folds
*** FLOP *** [3h 2s Qs]
Rose.5567850 bets 2500
Clontarf folds
Rose.5567850 collected 12500 from pot
*** SUMMARY ***
Total pot 12500 | No rake
Board: [3h 2s Qs]
Seat 3: Rose.5567850 won 12500


Winamax Poker - Tournament "MYSTERY KO" buyIn: 1.80€ + 0.20€ level: 13 - HandId: #3125476103917928574-133-1704314416 - Holdem no limit (200/800/1600) - 2024/01/03 20:40:16 UTC
Table: 'MYSTERY KO(727706613)#0125' 6-max (real money) Seat #6 is the button
Seat 1: P1xel7 (57446)
Seat 2: loli1992 (35375)
Seat 3: Rose.5567850 (124504)
Seat 4: JP Rouve (97958)
Seat 5: Clontarf (26846)
Seat 6: Cbet&die (45836)
*** ANTE/BLINDS ***
P1xel7 posts ante 200
loli1992 posts ante 200
Rose.5567850 posts ante 200
JP Rouve posts ante 200
Clontarf posts ante 200
Cbet&die posts ante 200
P1xel7 posts small blind 800
loli1992 posts big blind 1600
Dealt to P1xel7 [Ks Td]
*** PRE-FLOP *** 
Rose.5567850 folds
JP Rouve folds
Clontarf folds
Cbet&die folds
P1xel7 raises 2400 to 4000
loli1992 folds
P1xel7 collected 6800 from pot
*** SUMMARY ***
Total pot 6800 | No rake
Seat 1: P1xel7 (small blind) won 6800


Winamax Poker - Tournament "MYSTERY KO" buyIn: 1.80€ + 0.20€ level: 14 - HandId: #3125476103917928574-134-1704314462 - Holdem no limit (250/1000/2000) - 2024/01/03 20:41:02 UTC
Table: 'MYSTERY KO(727706613)#0125' 6-max (real money) Seat #1 is the button
Seat 1: P1xel7 (60046)
Seat 2: loli1992 (33575)
Seat 3: Rose.5567850 (124304)
Seat 4: JP Rouve (97758)
Seat 5: Clontarf (26646)
Seat 6: Cbet&die (45636)
*** ANTE/BLINDS ***
loli1992 posts ante 250
Rose.5567850 posts ante 250
P1xel7 posts ante 250
JP Rouve posts ante 250
Clontarf posts ante 250
Cbet&die posts ante 250
loli1992 posts small blind 1000
Rose.5567850 posts big blind 2000
Dealt to P1xel7 [4d 3h]
*** PRE-FLOP *** 
JP Rouve folds
Clontarf folds
Cbet&die raises 2000 to 4000
P1xel7 folds
loli1992 folds
Rose.5567850 calls 2000
*** FLOP *** [8s 9h 3s]
Rose.5567850 checks
Cbet&die checks
*** TURN *** [8s 9h 3s][6h]
Rose.5567850 bets 5250
Cbet&die folds
Rose.5567850 collected 15750 from pot
*** SUMMARY ***
Total pot 15750 | No rake
Board: [8s 9h 3s 6h]
Seat 3: Rose.5567850 (big blind) won 15750


Winamax Poker - Tournament "MYSTERY KO" buyIn: 1.80€ + 0.20€ level: 14 - HandId: #3125476103917928553-137-1704314538 - Holdem no limit (250/1000/2000) - 2024/01/03 20:42:18 UTC
Table: 'MYSTERY KO(727706613)#0104' 6-max (real money) Seat #1 is the button
Seat 1: Paire2Poche (84145)
Seat 2: KKofJunGle (19284)
Seat 3: Dizycotheca (22504)
Seat 4: Couscous2703 (53229)
Seat 5: P1xel7 (59796)
Seat 6: SabaleridonK (72179)
*** ANTE/BLINDS ***
KKofJunGle posts ante 250
Dizycotheca posts ante 250
Paire2Poche posts ante 250
Couscous2703 posts ante 250
P1xel7 posts ante 250
SabaleridonK posts ante 250
KKofJunGle posts small blind 1000
Dizycotheca posts big blind 2000
Dealt to P1xel7 [Qs Kd]
*** PRE-FLOP *** 
Couscous2703 folds
P1xel7 raises 2400 to 4400
SabaleridonK raises 7600 to 12000
Paire2Poche folds
KKofJunGle folds
Dizycotheca folds
P1xel7 calls 7600
*** FLOP *** [7h 7d Jd]
P1xel7 checks
SabaleridonK bets 7000
P1xel7 folds
SabaleridonK collected 35500 from pot
*** SUMMARY ***
Total pot 35500 | No rake
Board: [7h 7d Jd]
Seat 6: SabaleridonK won 35500


Winamax Poker - Tournament "MYSTERY KO" buyIn: 1.80€ + 0.20€ level: 14 - HandId: #3125476103917928553-138-1704314605 - Holdem no limit (250/1000/2000) - 2024/01/03 20:43:25 UTC
Table: 'MYSTERY KO(727706613)#0104' 6-max (real money) Seat #2 is the button
Seat 1: Paire2Poche (83895)
Seat 2: KKofJunGle (18034)
Seat 3: Dizycotheca (20254)
Seat 4: Couscous2703 (52979)
Seat 5: P1xel7 (47546)
Seat 6: SabaleridonK (88429)
*** ANTE/BLINDS ***
Dizycotheca posts ante 250
Couscous2703 posts ante 250
Paire2Poche posts ante 250
KKofJunGle posts ante 250
P1xel7 posts ante 250
SabaleridonK posts ante 250
Dizycotheca posts small blind 1000
Couscous2703 posts big blind 2000
Dealt to P1xel7 [Qd 6c]
*** PRE-FLOP *** 
P1xel7 folds
SabaleridonK folds
Paire2Poche folds
KKofJunGle raises 15784 to 17784 and is all-in
Dizycotheca folds
Couscous2703 folds
KKofJunGle collected 22284 from pot
*** SUMMARY ***
Total pot 22284 | No rake
Seat 2: KKofJunGle (button) won 22284


Winamax Poker - Tournament "MYSTERY KO" buyIn: 1.80€ + 0.20€ level: 14 - HandId: #3125476103917928553-139-1704314620 - Holdem no limit (250/1000/2000) - 2024/01/03 20:43:40 UTC
Table: 'MYSTERY KO(727706613)#0104' 6-max (real money) Seat #3 is the button
Seat 1: Paire2Poche (83645)
Seat 2: KKofJunGle (22284)
Seat 3: Dizycotheca (19004)
Seat 4: Couscous2703 (50729)
Seat 5: P1xel7 (47296)
Seat 6: SabaleridonK (88179)
*** ANTE/BLINDS ***
Couscous2703 posts ante 250
P1xel7 posts ante 250
Paire2Poche posts ante 250
KKofJunGle posts ante 250
Dizycotheca posts ante 250
SabaleridonK posts ante 250
Couscous2703 posts small blind 1000
P1xel7 posts big blind 2000
Dealt to P1xel7 [Qh 9h]
*** PRE-FLOP *** 
SabaleridonK folds
Paire2Poche folds
KKofJunGle folds
Dizycotheca folds
Couscous2703 folds
P1xel7 collected 4500 from pot
*** SUMMARY ***
Total pot 4500 | No rake
Seat 5: P1xel7 (big blind) won 4500


Winamax Poker - Tournament "MYSTERY KO" buyIn: 1.80€ + 0.20€ level: 14 - HandId: #3125476103917928553-140-1704314632 - Holdem no limit (250/1000/2000) - 2024/01/03 20:43:52 UTC
Table: 'MYSTERY KO(727706613)#0104' 6-max (real money) Seat #4 is the button
Seat 1: Paire2Poche (83395)
Seat 2: KKofJunGle (22034)
Seat 3: Dizycotheca (18754)
Seat 4: Couscous2703 (49479)
Seat 5: P1xel7 (49546)
Seat 6: SabaleridonK (87929)
*** ANTE/BLINDS ***
P1xel7 posts ante 250
SabaleridonK posts ante 250
Paire2Poche posts ante 250
KKofJunGle posts ante 250
Dizycotheca posts ante 250
Couscous2703 posts ante 250
P1xel7 posts small blind 1000
SabaleridonK posts big blind 2000
Dealt to P1xel7 [6c Qd]
*** PRE-FLOP *** 
Paire2Poche folds
KKofJunGle folds
Dizycotheca raises 3000 to 5000
Couscous2703 folds
P1xel7 folds
SabaleridonK folds
Dizycotheca collected 9500 from pot
*** SUMMARY ***
Total pot 9500 | No rake
Seat 3: Dizycotheca won 9500


Winamax Poker - Tournament "MYSTERY KO" buyIn: 1.80€ + 0.20€ level: 14 - HandId: #3125476103917928553-141-1704314659 - Holdem no limit (250/1000/2000) - 2024/01/03 20:44:19 UTC
Table: 'MYSTERY KO(727706613)#0104' 6-max (real money) Seat #5 is the button
Seat 1: Paire2Poche (83145)
Seat 2: KKofJunGle (21784)
Seat 3: Dizycotheca (23004)
Seat 4: Couscous2703 (49229)
Seat 5: P1xel7 (48296)
Seat 6: SabaleridonK (85679)
*** ANTE/BLINDS ***
SabaleridonK posts ante 250
Paire2Poche posts ante 250
KKofJunGle posts ante 250
Dizycotheca posts ante 250
Couscous2703 posts ante 250
P1xel7 posts ante 250
SabaleridonK posts small blind 1000
Paire2Poche posts big blind 2000
Dealt to P1xel7 [Ts 2d]
*** PRE-FLOP *** 
KKofJunGle folds
Dizycotheca folds
Couscous2703 folds
P1xel7 folds
SabaleridonK calls 1000
Paire2Poche checks
*** FLOP *** [As Js 8d]
SabaleridonK bets 2000
Paire2Poche folds
SabaleridonK collected 7500 from pot
*** SUMMARY ***
Total pot 7500 | No rake
Board: [As Js 8d]
Seat 6: SabaleridonK (small blind) won 7500


Winamax Poker - Tournament "MYSTERY KO" buyIn: 1.80€ + 0.20€ level: 14 - HandId: #3125476103917928553-142-1704314692 - Holdem no limit (250/1000/2000) - 2024/01/03 20:44:52 UTC
Table: 'MYSTERY KO(727706613)#0104' 6-max (real money) Seat #6 is the button
Seat 1: Paire2Poche (80895)
Seat 2: KKofJunGle (21534)
Seat 3: Dizycotheca (22754)
Seat 4: Couscous2703 (48979)
Seat 5: P1xel7 (48046)
Seat 6: SabaleridonK (88929)
*** ANTE/BLINDS ***
Paire2Poche posts ante 250
KKofJunGle posts ante 250
Dizycotheca posts ante 250
Couscous2703 posts ante 250
P1xel7 posts ante 250
SabaleridonK posts ante 250
Paire2Poche posts small blind 1000
KKofJunGle posts big blind 2000
Dealt to P1xel7 [6d Tc]
*** PRE-FLOP *** 
Dizycotheca folds
Couscous2703 folds
P1xel7 folds
SabaleridonK raises 2000 to 4000
Paire2Poche folds
KKofJunGle folds
SabaleridonK collected 8500 from pot
*** SUMMARY ***
Total pot 8500 | No rake
Seat 6: SabaleridonK (button) won 8500


Winamax Poker - Tournament "MYSTERY KO" buyIn: 1.80€ + 0.20€ level: 14 - HandId: #3125476103917928553-143-1704314726 - Holdem no limit (250/1000/2000) - 2024/01/03 20:45:26 UTC
Table: 'MYSTERY KO(727706613)#0104' 6-max (real money) Seat #1 is the button
Seat 1: Paire2Poche (79645)
Seat 2: KKofJunGle (19284)
Seat 3: Dizycotheca (22504)
Seat 4: Couscous2703 (48729)
Seat 5: P1xel7 (47796)
Seat 6: SabaleridonK (93179)
*** ANTE/BLINDS ***
KKofJunGle posts ante 250
Dizycotheca posts ante 250
Paire2Poche posts ante 250
Couscous2703 posts ante 250
P1xel7 posts ante 250
SabaleridonK posts ante 250
KKofJunGle posts small blind 1000
Dizycotheca posts big blind 2000
Dealt to P1xel7 [Jh 5d]
*** PRE-FLOP *** 
Couscous2703 folds
P1xel7 folds
SabaleridonK folds
Paire2Poche folds
KKofJunGle folds
Dizycotheca collected 4500 from pot
*** SUMMARY ***
Total pot 4500 | No rake
Seat 3: Dizycotheca (big blind) won 4500


Winamax Poker - Tournament "MYSTERY KO" buyIn: 1.80€ + 0.20€ level: 14 - HandId: #3125476103917928553-144-1704314750 - Holdem no limit (250/1000/2000) - 2024/01/03 20:45:50 UTC
Table: 'MYSTERY KO(727706613)#0104' 6-max (real money) Seat #2 is the button
Seat 1: Paire2Poche (79395)
Seat 2: KKofJunGle (18034)
Seat 3: Dizycotheca (24754)
Seat 4: Couscous2703 (48479)
Seat 5: P1xel7 (47546)
Seat 6: SabaleridonK (92929)
*** ANTE/BLINDS ***
Dizycotheca posts ante 250
Couscous2703 posts ante 250
Paire2Poche posts ante 250
KKofJunGle posts ante 250
P1xel7 posts ante 250
SabaleridonK posts ante 250
Dizycotheca posts small blind 1000
Couscous2703 posts big blind 2000
Dealt to P1xel7 [2h 7d]
*** PRE-FLOP *** 
P1xel7 folds
SabaleridonK folds
Paire2Poche folds
KKofJunGle raises 15784 to 17784 and is all-in
Dizycotheca folds
Couscous2703 folds
KKofJunGle collected 22284 from pot
*** SUMMARY ***
Total pot 22284 | No rake
Seat 2: KKofJunGle (button) won 22284


Winamax Poker - Tournament "MYSTERY KO" buyIn: 1.80€ + 0.20€ level: 14 - HandId: #3125476103917928553-145-1704314777 - Holdem no limit (250/1000/2000) - 2024/01/03 20:46:17 UTC
Table: 'MYSTERY KO(727706613)#0104' 6-max (real money) Seat #3 is the button
Seat 1: Paire2Poche (79145)
Seat 2: KKofJunGle (22284)
Seat 3: Dizycotheca (23504)
Seat 4: Couscous2703 (46229)
Seat 5: P1xel7 (47296)
Seat 6: SabaleridonK (92679)
*** ANTE/BLINDS ***
Couscous2703 posts ante 250
P1xel7 posts ante 250
Paire2Poche posts ante 250
KKofJunGle posts ante 250
Dizycotheca posts ante 250
SabaleridonK posts ante 250
Couscous2703 posts small blind 1000
P1xel7 posts big blind 2000
Dealt to P1xel7 [6d Kh]
*** PRE-FLOP *** 
SabaleridonK folds
Paire2Poche folds
KKofJunGle folds
Dizycotheca raises 21254 to 23254 and is all-in
Couscous2703 raises 22725 to 45979 and is all-in
P1xel7 folds
*** FLOP *** [Qc Qh 7d]
*** TURN *** [Qc Qh 7d][8h]
*** RIVER *** [Qc Qh 7d 8h][Qd]
*** SHOW DOWN ***
Dizycotheca shows [5s As] (Trips of Queens)
Couscous2703 shows [9c Ad] (Trips of Queens)
Couscous2703 collected 72733 from pot
*** SUMMARY ***
Total pot 72733 | No rake
Board: [Qc Qh 7d 8h Qd]
Seat 3: Dizycotheca (button) showed [5s As] and lost with Trips of Queens
Seat 4: Couscous2703 (small blind) showed [9c Ad] and won 72733 with Trips of Queens


Winamax Poker - Tournament "MYSTERY KO" buyIn: 1.80€ + 0.20€ level: 14 - HandId: #3125476103917928553-146-1704314808 - Holdem no limit (250/1000/2000) - 2024/01/03 20:46:48 UTC
Table: 'MYSTERY KO(727706613)#0104' 6-max (real money) Seat #4 is the button
Seat 1: Paire2Poche (78895)
Seat 2: KKofJunGle (22034)
Seat 4: Couscous2703 (72733)
Seat 5: P1xel7 (45046)
Seat 6: SabaleridonK (92429)
*** ANTE/BLINDS ***
P1xel7 posts ante 250
SabaleridonK posts ante 250
Paire2Poche posts ante 250
KKofJunGle posts ante 250
Couscous2703 posts ante 250
P1xel7 posts small blind 1000
SabaleridonK posts big blind 2000
Dealt to P1xel7 [6c 9c]
*** PRE-FLOP *** 
Paire2Poche folds
KKofJunGle folds
Couscous2703 folds
P1xel7 folds
SabaleridonK collected 4250 from pot
*** SUMMARY ***
Total pot 4250 | No rake
Seat 6: SabaleridonK (big blind) won 4250


Winamax Poker - Tournament "MYSTERY KO" buyIn: 1.80€ + 0.20€ level: 14 - HandId: #3125476103917928553-147-1704314845 - Holdem no limit (250/1000/2000) - 2024/01/03 20:47:25 UTC
Table: 'MYSTERY KO(727706613)#0104' 6-max (real money) Seat #5 is the button
Seat 1: Paire2Poche (78645)
Seat 2: KKofJunGle (21784)
Seat 3: BEAULOULOU (294425)
Seat 4: Couscous2703 (72483)
Seat 5: P1xel7 (43796)
Seat 6: SabaleridonK (94429)
*** ANTE/BLINDS ***
SabaleridonK posts ante 250
Paire2Poche posts ante 250
KKofJunGle posts ante 250
BEAULOULOU posts ante 250
Couscous2703 posts ante 250
P1xel7 posts ante 250
SabaleridonK posts small blind 1000
Paire2Poche posts big blind 2000
Dealt to P1xel7 [Ad Td]
*** PRE-FLOP *** 
KKofJunGle raises 19534 to 21534 and is all-in
BEAULOULOU folds
Couscous2703 folds
P1xel7 calls 21534
SabaleridonK folds
Paire2Poche folds
*** FLOP *** [7h 6d Kh]
*** TURN *** [7h 6d Kh][5h]
*** RIVER *** [7h 6d Kh 5h][3s]
*** SHOW DOWN ***
P1xel7 shows [Ad Td] (High card : Ace)
KKofJunGle shows [Qs Ks] (One pair : Kings)
KKofJunGle collected 47568 from pot
*** SUMMARY ***
Total pot 47568 | No rake
Board: [7h 6d Kh 5h 3s]
Seat 2: KKofJunGle showed [Qs Ks] and won 47568 with One pair : Kings
Seat 5: P1xel7 (button) showed [Ad Td] and lost with High card : Ace


Winamax Poker - Tournament "MYSTERY KO" buyIn: 1.80€ + 0.20€ level: 15 - HandId: #3125476103917928553-148-1704314901 - Holdem no limit (300/1250/2500) - 2024/01/03 20:48:21 UTC
Table: 'MYSTERY KO(727706613)#0104' 6-max (real money) Seat #6 is the button
Seat 1: Paire2Poche (76395)
Seat 2: KKofJunGle (47568)
Seat 3: BEAULOULOU (294175)
Seat 4: Couscous2703 (72233)
Seat 5: P1xel7 (22012)
Seat 6: SabaleridonK (93179)
*** ANTE/BLINDS ***
Paire2Poche posts ante 300
KKofJunGle posts ante 300
BEAULOULOU posts ante 300
Couscous2703 posts ante 300
P1xel7 posts ante 300
SabaleridonK posts ante 300
Paire2Poche posts small blind 1250
KKofJunGle posts big blind 2500
Dealt to P1xel7 [Jd Ah]
*** PRE-FLOP *** 
BEAULOULOU folds
Couscous2703 raises 2725 to 5225
P1xel7 raises 16487 to 21712 and is all-in
SabaleridonK folds
Paire2Poche folds
KKofJunGle raises 25556 to 47268 and is all-in
Couscous2703 folds
*** FLOP *** [Ks Td Kd]
*** TURN *** [Ks Td Kd][8d]
*** RIVER *** [Ks Td Kd 8d][5h]
*** SHOW DOWN ***
P1xel7 shows [Jd Ah] (One pair : Kings)
KKofJunGle shows [Qh Qd] (Two pairs : Kings and Queens)
KKofJunGle collected 77255 from pot
*** SUMMARY ***
Total pot 77255 | No rake
Board: [Ks Td Kd 8d 5h]
Seat 2: KKofJunGle (big blind) showed [Qh Qd] and won 77255 with Two pairs : Kings and Queens
Seat 5: P1xel7 showed [Jd Ah] and lost with One pair : Kings


