Winamax Poker - Tournament "Expresso Nitro" buyIn: 4.65€ + 0.35€ level: 1 - HandId: #3184098511972990977-1-1704743583 - Holdem no limit (10/20) - 2024/01/08 19:53:03 UTC
Table: 'Expresso Nitro(741355706)#0' 3-max (real money) Seat #3 is the button
Seat 1: P1xel7 (300)
Seat 2: Bergou10 (300)
Seat 3: Kukyizan (300)
*** ANTE/BLINDS ***
P1xel7 posts small blind 10
Bergou10 posts big blind 20
Dealt to P1xel7 [Qs Ad]
*** PRE-FLOP *** 
Kukyizan folds
P1xel7 raises 20 to 40
Bergou10 calls 20
*** FLOP *** [9d Kd 8h]
P1xel7 bets 40
Bergou10 calls 40
*** TURN *** [9d Kd 8h][8s]
P1xel7 checks
Bergou10 checks
*** RIVER *** [9d Kd 8h 8s][Qd]
P1xel7 bets 56
Bergou10 raises 56 to 112
P1xel7 calls 56
*** SHOW DOWN ***
P1xel7 shows [Qs Ad] (Two pairs : Queens and 8)
Bergou10 shows [8d 5c] (Trips of 8)
Bergou10 collected 384 from pot
*** SUMMARY ***
Total pot 384 | No rake
Board: [9d Kd 8h 8s Qd]
Seat 1: P1xel7 (small blind) showed [Qs Ad] and lost with Two pairs : Queens and 8
Seat 2: Bergou10 (big blind) showed [8d 5c] and won 384 with Trips of 8


Winamax Poker - Tournament "Expresso Nitro" buyIn: 4.65€ + 0.35€ level: 1 - HandId: #3184098511972990977-2-1704743615 - Holdem no limit (10/20) - 2024/01/08 19:53:35 UTC
Table: 'Expresso Nitro(741355706)#0' 3-max (real money) Seat #1 is the button
Seat 1: P1xel7 (108)
Seat 2: Bergou10 (492)
Seat 3: Kukyizan (300)
*** ANTE/BLINDS ***
Bergou10 posts small blind 10
Kukyizan posts big blind 20
Dealt to P1xel7 [Qh Jh]
*** PRE-FLOP *** 
P1xel7 raises 88 to 108 and is all-in
Bergou10 raises 384 to 492 and is all-in
Kukyizan folds
*** FLOP *** [9s 5c 7d]
*** TURN *** [9s 5c 7d][7h]
*** RIVER *** [9s 5c 7d 7h][6c]
*** SHOW DOWN ***
P1xel7 shows [Qh Jh] (One pair : 7)
Bergou10 shows [Th Tc] (Two pairs : Tens and 7)
Bergou10 collected 620 from pot
*** SUMMARY ***
Total pot 620 | No rake
Board: [9s 5c 7d 7h 6c]
Seat 1: P1xel7 (button) showed [Qh Jh] and lost with One pair : 7
Seat 2: Bergou10 (small blind) showed [Th Tc] and won 620 with Two pairs : Tens and 7


