Winamax Poker - Tournament "Expresso Nitro W.SERIES" buyIn: 1.86€ + 0.14€ level: 1 - HandId: #3187900769210728449-1-1704922387 - Holdem no limit (10/20) - 2024/01/10 21:33:07 UTC
Table: 'Expresso Nitro W.SERIES(742240988)#0' 3-max (real money) Seat #3 is the button
Seat 1: Jualjo (300)
Seat 2: P1xel7 (300)
Seat 3: LETLOLYSPEW (300)
*** ANTE/BLINDS ***
Jualjo posts small blind 10
P1xel7 posts big blind 20
Dealt to P1xel7 [6d 6s]
*** PRE-FLOP *** 
LETLOLYSPEW folds
Jualjo calls 10
P1xel7 raises 280 to 300 and is all-in
Jualjo folds
P1xel7 collected 320 from pot
*** SUMMARY ***
Total pot 320 | No rake
Seat 2: P1xel7 (big blind) won 320


Winamax Poker - Tournament "Expresso Nitro W.SERIES" buyIn: 1.86€ + 0.14€ level: 1 - HandId: #3187900769210728449-2-1704922412 - Holdem no limit (10/20) - 2024/01/10 21:33:32 UTC
Table: 'Expresso Nitro W.SERIES(742240988)#0' 3-max (real money) Seat #1 is the button
Seat 1: Jualjo (280)
Seat 2: P1xel7 (320)
Seat 3: LETLOLYSPEW (300)
*** ANTE/BLINDS ***
P1xel7 posts small blind 10
LETLOLYSPEW posts big blind 20
Dealt to P1xel7 [7d 9s]
*** PRE-FLOP *** 
Jualjo folds
P1xel7 folds
LETLOLYSPEW collected 30 from pot
*** SUMMARY ***
Total pot 30 | No rake
Seat 3: LETLOLYSPEW (big blind) won 30


Winamax Poker - Tournament "Expresso Nitro W.SERIES" buyIn: 1.86€ + 0.14€ level: 1 - HandId: #3187900769210728449-3-1704922419 - Holdem no limit (10/20) - 2024/01/10 21:33:39 UTC
Table: 'Expresso Nitro W.SERIES(742240988)#0' 3-max (real money) Seat #2 is the button
Seat 1: Jualjo (280)
Seat 2: P1xel7 (310)
Seat 3: LETLOLYSPEW (310)
*** ANTE/BLINDS ***
LETLOLYSPEW posts small blind 10
Jualjo posts big blind 20
Dealt to P1xel7 [9h Qc]
*** PRE-FLOP *** 
P1xel7 folds
LETLOLYSPEW folds
Jualjo collected 30 from pot
*** SUMMARY ***
Total pot 30 | No rake
Seat 1: Jualjo (big blind) won 30


Winamax Poker - Tournament "Expresso Nitro W.SERIES" buyIn: 1.86€ + 0.14€ level: 1 - HandId: #3187900769210728449-4-1704922428 - Holdem no limit (10/20) - 2024/01/10 21:33:48 UTC
Table: 'Expresso Nitro W.SERIES(742240988)#0' 3-max (real money) Seat #3 is the button
Seat 1: Jualjo (290)
Seat 2: P1xel7 (310)
Seat 3: LETLOLYSPEW (300)
*** ANTE/BLINDS ***
Jualjo posts small blind 10
P1xel7 posts big blind 20
Dealt to P1xel7 [Tc Ks]
*** PRE-FLOP *** 
LETLOLYSPEW folds
Jualjo folds
P1xel7 collected 30 from pot
*** SUMMARY ***
Total pot 30 | No rake
Seat 2: P1xel7 (big blind) won 30


Winamax Poker - Tournament "Expresso Nitro W.SERIES" buyIn: 1.86€ + 0.14€ level: 1 - HandId: #3187900769210728449-5-1704922443 - Holdem no limit (10/20) - 2024/01/10 21:34:03 UTC
Table: 'Expresso Nitro W.SERIES(742240988)#0' 3-max (real money) Seat #1 is the button
Seat 1: Jualjo (280)
Seat 2: P1xel7 (320)
Seat 3: LETLOLYSPEW (300)
*** ANTE/BLINDS ***
P1xel7 posts small blind 10
LETLOLYSPEW posts big blind 20
Dealt to P1xel7 [Qc 3s]
*** PRE-FLOP *** 
Jualjo folds
P1xel7 folds
LETLOLYSPEW collected 30 from pot
*** SUMMARY ***
Total pot 30 | No rake
Seat 3: LETLOLYSPEW (big blind) won 30


Winamax Poker - Tournament "Expresso Nitro W.SERIES" buyIn: 1.86€ + 0.14€ level: 2 - HandId: #3187900769210728449-6-1704922458 - Holdem no limit (15/30) - 2024/01/10 21:34:18 UTC
Table: 'Expresso Nitro W.SERIES(742240988)#0' 3-max (real money) Seat #2 is the button
Seat 1: Jualjo (280)
Seat 2: P1xel7 (310)
Seat 3: LETLOLYSPEW (310)
*** ANTE/BLINDS ***
LETLOLYSPEW posts small blind 15
Jualjo posts big blind 30
Dealt to P1xel7 [4d 2h]
*** PRE-FLOP *** 
P1xel7 folds
LETLOLYSPEW raises 280 to 310 and is all-in
Jualjo calls 250 and is all-in
*** FLOP *** [6s 2c 2s]
*** TURN *** [6s 2c 2s][Ad]
*** RIVER *** [6s 2c 2s Ad][Qh]
*** SHOW DOWN ***
Jualjo shows [Th 9c] (One pair : 2)
LETLOLYSPEW shows [Ah 4s] (Two pairs : Aces and 2)
LETLOLYSPEW collected 590 from pot
*** SUMMARY ***
Total pot 590 | No rake
Board: [6s 2c 2s Ad Qh]
Seat 1: Jualjo (big blind) showed [Th 9c] and lost with One pair : 2
Seat 3: LETLOLYSPEW (small blind) showed [Ah 4s] and won 590 with Two pairs : Aces and 2


Winamax Poker - Tournament "Expresso Nitro W.SERIES" buyIn: 1.86€ + 0.14€ level: 2 - HandId: #3187900769210728449-7-1704922475 - Holdem no limit (15/30) - 2024/01/10 21:34:35 UTC
Table: 'Expresso Nitro W.SERIES(742240988)#0' 3-max (real money) Seat #2 is the button
Seat 2: P1xel7 (310)
Seat 3: LETLOLYSPEW (590)
*** ANTE/BLINDS ***
P1xel7 posts small blind 15
LETLOLYSPEW posts big blind 30
Dealt to P1xel7 [Js 8c]
*** PRE-FLOP *** 
P1xel7 folds
LETLOLYSPEW collected 45 from pot
*** SUMMARY ***
Total pot 45 | No rake
Seat 3: LETLOLYSPEW (big blind) won 45


Winamax Poker - Tournament "Expresso Nitro W.SERIES" buyIn: 1.86€ + 0.14€ level: 2 - HandId: #3187900769210728449-8-1704922480 - Holdem no limit (15/30) - 2024/01/10 21:34:40 UTC
Table: 'Expresso Nitro W.SERIES(742240988)#0' 3-max (real money) Seat #3 is the button
Seat 2: P1xel7 (295)
Seat 3: LETLOLYSPEW (605)
*** ANTE/BLINDS ***
LETLOLYSPEW posts small blind 15
P1xel7 posts big blind 30
Dealt to P1xel7 [Ah Th]
*** PRE-FLOP *** 
LETLOLYSPEW raises 60 to 90
P1xel7 raises 205 to 295 and is all-in
LETLOLYSPEW calls 205
*** FLOP *** [5s Kd 4c]
*** TURN *** [5s Kd 4c][2s]
*** RIVER *** [5s Kd 4c 2s][3c]
*** SHOW DOWN ***
P1xel7 shows [Ah Th] (Straight 5 high)
LETLOLYSPEW shows [9h Ac] (Straight 5 high)
LETLOLYSPEW collected 295 from pot
P1xel7 collected 295 from pot
*** SUMMARY ***
Total pot 590 | No rake
Board: [5s Kd 4c 2s 3c]
Seat 2: P1xel7 (big blind) showed [Ah Th] and won 295 with Straight 5 high
Seat 3: LETLOLYSPEW (small blind) (button) showed [9h Ac] and won 295 with Straight 5 high


Winamax Poker - Tournament "Expresso Nitro W.SERIES" buyIn: 1.86€ + 0.14€ level: 2 - HandId: #3187900769210728449-9-1704922500 - Holdem no limit (15/30) - 2024/01/10 21:35:00 UTC
Table: 'Expresso Nitro W.SERIES(742240988)#0' 3-max (real money) Seat #2 is the button
Seat 2: P1xel7 (295)
Seat 3: LETLOLYSPEW (605)
*** ANTE/BLINDS ***
P1xel7 posts small blind 15
LETLOLYSPEW posts big blind 30
Dealt to P1xel7 [As 6c]
*** PRE-FLOP *** 
P1xel7 folds
LETLOLYSPEW collected 45 from pot
*** SUMMARY ***
Total pot 45 | No rake
Seat 3: LETLOLYSPEW (big blind) won 45


Winamax Poker - Tournament "Expresso Nitro W.SERIES" buyIn: 1.86€ + 0.14€ level: 2 - HandId: #3187900769210728449-10-1704922504 - Holdem no limit (15/30) - 2024/01/10 21:35:04 UTC
Table: 'Expresso Nitro W.SERIES(742240988)#0' 3-max (real money) Seat #3 is the button
Seat 2: P1xel7 (280)
Seat 3: LETLOLYSPEW (620)
*** ANTE/BLINDS ***
LETLOLYSPEW posts small blind 15
P1xel7 posts big blind 30
Dealt to P1xel7 [Qh 8d]
*** PRE-FLOP *** 
LETLOLYSPEW raises 60 to 90
P1xel7 folds
LETLOLYSPEW collected 120 from pot
*** SUMMARY ***
Total pot 120 | No rake
Seat 3: LETLOLYSPEW (small blind) (button) won 120


Winamax Poker - Tournament "Expresso Nitro W.SERIES" buyIn: 1.86€ + 0.14€ level: 3 - HandId: #3187900769210728449-11-1704922511 - Holdem no limit (20/40) - 2024/01/10 21:35:11 UTC
Table: 'Expresso Nitro W.SERIES(742240988)#0' 3-max (real money) Seat #2 is the button
Seat 2: P1xel7 (250)
Seat 3: LETLOLYSPEW (650)
*** ANTE/BLINDS ***
P1xel7 posts small blind 20
LETLOLYSPEW posts big blind 40
Dealt to P1xel7 [2d Tc]
*** PRE-FLOP *** 
P1xel7 folds
LETLOLYSPEW collected 60 from pot
*** SUMMARY ***
Total pot 60 | No rake
Seat 3: LETLOLYSPEW (big blind) won 60


Winamax Poker - Tournament "Expresso Nitro W.SERIES" buyIn: 1.86€ + 0.14€ level: 3 - HandId: #3187900769210728449-12-1704922527 - Holdem no limit (20/40) - 2024/01/10 21:35:27 UTC
Table: 'Expresso Nitro W.SERIES(742240988)#0' 3-max (real money) Seat #3 is the button
Seat 2: P1xel7 (230)
Seat 3: LETLOLYSPEW (670)
*** ANTE/BLINDS ***
LETLOLYSPEW posts small blind 20
P1xel7 posts big blind 40
Dealt to P1xel7 [8c 2s]
*** PRE-FLOP *** 
LETLOLYSPEW folds
P1xel7 collected 60 from pot
*** SUMMARY ***
Total pot 60 | No rake
Seat 2: P1xel7 (big blind) won 60


Winamax Poker - Tournament "Expresso Nitro W.SERIES" buyIn: 1.86€ + 0.14€ level: 3 - HandId: #3187900769210728449-13-1704922534 - Holdem no limit (20/40) - 2024/01/10 21:35:34 UTC
Table: 'Expresso Nitro W.SERIES(742240988)#0' 3-max (real money) Seat #2 is the button
Seat 2: P1xel7 (250)
Seat 3: LETLOLYSPEW (650)
*** ANTE/BLINDS ***
P1xel7 posts small blind 20
LETLOLYSPEW posts big blind 40
Dealt to P1xel7 [Jh 2s]
*** PRE-FLOP *** 
P1xel7 folds
LETLOLYSPEW collected 60 from pot
*** SUMMARY ***
Total pot 60 | No rake
Seat 3: LETLOLYSPEW (big blind) won 60


Winamax Poker - Tournament "Expresso Nitro W.SERIES" buyIn: 1.86€ + 0.14€ level: 3 - HandId: #3187900769210728449-14-1704922538 - Holdem no limit (20/40) - 2024/01/10 21:35:38 UTC
Table: 'Expresso Nitro W.SERIES(742240988)#0' 3-max (real money) Seat #3 is the button
Seat 2: P1xel7 (230)
Seat 3: LETLOLYSPEW (670)
*** ANTE/BLINDS ***
LETLOLYSPEW posts small blind 20
P1xel7 posts big blind 40
Dealt to P1xel7 [8d 4c]
*** PRE-FLOP *** 
LETLOLYSPEW folds
P1xel7 collected 60 from pot
*** SUMMARY ***
Total pot 60 | No rake
Seat 2: P1xel7 (big blind) won 60


Winamax Poker - Tournament "Expresso Nitro W.SERIES" buyIn: 1.86€ + 0.14€ level: 3 - HandId: #3187900769210728449-15-1704922548 - Holdem no limit (20/40) - 2024/01/10 21:35:48 UTC
Table: 'Expresso Nitro W.SERIES(742240988)#0' 3-max (real money) Seat #2 is the button
Seat 2: P1xel7 (250)
Seat 3: LETLOLYSPEW (650)
*** ANTE/BLINDS ***
P1xel7 posts small blind 20
LETLOLYSPEW posts big blind 40
Dealt to P1xel7 [3s 4h]
*** PRE-FLOP *** 
P1xel7 folds
LETLOLYSPEW collected 60 from pot
*** SUMMARY ***
Total pot 60 | No rake
Seat 3: LETLOLYSPEW (big blind) won 60


Winamax Poker - Tournament "Expresso Nitro W.SERIES" buyIn: 1.86€ + 0.14€ level: 3 - HandId: #3187900769210728449-16-1704922554 - Holdem no limit (20/40) - 2024/01/10 21:35:54 UTC
Table: 'Expresso Nitro W.SERIES(742240988)#0' 3-max (real money) Seat #3 is the button
Seat 2: P1xel7 (230)
Seat 3: LETLOLYSPEW (670)
*** ANTE/BLINDS ***
LETLOLYSPEW posts small blind 20
P1xel7 posts big blind 40
Dealt to P1xel7 [Ad As]
*** PRE-FLOP *** 
LETLOLYSPEW raises 40 to 80
P1xel7 raises 150 to 230 and is all-in
LETLOLYSPEW calls 150
*** FLOP *** [Qc 2c 5h]
*** TURN *** [Qc 2c 5h][Ac]
*** RIVER *** [Qc 2c 5h Ac][9h]
*** SHOW DOWN ***
LETLOLYSPEW shows [Qs 8c] (One pair : Queens)
P1xel7 shows [Ad As] (Trips of Aces)
P1xel7 collected 460 from pot
*** SUMMARY ***
Total pot 460 | No rake
Board: [Qc 2c 5h Ac 9h]
Seat 2: P1xel7 (big blind) showed [Ad As] and won 460 with Trips of Aces
Seat 3: LETLOLYSPEW (small blind) (button) showed [Qs 8c] and lost with One pair : Queens


Winamax Poker - Tournament "Expresso Nitro W.SERIES" buyIn: 1.86€ + 0.14€ level: 4 - HandId: #3187900769210728449-17-1704922576 - Holdem no limit (30/60) - 2024/01/10 21:36:16 UTC
Table: 'Expresso Nitro W.SERIES(742240988)#0' 3-max (real money) Seat #2 is the button
Seat 2: P1xel7 (460)
Seat 3: LETLOLYSPEW (440)
*** ANTE/BLINDS ***
P1xel7 posts small blind 30
LETLOLYSPEW posts big blind 60
Dealt to P1xel7 [9s Qs]
*** PRE-FLOP *** 
P1xel7 raises 400 to 460 and is all-in
LETLOLYSPEW folds
P1xel7 collected 520 from pot
*** SUMMARY ***
Total pot 520 | No rake
Seat 2: P1xel7 (small blind) (button) won 520


Winamax Poker - Tournament "Expresso Nitro W.SERIES" buyIn: 1.86€ + 0.14€ level: 4 - HandId: #3187900769210728449-18-1704922586 - Holdem no limit (30/60) - 2024/01/10 21:36:26 UTC
Table: 'Expresso Nitro W.SERIES(742240988)#0' 3-max (real money) Seat #3 is the button
Seat 2: P1xel7 (520)
Seat 3: LETLOLYSPEW (380)
*** ANTE/BLINDS ***
LETLOLYSPEW posts small blind 30
P1xel7 posts big blind 60
Dealt to P1xel7 [Js 5d]
*** PRE-FLOP *** 
LETLOLYSPEW raises 320 to 380 and is all-in
P1xel7 folds
LETLOLYSPEW collected 440 from pot
*** SUMMARY ***
Total pot 440 | No rake
Seat 3: LETLOLYSPEW (small blind) (button) won 440


Winamax Poker - Tournament "Expresso Nitro W.SERIES" buyIn: 1.86€ + 0.14€ level: 4 - HandId: #3187900769210728449-19-1704922593 - Holdem no limit (30/60) - 2024/01/10 21:36:33 UTC
Table: 'Expresso Nitro W.SERIES(742240988)#0' 3-max (real money) Seat #2 is the button
Seat 2: P1xel7 (460)
Seat 3: LETLOLYSPEW (440)
*** ANTE/BLINDS ***
P1xel7 posts small blind 30
LETLOLYSPEW posts big blind 60
Dealt to P1xel7 [Qc 3s]
*** PRE-FLOP *** 
P1xel7 folds
LETLOLYSPEW collected 90 from pot
*** SUMMARY ***
Total pot 90 | No rake
Seat 3: LETLOLYSPEW (big blind) won 90


Winamax Poker - Tournament "Expresso Nitro W.SERIES" buyIn: 1.86€ + 0.14€ level: 4 - HandId: #3187900769210728449-20-1704922599 - Holdem no limit (30/60) - 2024/01/10 21:36:39 UTC
Table: 'Expresso Nitro W.SERIES(742240988)#0' 3-max (real money) Seat #3 is the button
Seat 2: P1xel7 (430)
Seat 3: LETLOLYSPEW (470)
*** ANTE/BLINDS ***
LETLOLYSPEW posts small blind 30
P1xel7 posts big blind 60
Dealt to P1xel7 [7h 7d]
*** PRE-FLOP *** 
LETLOLYSPEW raises 120 to 180
P1xel7 raises 250 to 430 and is all-in
LETLOLYSPEW raises 40 to 470 and is all-in
*** FLOP *** [3h Kd Th]
*** TURN *** [3h Kd Th][4h]
*** RIVER *** [3h Kd Th 4h][Qc]
*** SHOW DOWN ***
P1xel7 shows [7h 7d] (One pair : 7)
LETLOLYSPEW shows [Td Kc] (Two pairs : Kings and Tens)
LETLOLYSPEW collected 900 from pot
*** SUMMARY ***
Total pot 900 | No rake
Board: [3h Kd Th 4h Qc]
Seat 2: P1xel7 (big blind) showed [7h 7d] and lost with One pair : 7
Seat 3: LETLOLYSPEW (small blind) (button) showed [Td Kc] and won 900 with Two pairs : Kings and Tens


