Winamax Poker - Tournament "Starting Block WiPT - Déglingos" buyIn: 0€ + 0€ level: 1 - HandId: #3211176266434609153-1-1706123685 - Holdem no limit (10/20) - 2024/01/24 19:14:45 UTC
Table: 'Starting Block WiPT - Déglingos(747660237)#0' 6-max (real money) Seat #1 is the button
Seat 1: FD Ghost (500)
Seat 2: Cyr02H (500)
Seat 3: totaleeclipe (500)
Seat 4: sylcha (500)
Seat 5: massence8813 (500)
Seat 6: P1xel7 (500)
*** ANTE/BLINDS ***
Cyr02H posts small blind 10
totaleeclipe posts big blind 20
Dealt to P1xel7 [4d 8c]
*** PRE-FLOP *** 
sylcha raises 50 to 70
massence8813 calls 70
P1xel7 folds
FD Ghost calls 70
Cyr02H calls 60
totaleeclipe raises 430 to 500 and is all-in
sylcha calls 430 and is all-in
massence8813 folds
FD Ghost calls 430 and is all-in
Cyr02H calls 430 and is all-in
*** FLOP *** [Ah Ac Kd]
*** TURN *** [Ah Ac Kd][7s]
*** RIVER *** [Ah Ac Kd 7s][Ts]
*** SHOW DOWN ***
FD Ghost shows [8d 9d] (One pair : Aces)
Cyr02H shows [4h 9h] (One pair : Aces)
totaleeclipe shows [8h 7c] (Two pairs : Aces and 7)
sylcha shows [6c Kc] (Two pairs : Aces and Kings)
sylcha collected 2070 from pot
*** SUMMARY ***
Total pot 2070 | No rake
Board: [Ah Ac Kd 7s Ts]
Seat 1: FD Ghost (button) showed [8d 9d] and lost with One pair : Aces
Seat 2: Cyr02H (small blind) showed [4h 9h] and lost with One pair : Aces
Seat 3: totaleeclipe (big blind) showed [8h 7c] and lost with Two pairs : Aces and 7
Seat 4: sylcha showed [6c Kc] and won 2070 with Two pairs : Aces and Kings


Winamax Poker - Tournament "Starting Block WiPT - Déglingos" buyIn: 0€ + 0€ level: 1 - HandId: #3211176266434609153-2-1706123762 - Holdem no limit (10/20) - 2024/01/24 19:16:02 UTC
Table: 'Starting Block WiPT - Déglingos(747660237)#0' 6-max (real money) Seat #2 is the button
Seat 4: sylcha (2070)
Seat 5: massence8813 (430)
Seat 6: P1xel7 (500)
*** ANTE/BLINDS ***
sylcha posts big blind 20
Dealt to P1xel7 [Tc Ks]
*** PRE-FLOP *** 
massence8813 calls 20
P1xel7 calls 20
sylcha checks
*** FLOP *** [7d 5d 8c]
sylcha checks
massence8813 bets 60
P1xel7 folds
sylcha calls 60
*** TURN *** [7d 5d 8c][4c]
sylcha bets 180
massence8813 calls 180
*** RIVER *** [7d 5d 8c 4c][Kh]
sylcha bets 1810 and is all-in
massence8813 calls 170 and is all-in
*** SHOW DOWN ***
sylcha shows [2c Kc] (One pair : Kings)
massence8813 shows [9s 6d] (Straight 9 high)
massence8813 collected 880 from main pot
sylcha collected 1640 from side pot 1
*** SUMMARY ***
Total pot 2520 | No rake
Board: [7d 5d 8c 4c Kh]
Seat 4: sylcha (big blind) showed [2c Kc] and won 1640 with One pair : Kings
Seat 5: massence8813 showed [9s 6d] and won 880 with Straight 9 high


Winamax Poker - Tournament "Starting Block WiPT - Déglingos" buyIn: 0€ + 0€ level: 2 - HandId: #3211176266434609153-3-1706123798 - Holdem no limit (15/30) - 2024/01/24 19:16:38 UTC
Table: 'Starting Block WiPT - Déglingos(747660237)#0' 6-max (real money) Seat #3 is the button
Seat 4: sylcha (1640)
Seat 5: massence8813 (880)
Seat 6: P1xel7 (480)
*** ANTE/BLINDS ***
sylcha posts small blind 15
massence8813 posts big blind 30
Dealt to P1xel7 [6h 9c]
*** PRE-FLOP *** 
P1xel7 folds
sylcha raises 1610 to 1640 and is all-in
massence8813 folds
sylcha collected 1670 from pot
*** SUMMARY ***
Total pot 1670 | No rake
Seat 4: sylcha (small blind) won 1670


Winamax Poker - Tournament "Starting Block WiPT - Déglingos" buyIn: 0€ + 0€ level: 2 - HandId: #3211176266434609153-4-1706123810 - Holdem no limit (15/30) - 2024/01/24 19:16:50 UTC
Table: 'Starting Block WiPT - Déglingos(747660237)#0' 6-max (real money) Seat #4 is the button
Seat 4: sylcha (1670)
Seat 5: massence8813 (850)
Seat 6: P1xel7 (480)
*** ANTE/BLINDS ***
massence8813 posts small blind 15
P1xel7 posts big blind 30
Dealt to P1xel7 [2c Qc]
*** PRE-FLOP *** 
sylcha raises 1640 to 1670 and is all-in
massence8813 folds
P1xel7 folds
sylcha collected 1715 from pot
*** SUMMARY ***
Total pot 1715 | No rake
Seat 4: sylcha (button) won 1715


Winamax Poker - Tournament "Starting Block WiPT - Déglingos" buyIn: 0€ + 0€ level: 2 - HandId: #3211176266434609153-5-1706123825 - Holdem no limit (15/30) - 2024/01/24 19:17:05 UTC
Table: 'Starting Block WiPT - Déglingos(747660237)#0' 6-max (real money) Seat #5 is the button
Seat 4: sylcha (1715)
Seat 5: massence8813 (835)
Seat 6: P1xel7 (450)
*** ANTE/BLINDS ***
P1xel7 posts small blind 15
sylcha posts big blind 30
Dealt to P1xel7 [Jc 6s]
*** PRE-FLOP *** 
massence8813 folds
P1xel7 folds
sylcha collected 45 from pot
*** SUMMARY ***
Total pot 45 | No rake
Seat 4: sylcha (big blind) won 45


Winamax Poker - Tournament "Starting Block WiPT - Déglingos" buyIn: 0€ + 0€ level: 2 - HandId: #3211176266434609153-6-1706123840 - Holdem no limit (15/30) - 2024/01/24 19:17:20 UTC
Table: 'Starting Block WiPT - Déglingos(747660237)#0' 6-max (real money) Seat #6 is the button
Seat 4: sylcha (1730)
Seat 5: massence8813 (835)
Seat 6: P1xel7 (435)
*** ANTE/BLINDS ***
sylcha posts small blind 15
massence8813 posts big blind 30
Dealt to P1xel7 [7c 9s]
*** PRE-FLOP *** 
P1xel7 folds
sylcha raises 1700 to 1730 and is all-in
massence8813 folds
sylcha collected 1760 from pot
*** SUMMARY ***
Total pot 1760 | No rake
Seat 4: sylcha (small blind) won 1760


Winamax Poker - Tournament "Starting Block WiPT - Déglingos" buyIn: 0€ + 0€ level: 2 - HandId: #3211176266434609153-7-1706123852 - Holdem no limit (15/30) - 2024/01/24 19:17:32 UTC
Table: 'Starting Block WiPT - Déglingos(747660237)#0' 6-max (real money) Seat #4 is the button
Seat 4: sylcha (1760)
Seat 5: massence8813 (805)
Seat 6: P1xel7 (435)
*** ANTE/BLINDS ***
massence8813 posts small blind 15
P1xel7 posts big blind 30
Dealt to P1xel7 [8c 5c]
*** PRE-FLOP *** 
sylcha folds
massence8813 calls 15
P1xel7 checks
*** FLOP *** [5d 6s Qd]
massence8813 checks
P1xel7 bets 30
massence8813 folds
P1xel7 collected 90 from pot
*** SUMMARY ***
Total pot 90 | No rake
Board: [5d 6s Qd]
Seat 6: P1xel7 (big blind) won 90


Winamax Poker - Tournament "Starting Block WiPT - Déglingos" buyIn: 0€ + 0€ level: 3 - HandId: #3211176266434609153-8-1706123889 - Holdem no limit (20/40) - 2024/01/24 19:18:09 UTC
Table: 'Starting Block WiPT - Déglingos(747660237)#0' 6-max (real money) Seat #5 is the button
Seat 4: sylcha (1760)
Seat 5: massence8813 (775)
Seat 6: P1xel7 (465)
*** ANTE/BLINDS ***
P1xel7 posts small blind 20
sylcha posts big blind 40
Dealt to P1xel7 [Qd Ah]
*** PRE-FLOP *** 
massence8813 raises 40 to 80
P1xel7 raises 385 to 465 and is all-in
sylcha calls 425
massence8813 raises 310 to 775 and is all-in
sylcha calls 310
*** FLOP *** [3c 8d Ts]
*** TURN *** [3c 8d Ts][7h]
*** RIVER *** [3c 8d Ts 7h][As]
*** SHOW DOWN ***
sylcha shows [Th Js] (One pair : Tens)
P1xel7 shows [Qd Ah] (One pair : Aces)
massence8813 shows [Ad Ac] (Trips of Aces)
massence8813 collected 2015 from pot
*** SUMMARY ***
Total pot 2015 | No rake
Board: [3c 8d Ts 7h As]
Seat 4: sylcha (big blind) showed [Th Js] and lost with One pair : Tens
Seat 5: massence8813 (button) showed [Ad Ac] and won 2015 with Trips of Aces
Seat 6: P1xel7 (small blind) showed [Qd Ah] and lost with One pair : Aces


