Winamax Poker - Tournament "Starting Block WiPT - Déglingos" buyIn: 0€ + 0€ level: 1 - HandId: #3211146686994841601-1-1706122613 - Holdem no limit (10/20) - 2024/01/24 18:56:53 UTC
Table: 'Starting Block WiPT - Déglingos(747653350)#0' 6-max (real money) Seat #5 is the button
Seat 1: liamsi77 (500)
Seat 2: amimouuuu57 (500)
Seat 3: P1xel7 (500)
Seat 4: Tomi1980 (500)
Seat 5: Romu1980 (500)
Seat 6: JackOBar (500)
*** ANTE/BLINDS ***
JackOBar posts small blind 10
liamsi77 posts big blind 20
Dealt to P1xel7 [Kh 4s]
*** PRE-FLOP *** 
amimouuuu57 calls 20
P1xel7 folds
Tomi1980 calls 20
Romu1980 folds
JackOBar folds
liamsi77 checks
*** FLOP *** [2h 5s Td]
liamsi77 checks
amimouuuu57 checks
Tomi1980 checks
*** TURN *** [2h 5s Td][Jh]
liamsi77 bets 46
amimouuuu57 folds
Tomi1980 calls 46
*** RIVER *** [2h 5s Td Jh][Jc]
liamsi77 checks
Tomi1980 checks
*** SHOW DOWN ***
Tomi1980 shows [6s Ad] (One pair : Jacks)
liamsi77 shows [5c 4d] (Two pairs : Jacks and 5)
liamsi77 collected 162 from pot
*** SUMMARY ***
Total pot 162 | No rake
Board: [2h 5s Td Jh Jc]
Seat 1: liamsi77 (big blind) showed [5c 4d] and won 162 with Two pairs : Jacks and 5
Seat 4: Tomi1980 showed [6s Ad] and lost with One pair : Jacks


Winamax Poker - Tournament "Starting Block WiPT - Déglingos" buyIn: 0€ + 0€ level: 1 - HandId: #3211146686994841601-2-1706122674 - Holdem no limit (10/20) - 2024/01/24 18:57:54 UTC
Table: 'Starting Block WiPT - Déglingos(747653350)#0' 6-max (real money) Seat #6 is the button
Seat 1: liamsi77 (596)
Seat 2: amimouuuu57 (480)
Seat 3: P1xel7 (500)
Seat 4: Tomi1980 (434)
Seat 5: Romu1980 (500)
Seat 6: JackOBar (490)
*** ANTE/BLINDS ***
liamsi77 posts small blind 10
amimouuuu57 posts big blind 20
Dealt to P1xel7 [6d Ah]
*** PRE-FLOP *** 
P1xel7 folds
Tomi1980 folds
Romu1980 folds
JackOBar raises 470 to 490 and is all-in
liamsi77 calls 480
amimouuuu57 calls 460 and is all-in
*** FLOP *** [Kh 6c Td]
*** TURN *** [Kh 6c Td][8h]
*** RIVER *** [Kh 6c Td 8h][Jh]
*** SHOW DOWN ***
liamsi77 shows [4s 4c] (One pair : 4)
amimouuuu57 shows [3s As] (High card : Ace)
JackOBar shows [2h 3h] (Flush King high)
JackOBar collected 1460 from pot
*** SUMMARY ***
Total pot 1460 | No rake
Board: [Kh 6c Td 8h Jh]
Seat 1: liamsi77 (small blind) showed [4s 4c] and lost with One pair : 4
Seat 2: amimouuuu57 (big blind) showed [3s As] and lost with High card : Ace
Seat 6: JackOBar (button) showed [2h 3h] and won 1460 with Flush King high


Winamax Poker - Tournament "Starting Block WiPT - Déglingos" buyIn: 0€ + 0€ level: 2 - HandId: #3211146686994841601-3-1706122705 - Holdem no limit (15/30) - 2024/01/24 18:58:25 UTC
Table: 'Starting Block WiPT - Déglingos(747653350)#0' 6-max (real money) Seat #1 is the button
Seat 1: liamsi77 (106)
Seat 3: P1xel7 (500)
Seat 4: Tomi1980 (434)
Seat 5: Romu1980 (500)
Seat 6: JackOBar (1460)
*** ANTE/BLINDS ***
P1xel7 posts big blind 30
Dealt to P1xel7 [5s 3c]
*** PRE-FLOP *** 
Tomi1980 raises 60 to 90
Romu1980 folds
JackOBar folds
liamsi77 raises 16 to 106 and is all-in
P1xel7 folds
Tomi1980 calls 16
*** FLOP *** [Ks 2d Tc]
*** TURN *** [Ks 2d Tc][6d]
*** RIVER *** [Ks 2d Tc 6d][8h]
*** SHOW DOWN ***
liamsi77 shows [4s 3s] (High card : King)
Tomi1980 shows [7c 7h] (One pair : 7)
Tomi1980 collected 242 from pot
*** SUMMARY ***
Total pot 242 | No rake
Board: [Ks 2d Tc 6d 8h]
Seat 1: liamsi77 (button) showed [4s 3s] and lost with High card : King
Seat 4: Tomi1980 showed [7c 7h] and won 242 with One pair : 7


Winamax Poker - Tournament "Starting Block WiPT - Déglingos" buyIn: 0€ + 0€ level: 2 - HandId: #3211146686994841601-4-1706122734 - Holdem no limit (15/30) - 2024/01/24 18:58:54 UTC
Table: 'Starting Block WiPT - Déglingos(747653350)#0' 6-max (real money) Seat #2 is the button
Seat 3: P1xel7 (470)
Seat 4: Tomi1980 (570)
Seat 5: Romu1980 (500)
Seat 6: JackOBar (1460)
*** ANTE/BLINDS ***
P1xel7 posts small blind 15
Tomi1980 posts big blind 30
Dealt to P1xel7 [Qh 5h]
*** PRE-FLOP *** 
Romu1980 folds
JackOBar folds
P1xel7 folds
Tomi1980 collected 45 from pot
*** SUMMARY ***
Total pot 45 | No rake
Seat 4: Tomi1980 (big blind) won 45


Winamax Poker - Tournament "Starting Block WiPT - Déglingos" buyIn: 0€ + 0€ level: 2 - HandId: #3211146686994841601-5-1706122741 - Holdem no limit (15/30) - 2024/01/24 18:59:01 UTC
Table: 'Starting Block WiPT - Déglingos(747653350)#0' 6-max (real money) Seat #3 is the button
Seat 3: P1xel7 (455)
Seat 4: Tomi1980 (585)
Seat 5: Romu1980 (500)
Seat 6: JackOBar (1460)
*** ANTE/BLINDS ***
Tomi1980 posts small blind 15
Romu1980 posts big blind 30
Dealt to P1xel7 [8h 6h]
*** PRE-FLOP *** 
JackOBar folds
P1xel7 folds
Tomi1980 calls 15
Romu1980 raises 60 to 90
Tomi1980 calls 60
*** FLOP *** [6d 4s 4c]
Tomi1980 checks
Romu1980 bets 180
Tomi1980 folds
Romu1980 collected 360 from pot
*** SUMMARY ***
Total pot 360 | No rake
Board: [6d 4s 4c]
Seat 5: Romu1980 (big blind) won 360


Winamax Poker - Tournament "Starting Block WiPT - Déglingos" buyIn: 0€ + 0€ level: 2 - HandId: #3211146686994841601-6-1706122787 - Holdem no limit (15/30) - 2024/01/24 18:59:47 UTC
Table: 'Starting Block WiPT - Déglingos(747653350)#0' 6-max (real money) Seat #4 is the button
Seat 3: P1xel7 (455)
Seat 4: Tomi1980 (495)
Seat 5: Romu1980 (590)
Seat 6: JackOBar (1460)
*** ANTE/BLINDS ***
Romu1980 posts small blind 15
JackOBar posts big blind 30
Dealt to P1xel7 [8d 2h]
*** PRE-FLOP *** 
P1xel7 folds
Tomi1980 folds
Romu1980 raises 560 to 590 and is all-in
JackOBar folds
Romu1980 collected 620 from pot
*** SUMMARY ***
Total pot 620 | No rake
Seat 5: Romu1980 (small blind) won 620


Winamax Poker - Tournament "Starting Block WiPT - Déglingos" buyIn: 0€ + 0€ level: 3 - HandId: #3211146686994841601-7-1706122825 - Holdem no limit (20/40) - 2024/01/24 19:00:25 UTC
Table: 'Starting Block WiPT - Déglingos(747653350)#0' 6-max (real money) Seat #5 is the button
Seat 3: P1xel7 (455)
Seat 4: Tomi1980 (495)
Seat 5: Romu1980 (620)
Seat 6: JackOBar (1430)
*** ANTE/BLINDS ***
JackOBar posts small blind 20
P1xel7 posts big blind 40
Dealt to P1xel7 [Qh 8h]
*** PRE-FLOP *** 
Tomi1980 folds
Romu1980 folds
JackOBar raises 1390 to 1430 and is all-in
P1xel7 folds
JackOBar collected 1470 from pot
*** SUMMARY ***
Total pot 1470 | No rake
Seat 6: JackOBar (small blind) won 1470


Winamax Poker - Tournament "Starting Block WiPT - Déglingos" buyIn: 0€ + 0€ level: 3 - HandId: #3211146686994841601-8-1706122836 - Holdem no limit (20/40) - 2024/01/24 19:00:36 UTC
Table: 'Starting Block WiPT - Déglingos(747653350)#0' 6-max (real money) Seat #6 is the button
Seat 3: P1xel7 (415)
Seat 4: Tomi1980 (495)
Seat 5: Romu1980 (620)
Seat 6: JackOBar (1470)
*** ANTE/BLINDS ***
P1xel7 posts small blind 20
Tomi1980 posts big blind 40
Dealt to P1xel7 [8c Js]
*** PRE-FLOP *** 
Romu1980 raises 580 to 620 and is all-in
JackOBar raises 850 to 1470 and is all-in
P1xel7 folds
Tomi1980 folds
*** FLOP *** [9s 8s 3c]
*** TURN *** [9s 8s 3c][5d]
*** RIVER *** [9s 8s 3c 5d][Qc]
*** SHOW DOWN ***
Romu1980 shows [2c As] (High card : Ace)
JackOBar shows [7d 7h] (One pair : 7)
JackOBar collected 2150 from pot
*** SUMMARY ***
Total pot 2150 | No rake
Board: [9s 8s 3c 5d Qc]
Seat 5: Romu1980 showed [2c As] and lost with High card : Ace
Seat 6: JackOBar (button) showed [7d 7h] and won 2150 with One pair : 7


Winamax Poker - Tournament "Starting Block WiPT - Déglingos" buyIn: 0€ + 0€ level: 3 - HandId: #3211146686994841601-9-1706122855 - Holdem no limit (20/40) - 2024/01/24 19:00:55 UTC
Table: 'Starting Block WiPT - Déglingos(747653350)#0' 6-max (real money) Seat #3 is the button
Seat 3: P1xel7 (395)
Seat 4: Tomi1980 (455)
Seat 6: JackOBar (2150)
*** ANTE/BLINDS ***
Tomi1980 posts small blind 20
JackOBar posts big blind 40
Dealt to P1xel7 [7s Kd]
*** PRE-FLOP *** 
P1xel7 folds
Tomi1980 folds
JackOBar collected 60 from pot
*** SUMMARY ***
Total pot 60 | No rake
Seat 6: JackOBar (big blind) won 60


Winamax Poker - Tournament "Starting Block WiPT - Déglingos" buyIn: 0€ + 0€ level: 3 - HandId: #3211146686994841601-10-1706122863 - Holdem no limit (20/40) - 2024/01/24 19:01:03 UTC
Table: 'Starting Block WiPT - Déglingos(747653350)#0' 6-max (real money) Seat #4 is the button
Seat 3: P1xel7 (395)
Seat 4: Tomi1980 (435)
Seat 6: JackOBar (2170)
*** ANTE/BLINDS ***
JackOBar posts small blind 20
P1xel7 posts big blind 40
Dealt to P1xel7 [9c 2h]
*** PRE-FLOP *** 
Tomi1980 folds
JackOBar raises 80 to 120
P1xel7 folds
JackOBar collected 160 from pot
*** SUMMARY ***
Total pot 160 | No rake
Seat 6: JackOBar (small blind) won 160


Winamax Poker - Tournament "Starting Block WiPT - Déglingos" buyIn: 0€ + 0€ level: 3 - HandId: #3211146686994841601-11-1706122877 - Holdem no limit (20/40) - 2024/01/24 19:01:17 UTC
Table: 'Starting Block WiPT - Déglingos(747653350)#0' 6-max (real money) Seat #6 is the button
Seat 3: P1xel7 (355)
Seat 4: Tomi1980 (435)
Seat 6: JackOBar (2210)
*** ANTE/BLINDS ***
P1xel7 posts small blind 20
Tomi1980 posts big blind 40
Dealt to P1xel7 [Ts 4s]
*** PRE-FLOP *** 
JackOBar folds
P1xel7 folds
Tomi1980 collected 60 from pot
*** SUMMARY ***
Total pot 60 | No rake
Seat 4: Tomi1980 (big blind) won 60


Winamax Poker - Tournament "Starting Block WiPT - Déglingos" buyIn: 0€ + 0€ level: 4 - HandId: #3211146686994841601-12-1706122888 - Holdem no limit (30/60) - 2024/01/24 19:01:28 UTC
Table: 'Starting Block WiPT - Déglingos(747653350)#0' 6-max (real money) Seat #3 is the button
Seat 3: P1xel7 (335)
Seat 4: Tomi1980 (455)
Seat 6: JackOBar (2210)
*** ANTE/BLINDS ***
Tomi1980 posts small blind 30
JackOBar posts big blind 60
Dealt to P1xel7 [As 2h]
*** PRE-FLOP *** 
P1xel7 raises 275 to 335 and is all-in
Tomi1980 folds
JackOBar calls 275
*** FLOP *** [6s Kh 3s]
*** TURN *** [6s Kh 3s][7d]
*** RIVER *** [6s Kh 3s 7d][Jh]
*** SHOW DOWN ***
P1xel7 shows [As 2h] (High card : Ace)
JackOBar shows [Ks 2c] (One pair : Kings)
JackOBar collected 700 from pot
*** SUMMARY ***
Total pot 700 | No rake
Board: [6s Kh 3s 7d Jh]
Seat 3: P1xel7 (button) showed [As 2h] and lost with High card : Ace
Seat 6: JackOBar (big blind) showed [Ks 2c] and won 700 with One pair : Kings


