Winamax Poker - Tournament "Starting Block WiPT - Déglingos" buyIn: 0€ + 0€ level: 1 - HandId: #3221948181851930625-1-1706729190 - Holdem no limit (10/20) - 2024/01/31 19:26:30 UTC
Table: 'Starting Block WiPT - Déglingos(750168269)#0' 6-max (real money) Seat #2 is the button
Seat 1: colucci28 (500)
Seat 2: SCRIBE 777 (500)
Seat 3: iz no good (500)
Seat 4: P1xel7 (500)
Seat 5: TR_bl44 (500)
Seat 6: Mooglie1974 (500)
*** ANTE/BLINDS ***
iz no good posts small blind 10
P1xel7 posts big blind 20
Dealt to P1xel7 [3d As]
*** PRE-FLOP *** 
TR_bl44 calls 20
Mooglie1974 folds
colucci28 raises 70 to 90
SCRIBE 777 raises 410 to 500 and is all-in
iz no good calls 490 and is all-in
P1xel7 folds
TR_bl44 folds
colucci28 calls 410 and is all-in
*** FLOP *** [Qd Ah 9c]
*** TURN *** [Qd Ah 9c][5d]
*** RIVER *** [Qd Ah 9c 5d][4d]
*** SHOW DOWN ***
colucci28 shows [Ks Tc] (High card : Ace)
iz no good shows [Jc 8h] (High card : Ace)
SCRIBE 777 shows [Qc Qh] (Trips of Queens)
SCRIBE 777 collected 1540 from pot
*** SUMMARY ***
Total pot 1540 | No rake
Board: [Qd Ah 9c 5d 4d]
Seat 1: colucci28 showed [Ks Tc] and lost with High card : Ace
Seat 2: SCRIBE 777 (button) showed [Qc Qh] and won 1540 with Trips of Queens
Seat 3: iz no good (small blind) showed [Jc 8h] and lost with High card : Ace


Winamax Poker - Tournament "Starting Block WiPT - Déglingos" buyIn: 0€ + 0€ level: 1 - HandId: #3221948181851930625-2-1706729217 - Holdem no limit (10/20) - 2024/01/31 19:26:57 UTC
Table: 'Starting Block WiPT - Déglingos(750168269)#0' 6-max (real money) Seat #3 is the button
Seat 2: SCRIBE 777 (1540)
Seat 4: P1xel7 (480)
Seat 5: TR_bl44 (480)
Seat 6: Mooglie1974 (500)
*** ANTE/BLINDS ***
P1xel7 posts small blind 10
TR_bl44 posts big blind 20
Dealt to P1xel7 [5c Ac]
*** PRE-FLOP *** 
Mooglie1974 calls 20
SCRIBE 777 calls 20
P1xel7 calls 10
TR_bl44 checks
*** FLOP *** [4s 2c 4d]
P1xel7 checks
TR_bl44 checks
Mooglie1974 checks
SCRIBE 777 checks
*** TURN *** [4s 2c 4d][6c]
P1xel7 bets 20
TR_bl44 folds
Mooglie1974 folds
SCRIBE 777 folds
P1xel7 collected 100 from pot
*** SUMMARY ***
Total pot 100 | No rake
Board: [4s 2c 4d 6c]
Seat 4: P1xel7 (small blind) won 100


Winamax Poker - Tournament "Starting Block WiPT - Déglingos" buyIn: 0€ + 0€ level: 1 - HandId: #3221948181851930625-3-1706729251 - Holdem no limit (10/20) - 2024/01/31 19:27:31 UTC
Table: 'Starting Block WiPT - Déglingos(750168269)#0' 6-max (real money) Seat #4 is the button
Seat 2: SCRIBE 777 (1520)
Seat 4: P1xel7 (540)
Seat 5: TR_bl44 (460)
Seat 6: Mooglie1974 (480)
*** ANTE/BLINDS ***
TR_bl44 posts small blind 10
Mooglie1974 posts big blind 20
Dealt to P1xel7 [2s Qs]
*** PRE-FLOP *** 
SCRIBE 777 raises 1500 to 1520 and is all-in
P1xel7 folds
TR_bl44 calls 450 and is all-in
Mooglie1974 calls 460 and is all-in
*** FLOP *** [3h 7c 7d]
*** TURN *** [3h 7c 7d][6d]
*** RIVER *** [3h 7c 7d 6d][Kh]
*** SHOW DOWN ***
Mooglie1974 shows [5h 8c] (One pair : 7)
SCRIBE 777 shows [Jd Qc] (One pair : 7)
TR_bl44 shows [Qh 7s] (Trips of 7)
TR_bl44 collected 1380 from main pot
SCRIBE 777 collected 1080 from side pot 1
*** SUMMARY ***
Total pot 2460 | No rake
Board: [3h 7c 7d 6d Kh]
Seat 2: SCRIBE 777 showed [Jd Qc] and won 1080 with One pair : 7
Seat 5: TR_bl44 (small blind) showed [Qh 7s] and won 1380 with Trips of 7
Seat 6: Mooglie1974 (big blind) showed [5h 8c] and lost with One pair : 7


Winamax Poker - Tournament "Starting Block WiPT - Déglingos" buyIn: 0€ + 0€ level: 1 - HandId: #3221948181851930625-4-1706729270 - Holdem no limit (10/20) - 2024/01/31 19:27:50 UTC
Table: 'Starting Block WiPT - Déglingos(750168269)#0' 6-max (real money) Seat #5 is the button
Seat 2: SCRIBE 777 (1080)
Seat 4: P1xel7 (540)
Seat 5: TR_bl44 (1380)
*** ANTE/BLINDS ***
SCRIBE 777 posts big blind 20
Dealt to P1xel7 [7h 9h]
*** PRE-FLOP *** 
P1xel7 folds
TR_bl44 calls 20
SCRIBE 777 checks
*** FLOP *** [Th 7d 6c]
SCRIBE 777 checks
TR_bl44 checks
*** TURN *** [Th 7d 6c][Qs]
SCRIBE 777 checks
TR_bl44 checks
*** RIVER *** [Th 7d 6c Qs][Kh]
SCRIBE 777 checks
TR_bl44 bets 40
SCRIBE 777 folds
TR_bl44 collected 80 from pot
*** SUMMARY ***
Total pot 80 | No rake
Board: [Th 7d 6c Qs Kh]
Seat 5: TR_bl44 (button) won 80


Winamax Poker - Tournament "Starting Block WiPT - Déglingos" buyIn: 0€ + 0€ level: 2 - HandId: #3221948181851930625-5-1706729315 - Holdem no limit (15/30) - 2024/01/31 19:28:35 UTC
Table: 'Starting Block WiPT - Déglingos(750168269)#0' 6-max (real money) Seat #6 is the button
Seat 2: SCRIBE 777 (1060)
Seat 4: P1xel7 (540)
Seat 5: TR_bl44 (1400)
*** ANTE/BLINDS ***
SCRIBE 777 posts small blind 15
P1xel7 posts big blind 30
Dealt to P1xel7 [Kh 4s]
*** PRE-FLOP *** 
TR_bl44 calls 30
SCRIBE 777 raises 1030 to 1060 and is all-in
P1xel7 folds
TR_bl44 folds
SCRIBE 777 collected 1120 from pot
*** SUMMARY ***
Total pot 1120 | No rake
Seat 2: SCRIBE 777 (small blind) won 1120


Winamax Poker - Tournament "Starting Block WiPT - Déglingos" buyIn: 0€ + 0€ level: 2 - HandId: #3221948181851930625-6-1706729335 - Holdem no limit (15/30) - 2024/01/31 19:28:55 UTC
Table: 'Starting Block WiPT - Déglingos(750168269)#0' 6-max (real money) Seat #2 is the button
Seat 2: SCRIBE 777 (1120)
Seat 4: P1xel7 (510)
Seat 5: TR_bl44 (1370)
*** ANTE/BLINDS ***
P1xel7 posts small blind 15
TR_bl44 posts big blind 30
Dealt to P1xel7 [3s 9s]
*** PRE-FLOP *** 
SCRIBE 777 folds
P1xel7 folds
TR_bl44 collected 45 from pot
*** SUMMARY ***
Total pot 45 | No rake
Seat 5: TR_bl44 (big blind) won 45


Winamax Poker - Tournament "Starting Block WiPT - Déglingos" buyIn: 0€ + 0€ level: 2 - HandId: #3221948181851930625-7-1706729342 - Holdem no limit (15/30) - 2024/01/31 19:29:02 UTC
Table: 'Starting Block WiPT - Déglingos(750168269)#0' 6-max (real money) Seat #4 is the button
Seat 2: SCRIBE 777 (1120)
Seat 4: P1xel7 (495)
Seat 5: TR_bl44 (1385)
*** ANTE/BLINDS ***
TR_bl44 posts small blind 15
SCRIBE 777 posts big blind 30
Dealt to P1xel7 [2c 3s]
*** PRE-FLOP *** 
P1xel7 folds
TR_bl44 calls 15
SCRIBE 777 checks
*** FLOP *** [Qh Kd Qs]
TR_bl44 checks
SCRIBE 777 checks
*** TURN *** [Qh Kd Qs][Kh]
TR_bl44 checks
SCRIBE 777 checks
*** RIVER *** [Qh Kd Qs Kh][5s]
TR_bl44 bets 30
SCRIBE 777 folds
TR_bl44 collected 90 from pot
*** SUMMARY ***
Total pot 90 | No rake
Board: [Qh Kd Qs Kh 5s]
Seat 5: TR_bl44 (small blind) won 90


Winamax Poker - Tournament "Starting Block WiPT - Déglingos" buyIn: 0€ + 0€ level: 3 - HandId: #3221948181851930625-8-1706729368 - Holdem no limit (20/40) - 2024/01/31 19:29:28 UTC
Table: 'Starting Block WiPT - Déglingos(750168269)#0' 6-max (real money) Seat #5 is the button
Seat 2: SCRIBE 777 (1090)
Seat 4: P1xel7 (495)
Seat 5: TR_bl44 (1415)
*** ANTE/BLINDS ***
SCRIBE 777 posts small blind 20
P1xel7 posts big blind 40
Dealt to P1xel7 [6d 5c]
*** PRE-FLOP *** 
TR_bl44 calls 40
SCRIBE 777 folds
P1xel7 checks
*** FLOP *** [7s Ah Ac]
P1xel7 bets 40
TR_bl44 folds
P1xel7 collected 140 from pot
*** SUMMARY ***
Total pot 140 | No rake
Board: [7s Ah Ac]
Seat 4: P1xel7 (big blind) won 140


Winamax Poker - Tournament "Starting Block WiPT - Déglingos" buyIn: 0€ + 0€ level: 3 - HandId: #3221948181851930625-9-1706729387 - Holdem no limit (20/40) - 2024/01/31 19:29:47 UTC
Table: 'Starting Block WiPT - Déglingos(750168269)#0' 6-max (real money) Seat #2 is the button
Seat 2: SCRIBE 777 (1070)
Seat 4: P1xel7 (555)
Seat 5: TR_bl44 (1375)
*** ANTE/BLINDS ***
P1xel7 posts small blind 20
TR_bl44 posts big blind 40
Dealt to P1xel7 [5h 7c]
*** PRE-FLOP *** 
SCRIBE 777 folds
P1xel7 folds
TR_bl44 collected 60 from pot
*** SUMMARY ***
Total pot 60 | No rake
Seat 5: TR_bl44 (big blind) won 60


Winamax Poker - Tournament "Starting Block WiPT - Déglingos" buyIn: 0€ + 0€ level: 3 - HandId: #3221948181851930625-10-1706729391 - Holdem no limit (20/40) - 2024/01/31 19:29:51 UTC
Table: 'Starting Block WiPT - Déglingos(750168269)#0' 6-max (real money) Seat #4 is the button
Seat 2: SCRIBE 777 (1070)
Seat 4: P1xel7 (535)
Seat 5: TR_bl44 (1395)
*** ANTE/BLINDS ***
TR_bl44 posts small blind 20
SCRIBE 777 posts big blind 40
Dealt to P1xel7 [3c 7h]
*** PRE-FLOP *** 
P1xel7 folds
TR_bl44 calls 20
SCRIBE 777 checks
*** FLOP *** [7s 2d 4c]
TR_bl44 checks
SCRIBE 777 bets 1030 and is all-in
TR_bl44 folds
SCRIBE 777 collected 1110 from pot
*** SUMMARY ***
Total pot 1110 | No rake
Board: [7s 2d 4c]
Seat 2: SCRIBE 777 (big blind) won 1110


Winamax Poker - Tournament "Starting Block WiPT - Déglingos" buyIn: 0€ + 0€ level: 3 - HandId: #3221948181851930625-11-1706729417 - Holdem no limit (20/40) - 2024/01/31 19:30:17 UTC
Table: 'Starting Block WiPT - Déglingos(750168269)#0' 6-max (real money) Seat #5 is the button
Seat 2: SCRIBE 777 (1110)
Seat 4: P1xel7 (535)
Seat 5: TR_bl44 (1355)
*** ANTE/BLINDS ***
SCRIBE 777 posts small blind 20
P1xel7 posts big blind 40
Dealt to P1xel7 [9c 5c]
*** PRE-FLOP *** 
TR_bl44 calls 40
SCRIBE 777 folds
P1xel7 checks
*** FLOP *** [Ac 4s Tc]
P1xel7 checks
TR_bl44 checks
*** TURN *** [Ac 4s Tc][6d]
P1xel7 bets 40
TR_bl44 folds
P1xel7 collected 140 from pot
*** SUMMARY ***
Total pot 140 | No rake
Board: [Ac 4s Tc 6d]
Seat 4: P1xel7 (big blind) won 140


Winamax Poker - Tournament "Starting Block WiPT - Déglingos" buyIn: 0€ + 0€ level: 3 - HandId: #3221948181851930625-12-1706729454 - Holdem no limit (20/40) - 2024/01/31 19:30:54 UTC
Table: 'Starting Block WiPT - Déglingos(750168269)#0' 6-max (real money) Seat #2 is the button
Seat 2: SCRIBE 777 (1090)
Seat 4: P1xel7 (595)
Seat 5: TR_bl44 (1315)
*** ANTE/BLINDS ***
P1xel7 posts small blind 20
TR_bl44 posts big blind 40
Dealt to P1xel7 [8d 8s]
*** PRE-FLOP *** 
SCRIBE 777 folds
P1xel7 raises 555 to 595 and is all-in
TR_bl44 calls 555
*** FLOP *** [5d 9c 4c]
*** TURN *** [5d 9c 4c][Kh]
*** RIVER *** [5d 9c 4c Kh][3h]
*** SHOW DOWN ***
P1xel7 shows [8d 8s] (One pair : 8)
TR_bl44 shows [Jh 9h] (One pair : 9)
TR_bl44 collected 1190 from pot
*** SUMMARY ***
Total pot 1190 | No rake
Board: [5d 9c 4c Kh 3h]
Seat 4: P1xel7 (small blind) showed [8d 8s] and lost with One pair : 8
Seat 5: TR_bl44 (big blind) showed [Jh 9h] and won 1190 with One pair : 9


