Winamax Poker - Tournament "SPARTACUS" buyIn: 1.80€ + 0.20€ level: 1 - HandId: #3132831501700300914-1-1704654064 - Holdem no limit (25/100/200) - 2024/01/07 19:01:04 UTC
Table: 'SPARTACUS(729419175)#0113' 8-max (real money) Seat #3 is the button
Seat 1: G_point69 (20000, 0.90€ bounty)
Seat 2: 7echno (20000, 0.90€ bounty)
Seat 3: BFox06 (20000, 0.90€ bounty)
Seat 4: P1xel7 (20000, 0.90€ bounty)
Seat 5: B1G BEN (20000, 0.90€ bounty)
Seat 6: Sharkadem (20000, 0.90€ bounty)
Seat 7: the boss_87 (20000, 0.90€ bounty)
Seat 8: fg77 (20000, 0.90€ bounty)
*** ANTE/BLINDS ***
P1xel7 posts ante 25
B1G BEN posts ante 25
G_point69 posts ante 25
7echno posts ante 25
BFox06 posts ante 25
Sharkadem posts ante 25
the boss_87 posts ante 25
fg77 posts ante 25
P1xel7 posts small blind 100
B1G BEN posts big blind 200
Dealt to P1xel7 [Ks 5s]
*** PRE-FLOP *** 
Sharkadem calls 200
the boss_87 folds
fg77 folds
G_point69 folds
7echno calls 200
BFox06 calls 200
P1xel7 calls 100
B1G BEN checks
*** FLOP *** [5d Kc Td]
P1xel7 checks
B1G BEN checks
Sharkadem checks
7echno checks
BFox06 checks
*** TURN *** [5d Kc Td][Kd]
P1xel7 bets 420
B1G BEN calls 420
Sharkadem folds
7echno folds
BFox06 calls 420
*** RIVER *** [5d Kc Td Kd][9s]
P1xel7 bets 861
B1G BEN folds
BFox06 calls 861
*** SHOW DOWN ***
BFox06 shows [Tc 8s] (Two pairs : Kings and Tens)
P1xel7 shows [Ks 5s] (Full of Kings and 5)
P1xel7 collected 4182 from pot
*** SUMMARY ***
Total pot 4182 | No rake
Board: [5d Kc Td Kd 9s]
Seat 3: BFox06 (button) showed [Tc 8s] and lost with Two pairs : Kings and Tens
Seat 4: P1xel7 (small blind) showed [Ks 5s] and won 4182 with Full of Kings and 5


Winamax Poker - Tournament "SPARTACUS" buyIn: 1.80€ + 0.20€ level: 2 - HandId: #3132831501700300914-2-1704654211 - Holdem no limit (30/125/250) - 2024/01/07 19:03:31 UTC
Table: 'SPARTACUS(729419175)#0113' 8-max (real money) Seat #4 is the button
Seat 1: G_point69 (19975, 0.90€ bounty)
Seat 2: 7echno (19775, 0.90€ bounty)
Seat 3: BFox06 (18494, 0.90€ bounty)
Seat 4: P1xel7 (22676, 0.90€ bounty)
Seat 5: B1G BEN (19355, 0.90€ bounty)
Seat 6: Sharkadem (19775, 0.90€ bounty)
Seat 7: the boss_87 (19975, 0.90€ bounty)
Seat 8: fg77 (19975, 0.90€ bounty)
*** ANTE/BLINDS ***
B1G BEN posts ante 30
Sharkadem posts ante 30
G_point69 posts ante 30
7echno posts ante 30
BFox06 posts ante 30
P1xel7 posts ante 30
the boss_87 posts ante 30
fg77 posts ante 30
B1G BEN posts small blind 125
Sharkadem posts big blind 250
Dealt to P1xel7 [Qs As]
*** PRE-FLOP *** 
the boss_87 folds
fg77 folds
G_point69 folds
7echno folds
BFox06 folds
P1xel7 raises 300 to 550
B1G BEN folds
Sharkadem calls 300
*** FLOP *** [4d 5c 2c]
Sharkadem checks
P1xel7 checks
*** TURN *** [4d 5c 2c][Jh]
Sharkadem checks
P1xel7 bets 513
Sharkadem folds
P1xel7 collected 1978 from pot
*** SUMMARY ***
Total pot 1978 | No rake
Board: [4d 5c 2c Jh]
Seat 4: P1xel7 (button) won 1978


Winamax Poker - Tournament "SPARTACUS" buyIn: 1.80€ + 0.20€ level: 2 - HandId: #3132831501700300914-3-1704654251 - Holdem no limit (30/125/250) - 2024/01/07 19:04:11 UTC
Table: 'SPARTACUS(729419175)#0113' 8-max (real money) Seat #5 is the button
Seat 1: G_point69 (19945, 0.90€ bounty)
Seat 2: 7echno (19745, 0.90€ bounty)
Seat 3: BFox06 (18464, 0.90€ bounty)
Seat 4: P1xel7 (23561, 0.90€ bounty)
Seat 5: B1G BEN (19200, 0.90€ bounty)
Seat 6: Sharkadem (19195, 0.90€ bounty)
Seat 7: the boss_87 (19945, 0.90€ bounty)
Seat 8: fg77 (19945, 0.90€ bounty)
*** ANTE/BLINDS ***
Sharkadem posts ante 30
the boss_87 posts ante 30
G_point69 posts ante 30
7echno posts ante 30
BFox06 posts ante 30
P1xel7 posts ante 30
B1G BEN posts ante 30
fg77 posts ante 30
Sharkadem posts small blind 125
the boss_87 posts big blind 250
Dealt to P1xel7 [5d 5c]
*** PRE-FLOP *** 
fg77 raises 375 to 625
G_point69 folds
7echno calls 625
BFox06 calls 625
P1xel7 folds
B1G BEN calls 625
Sharkadem folds
the boss_87 folds
*** FLOP *** [7s 8c Kd]
fg77 checks
7echno checks
BFox06 checks
B1G BEN checks
*** TURN *** [7s 8c Kd][As]
fg77 bets 1290
7echno folds
BFox06 raises 3250 to 4540
B1G BEN folds
fg77 calls 3250
*** RIVER *** [7s 8c Kd As][3h]
fg77 checks
BFox06 bets 4268
fg77 calls 4268
*** SHOW DOWN ***
fg77 shows [Ac Td] (One pair : Aces)
BFox06 shows [8s Ad] (Two pairs : Aces and 8)
BFox06 collected 20731 from pot
*** SUMMARY ***
Total pot 20731 | No rake
Board: [7s 8c Kd As 3h]
Seat 3: BFox06 showed [8s Ad] and won 20731 with Two pairs : Aces and 8
Seat 8: fg77 showed [Ac Td] and lost with One pair : Aces


Winamax Poker - Tournament "SPARTACUS" buyIn: 1.80€ + 0.20€ level: 2 - HandId: #3132831501700300914-4-1704654351 - Holdem no limit (30/125/250) - 2024/01/07 19:05:51 UTC
Table: 'SPARTACUS(729419175)#0113' 8-max (real money) Seat #6 is the button
Seat 1: G_point69 (19915, 0.90€ bounty)
Seat 2: 7echno (19090, 0.90€ bounty)
Seat 3: BFox06 (29732, 0.90€ bounty)
Seat 4: P1xel7 (23531, 0.90€ bounty)
Seat 5: B1G BEN (18545, 0.90€ bounty)
Seat 6: Sharkadem (19040, 0.90€ bounty)
Seat 7: the boss_87 (19665, 0.90€ bounty)
Seat 8: fg77 (10482, 0.90€ bounty)
*** ANTE/BLINDS ***
the boss_87 posts ante 30
fg77 posts ante 30
G_point69 posts ante 30
7echno posts ante 30
BFox06 posts ante 30
P1xel7 posts ante 30
B1G BEN posts ante 30
Sharkadem posts ante 30
the boss_87 posts small blind 125
fg77 posts big blind 250
Dealt to P1xel7 [Js 8s]
*** PRE-FLOP *** 
G_point69 folds
7echno folds
BFox06 folds
P1xel7 raises 300 to 550
B1G BEN calls 550
Sharkadem folds
the boss_87 calls 425
fg77 calls 300
*** FLOP *** [Ad As Ts]
the boss_87 checks
fg77 bets 1002
P1xel7 calls 1002
B1G BEN folds
the boss_87 folds
*** TURN *** [Ad As Ts][2d]
fg77 bets 2200
P1xel7 folds
fg77 collected 6644 from pot
*** SUMMARY ***
Total pot 6644 | No rake
Board: [Ad As Ts 2d]
Seat 8: fg77 (big blind) won 6644


Winamax Poker - Tournament "SPARTACUS" buyIn: 1.80€ + 0.20€ level: 3 - HandId: #3132831501700300914-5-1704654428 - Holdem no limit (35/150/300) - 2024/01/07 19:07:08 UTC
Table: 'SPARTACUS(729419175)#0113' 8-max (real money) Seat #7 is the button
Seat 1: G_point69 (19885, 0.90€ bounty)
Seat 2: 7echno (19060, 0.90€ bounty)
Seat 3: BFox06 (29702, 0.90€ bounty)
Seat 4: P1xel7 (21949, 0.90€ bounty)
Seat 5: B1G BEN (17965, 0.90€ bounty)
Seat 6: Sharkadem (19010, 0.90€ bounty)
Seat 7: the boss_87 (19085, 0.90€ bounty)
Seat 8: fg77 (13344, 0.90€ bounty)
*** ANTE/BLINDS ***
fg77 posts ante 35
G_point69 posts ante 35
7echno posts ante 35
BFox06 posts ante 35
P1xel7 posts ante 35
B1G BEN posts ante 35
Sharkadem posts ante 35
the boss_87 posts ante 35
fg77 posts small blind 150
G_point69 posts big blind 300
Dealt to P1xel7 [3h 6d]
*** PRE-FLOP *** 
7echno folds
BFox06 raises 1030 to 1330
P1xel7 folds
B1G BEN folds
Sharkadem folds
the boss_87 folds
fg77 folds
G_point69 calls 1030
*** FLOP *** [8s 2h Qc]
G_point69 checks
BFox06 bets 1082
G_point69 folds
BFox06 collected 4172 from pot
*** SUMMARY ***
Total pot 4172 | No rake
Board: [8s 2h Qc]
Seat 3: BFox06 won 4172


Winamax Poker - Tournament "SPARTACUS" buyIn: 1.80€ + 0.20€ level: 3 - HandId: #3132831501700300914-6-1704654456 - Holdem no limit (35/150/300) - 2024/01/07 19:07:36 UTC
Table: 'SPARTACUS(729419175)#0113' 8-max (real money) Seat #8 is the button
Seat 1: G_point69 (18520, 0.90€ bounty)
Seat 2: 7echno (19025, 0.90€ bounty)
Seat 3: BFox06 (31427, 0.90€ bounty)
Seat 4: P1xel7 (21914, 0.90€ bounty)
Seat 5: B1G BEN (17930, 0.90€ bounty)
Seat 6: Sharkadem (18975, 0.90€ bounty)
Seat 7: the boss_87 (19050, 0.90€ bounty)
Seat 8: fg77 (13159, 0.90€ bounty)
*** ANTE/BLINDS ***
G_point69 posts ante 35
7echno posts ante 35
BFox06 posts ante 35
P1xel7 posts ante 35
B1G BEN posts ante 35
Sharkadem posts ante 35
the boss_87 posts ante 35
fg77 posts ante 35
G_point69 posts small blind 150
7echno posts big blind 300
Dealt to P1xel7 [7s 4d]
*** PRE-FLOP *** 
BFox06 calls 300
P1xel7 folds
B1G BEN folds
Sharkadem folds
the boss_87 calls 300
fg77 folds
G_point69 calls 150
7echno checks
*** FLOP *** [Td 6s 5c]
G_point69 checks
7echno checks
BFox06 bets 962
the boss_87 calls 962
G_point69 folds
7echno folds
*** TURN *** [Td 6s 5c][Th]
BFox06 bets 2213
the boss_87 calls 2213
*** RIVER *** [Td 6s 5c Th][8s]
BFox06 bets 2741
the boss_87 calls 2741
*** SHOW DOWN ***
the boss_87 shows [Ad 5h] (Two pairs : Tens and 5)
BFox06 shows [Jh Tc] (Trips of Tens)
BFox06 collected 13312 from pot
*** SUMMARY ***
Total pot 13312 | No rake
Board: [Td 6s 5c Th 8s]
Seat 3: BFox06 showed [Jh Tc] and won 13312 with Trips of Tens
Seat 7: the boss_87 showed [Ad 5h] and lost with Two pairs : Tens and 5


Winamax Poker - Tournament "SPARTACUS" buyIn: 1.80€ + 0.20€ level: 3 - HandId: #3132831501700300914-7-1704654516 - Holdem no limit (35/150/300) - 2024/01/07 19:08:36 UTC
Table: 'SPARTACUS(729419175)#0113' 8-max (real money) Seat #1 is the button
Seat 1: G_point69 (18185, 0.90€ bounty)
Seat 2: 7echno (18690, 0.90€ bounty)
Seat 3: BFox06 (38488, 0.90€ bounty)
Seat 4: P1xel7 (21879, 0.90€ bounty)
Seat 5: B1G BEN (17895, 0.90€ bounty)
Seat 6: Sharkadem (18940, 0.90€ bounty)
Seat 7: the boss_87 (12799, 0.90€ bounty)
Seat 8: fg77 (13124, 0.90€ bounty)
*** ANTE/BLINDS ***
7echno posts ante 35
BFox06 posts ante 35
G_point69 posts ante 35
P1xel7 posts ante 35
B1G BEN posts ante 35
Sharkadem posts ante 35
the boss_87 posts ante 35
fg77 posts ante 35
7echno posts small blind 150
BFox06 posts big blind 300
Dealt to P1xel7 [9d 5s]
*** PRE-FLOP *** 
P1xel7 folds
B1G BEN raises 375 to 675
Sharkadem folds
the boss_87 raises 1350 to 2025
fg77 folds
G_point69 folds
7echno folds
BFox06 raises 5155 to 7180
B1G BEN raises 10680 to 17860 and is all-in
the boss_87 calls 10739 and is all-in
BFox06 calls 10680
*** FLOP *** [7c Qs Ah]
*** TURN *** [7c Qs Ah][4d]
*** RIVER *** [7c Qs Ah 4d][Jd]
*** SHOW DOWN ***
B1G BEN shows [6s 6c] (One pair : 6)
BFox06 shows [Ad Ks] (One pair : Aces)
the boss_87 shows [As Kd] (One pair : Aces)
the boss_87 collected 19361 from main pot
BFox06 collected 29553 from side pot 1
*** SUMMARY ***
Total pot 48914 | No rake
Board: [7c Qs Ah 4d Jd]
Seat 3: BFox06 (big blind) showed [Ad Ks] and won 29553 with One pair : Aces
Seat 5: B1G BEN showed [6s 6c] and lost with One pair : 6
Seat 7: the boss_87 showed [As Kd] and won 19361 with One pair : Aces


Winamax Poker - Tournament "SPARTACUS" buyIn: 1.80€ + 0.20€ level: 3 - HandId: #3132831501700300914-8-1704654552 - Holdem no limit (35/150/300) - 2024/01/07 19:09:12 UTC
Table: 'SPARTACUS(729419175)#0113' 8-max (real money) Seat #2 is the button
Seat 1: G_point69 (18150, 0.90€ bounty)
Seat 2: 7echno (18505, 0.90€ bounty)
Seat 3: BFox06 (50146, 1.35€ bounty)
Seat 4: P1xel7 (21844, 0.90€ bounty)
Seat 6: Sharkadem (18905, 0.90€ bounty)
Seat 7: the boss_87 (19361, 0.90€ bounty)
Seat 8: fg77 (13089, 0.90€ bounty)
*** ANTE/BLINDS ***
BFox06 posts ante 35
P1xel7 posts ante 35
G_point69 posts ante 35
7echno posts ante 35
Sharkadem posts ante 35
the boss_87 posts ante 35
fg77 posts ante 35
BFox06 posts small blind 150
P1xel7 posts big blind 300
Dealt to P1xel7 [As 7c]
*** PRE-FLOP *** 
Sharkadem folds
the boss_87 folds
fg77 folds
G_point69 folds
7echno folds
BFox06 calls 150
P1xel7 checks
*** FLOP *** [Th 6d 5s]
BFox06 checks
P1xel7 bets 549
BFox06 calls 549
*** TURN *** [Th 6d 5s][4h]
BFox06 checks
P1xel7 bets 972
BFox06 folds
P1xel7 collected 2915 from pot
*** SUMMARY ***
Total pot 2915 | No rake
Board: [Th 6d 5s 4h]
Seat 4: P1xel7 (big blind) won 2915


Winamax Poker - Tournament "SPARTACUS" buyIn: 1.80€ + 0.20€ level: 3 - HandId: #3132831501700300914-9-1704654588 - Holdem no limit (35/150/300) - 2024/01/07 19:09:48 UTC
Table: 'SPARTACUS(729419175)#0113' 8-max (real money) Seat #3 is the button
Seat 1: G_point69 (18115, 0.90€ bounty)
Seat 2: 7echno (18470, 0.90€ bounty)
Seat 3: BFox06 (49262, 1.35€ bounty)
Seat 4: P1xel7 (22903, 0.90€ bounty)
Seat 5: clemanus (20000, 0.90€ bounty)
Seat 6: Sharkadem (18870, 0.90€ bounty)
Seat 7: the boss_87 (19326, 0.90€ bounty)
Seat 8: fg77 (13054, 0.90€ bounty)
*** ANTE/BLINDS ***
P1xel7 posts ante 35
clemanus posts ante 35
G_point69 posts ante 35
7echno posts ante 35
BFox06 posts ante 35
Sharkadem posts ante 35
the boss_87 posts ante 35
fg77 posts ante 35
P1xel7 posts small blind 150
clemanus posts big blind 300
Dealt to P1xel7 [8h 8s]
*** PRE-FLOP *** 
Sharkadem folds
the boss_87 raises 300 to 600
fg77 folds
G_point69 folds
7echno folds
BFox06 calls 600
P1xel7 calls 450
clemanus folds
*** FLOP *** [Th Tc 9d]
P1xel7 checks
the boss_87 checks
BFox06 checks
*** TURN *** [Th Tc 9d][6h]
P1xel7 checks
the boss_87 checks
BFox06 bets 1547
P1xel7 calls 1547
the boss_87 folds
*** RIVER *** [Th Tc 9d 6h][7h]
P1xel7 bets 1560
BFox06 folds
P1xel7 collected 7034 from pot
*** SUMMARY ***
Total pot 7034 | No rake
Board: [Th Tc 9d 6h 7h]
Seat 4: P1xel7 (small blind) won 7034


Winamax Poker - Tournament "SPARTACUS" buyIn: 1.80€ + 0.20€ level: 4 - HandId: #3132831501700300914-10-1704654682 - Holdem no limit (40/175/350) - 2024/01/07 19:11:22 UTC
Table: 'SPARTACUS(729419175)#0113' 8-max (real money) Seat #4 is the button
Seat 1: G_point69 (18080, 0.90€ bounty)
Seat 2: 7echno (18435, 0.90€ bounty)
Seat 3: BFox06 (47080, 1.35€ bounty)
Seat 4: P1xel7 (26195, 0.90€ bounty)
Seat 5: clemanus (19665, 0.90€ bounty)
Seat 6: Sharkadem (18835, 0.90€ bounty)
Seat 8: fg77 (13019, 0.90€ bounty)
*** ANTE/BLINDS ***
clemanus posts ante 40
Sharkadem posts ante 40
G_point69 posts ante 40
7echno posts ante 40
BFox06 posts ante 40
P1xel7 posts ante 40
fg77 posts ante 40
clemanus posts small blind 175
Sharkadem posts big blind 350
Dealt to P1xel7 [8d 2d]
*** PRE-FLOP *** 
fg77 calls 350
G_point69 folds
7echno folds
BFox06 raises 1505 to 1855
P1xel7 folds
clemanus folds
Sharkadem calls 1505
fg77 folds
*** FLOP *** [3h 6c 9s]
Sharkadem checks
BFox06 checks
*** TURN *** [3h 6c 9s][Kd]
Sharkadem checks
BFox06 checks
*** RIVER *** [3h 6c 9s Kd][Kc]
Sharkadem checks
BFox06 checks
*** SHOW DOWN ***
BFox06 shows [Ac Qs] (One pair : Kings)
Sharkadem shows [4s 4c] (Two pairs : Kings and 4)
Sharkadem collected 4515 from pot
*** SUMMARY ***
Total pot 4515 | No rake
Board: [3h 6c 9s Kd Kc]
Seat 3: BFox06 showed [Ac Qs] and lost with One pair : Kings
Seat 6: Sharkadem (big blind) showed [4s 4c] and won 4515 with Two pairs : Kings and 4


Winamax Poker - Tournament "SPARTACUS" buyIn: 1.80€ + 0.20€ level: 4 - HandId: #3132831501700300914-11-1704654725 - Holdem no limit (40/175/350) - 2024/01/07 19:12:05 UTC
Table: 'SPARTACUS(729419175)#0113' 8-max (real money) Seat #5 is the button
Seat 1: G_point69 (18040, 0.90€ bounty)
Seat 2: 7echno (18395, 0.90€ bounty)
Seat 3: BFox06 (45185, 1.35€ bounty)
Seat 4: P1xel7 (26155, 0.90€ bounty)
Seat 5: clemanus (19450, 0.90€ bounty)
Seat 6: Sharkadem (21455, 0.90€ bounty)
Seat 7: DLKKM4513 (20000, 0.90€ bounty)
Seat 8: fg77 (12629, 0.90€ bounty)
*** ANTE/BLINDS ***
Sharkadem posts ante 40
DLKKM4513 posts ante 40
G_point69 posts ante 40
7echno posts ante 40
BFox06 posts ante 40
P1xel7 posts ante 40
clemanus posts ante 40
fg77 posts ante 40
Sharkadem posts small blind 175
DLKKM4513 posts big blind 350
Dealt to P1xel7 [2h 4c]
*** PRE-FLOP *** 
fg77 folds
G_point69 folds
7echno folds
BFox06 folds
P1xel7 folds
clemanus raises 700 to 1050
Sharkadem folds
DLKKM4513 calls 700
*** FLOP *** [Ad Kh 3c]
DLKKM4513 checks
clemanus checks
*** TURN *** [Ad Kh 3c][8h]
DLKKM4513 checks
clemanus bets 1687
DLKKM4513 folds
clemanus collected 4282 from pot
*** SUMMARY ***
Total pot 4282 | No rake
Board: [Ad Kh 3c 8h]
Seat 5: clemanus (button) won 4282


Winamax Poker - Tournament "SPARTACUS" buyIn: 1.80€ + 0.20€ level: 4 - HandId: #3132831501700300914-12-1704654800 - Holdem no limit (40/175/350) - 2024/01/07 19:13:20 UTC
Table: 'SPARTACUS(729419175)#0113' 8-max (real money) Seat #6 is the button
Seat 1: G_point69 (18000, 0.90€ bounty)
Seat 2: 7echno (18355, 0.90€ bounty)
Seat 3: BFox06 (45145, 1.35€ bounty)
Seat 4: P1xel7 (26115, 0.90€ bounty)
Seat 5: clemanus (20955, 0.90€ bounty)
Seat 6: Sharkadem (21240, 0.90€ bounty)
Seat 7: DLKKM4513 (18910, 0.90€ bounty)
Seat 8: fg77 (12589, 0.90€ bounty)
*** ANTE/BLINDS ***
DLKKM4513 posts ante 40
fg77 posts ante 40
G_point69 posts ante 40
7echno posts ante 40
BFox06 posts ante 40
P1xel7 posts ante 40
clemanus posts ante 40
Sharkadem posts ante 40
DLKKM4513 posts small blind 175
fg77 posts big blind 350
Dealt to P1xel7 [9c Ad]
*** PRE-FLOP *** 
G_point69 folds
7echno folds
BFox06 folds
P1xel7 raises 420 to 770
clemanus raises 1155 to 1925
Sharkadem raises 3369 to 5294
DLKKM4513 folds
fg77 folds
P1xel7 folds
clemanus raises 7941 to 13235
Sharkadem raises 7965 to 21200 and is all-in
clemanus calls 7680 and is all-in
*** FLOP *** [4c 8c Ac]
*** TURN *** [4c 8c Ac][5s]
*** RIVER *** [4c 8c Ac 5s][9h]
*** SHOW DOWN ***
clemanus shows [Ah As] (Trips of Aces)
Sharkadem shows [Td Ts] (One pair : Tens)
Sharkadem collected 285 from side pot 1
clemanus collected 43445 from main pot
*** SUMMARY ***
Total pot 43730 | No rake
Board: [4c 8c Ac 5s 9h]
Seat 5: clemanus showed [Ah As] and won 43445 with Trips of Aces
Seat 6: Sharkadem (button) showed [Td Ts] and won 285 with One pair : Tens


Winamax Poker - Tournament "SPARTACUS" buyIn: 1.80€ + 0.20€ level: 4 - HandId: #3132831501700300914-13-1704654855 - Holdem no limit (40/175/350) - 2024/01/07 19:14:15 UTC
Table: 'SPARTACUS(729419175)#0113' 8-max (real money) Seat #7 is the button
Seat 1: G_point69 (17960, 0.90€ bounty)
Seat 2: 7echno (18315, 0.90€ bounty)
Seat 3: BFox06 (45105, 1.35€ bounty)
Seat 4: P1xel7 (25305, 0.90€ bounty)
Seat 5: clemanus (43445, 0.90€ bounty)
Seat 6: Sharkadem (285, 0.90€ bounty)
Seat 7: DLKKM4513 (18695, 0.90€ bounty)
Seat 8: fg77 (12199, 0.90€ bounty)
*** ANTE/BLINDS ***
fg77 posts ante 40
G_point69 posts ante 40
7echno posts ante 40
BFox06 posts ante 40
P1xel7 posts ante 40
clemanus posts ante 40
Sharkadem posts ante 40
DLKKM4513 posts ante 40
fg77 posts small blind 175
G_point69 posts big blind 350
Dealt to P1xel7 [9d 6s]
*** PRE-FLOP *** 
7echno folds
BFox06 folds
P1xel7 raises 420 to 770
clemanus folds
Sharkadem calls 245 and is all-in
DLKKM4513 calls 770
fg77 calls 595
G_point69 calls 420
*** FLOP *** [7d 4d 4h]
fg77 checks
G_point69 checks
P1xel7 checks
DLKKM4513 checks
*** TURN *** [7d 4d 4h][9h]
fg77 bets 3645
G_point69 folds
P1xel7 calls 3645
DLKKM4513 calls 3645
*** RIVER *** [7d 4d 4h 9h][8s]
fg77 bets 7744 and is all-in
P1xel7 calls 7744
DLKKM4513 calls 7744
*** SHOW DOWN ***
P1xel7 shows [9d 6s] (Two pairs : 9 and 4)
Sharkadem shows [4c 5s] (Trips of 4)
fg77 shows [Ah 9c] (Two pairs : 9 and 4)
DLKKM4513 shows [5c 6c] (Straight 9 high)
DLKKM4513 collected 37812 from pot
*** SUMMARY ***
Total pot 37812 | No rake
Board: [7d 4d 4h 9h 8s]
Seat 4: P1xel7 showed [9d 6s] and lost with Two pairs : 9 and 4
Seat 6: Sharkadem showed [4c 5s] and lost with Trips of 4
Seat 7: DLKKM4513 (button) showed [5c 6c] and won 37812 with Straight 9 high
Seat 8: fg77 (small blind) showed [Ah 9c] and lost with Two pairs : 9 and 4


Winamax Poker - Tournament "SPARTACUS" buyIn: 1.80€ + 0.20€ level: 4 - HandId: #3132831501700300914-14-1704654929 - Holdem no limit (40/175/350) - 2024/01/07 19:15:29 UTC
Table: 'SPARTACUS(729419175)#0113' 8-max (real money) Seat #8 is the button
Seat 1: G_point69 (17150, 0.90€ bounty)
Seat 2: 7echno (18275, 0.90€ bounty)
Seat 3: BFox06 (45065, 1.35€ bounty)
Seat 4: P1xel7 (13106, 0.90€ bounty)
Seat 5: clemanus (43405, 0.90€ bounty)
Seat 7: DLKKM4513 (44308, 1.80€ bounty)
*** ANTE/BLINDS ***
G_point69 posts ante 40
7echno posts ante 40
BFox06 posts ante 40
P1xel7 posts ante 40
clemanus posts ante 40
DLKKM4513 posts ante 40
G_point69 posts small blind 175
7echno posts big blind 350
Dealt to P1xel7 [9h Jd]
*** PRE-FLOP *** 
BFox06 calls 350
P1xel7 folds
clemanus folds
DLKKM4513 calls 350
G_point69 calls 175
7echno checks
*** FLOP *** [Qc 8s Th]
G_point69 checks
7echno checks
BFox06 checks
DLKKM4513 checks
*** TURN *** [Qc 8s Th][5c]
G_point69 checks
7echno checks
BFox06 checks
DLKKM4513 checks
*** RIVER *** [Qc 8s Th 5c][4s]
G_point69 bets 820
7echno folds
BFox06 folds
DLKKM4513 folds
G_point69 collected 2460 from pot
*** SUMMARY ***
Total pot 2460 | No rake
Board: [Qc 8s Th 5c 4s]
Seat 1: G_point69 (small blind) won 2460


Winamax Poker - Tournament "SPARTACUS" buyIn: 1.80€ + 0.20€ level: 5 - HandId: #3132831501700300914-15-1704655041 - Holdem no limit (50/200/400) - 2024/01/07 19:17:21 UTC
Table: 'SPARTACUS(729419175)#0113' 8-max (real money) Seat #1 is the button
Seat 1: G_point69 (18400, 0.90€ bounty)
Seat 2: 7echno (17885, 0.90€ bounty)
Seat 3: BFox06 (44675, 1.35€ bounty)
Seat 4: P1xel7 (13066, 0.90€ bounty)
Seat 5: clemanus (43365, 0.90€ bounty)
Seat 6: TNT..TN (20000, 0.90€ bounty)
Seat 7: DLKKM4513 (43918, 1.80€ bounty)
Seat 8: GG_lendive (20960, 0.90€ bounty)
*** ANTE/BLINDS ***
7echno posts ante 50
BFox06 posts ante 50
G_point69 posts ante 50
P1xel7 posts ante 50
clemanus posts ante 50
TNT..TN posts ante 50
DLKKM4513 posts ante 50
GG_lendive posts ante 50
7echno posts small blind 200
BFox06 posts big blind 400
Dealt to P1xel7 [9s 4c]
*** PRE-FLOP *** 
P1xel7 folds
clemanus folds
TNT..TN calls 400
DLKKM4513 folds
GG_lendive folds
G_point69 folds
7echno folds
BFox06 checks
*** FLOP *** [9c Js Qs]
BFox06 checks
TNT..TN bets 700
BFox06 calls 700
*** TURN *** [9c Js Qs][Qd]
BFox06 checks
TNT..TN bets 1400
BFox06 folds
TNT..TN collected 4200 from pot
*** SUMMARY ***
Total pot 4200 | No rake
Board: [9c Js Qs Qd]
Seat 6: TNT..TN won 4200


Winamax Poker - Tournament "SPARTACUS" buyIn: 1.80€ + 0.20€ level: 5 - HandId: #3132831501700300914-16-1704655100 - Holdem no limit (50/200/400) - 2024/01/07 19:18:20 UTC
Table: 'SPARTACUS(729419175)#0113' 8-max (real money) Seat #2 is the button
Seat 1: G_point69 (18350, 0.90€ bounty)
Seat 2: 7echno (17635, 0.90€ bounty)
Seat 3: BFox06 (43525, 1.35€ bounty)
Seat 4: P1xel7 (13016, 0.90€ bounty)
Seat 5: clemanus (43315, 0.90€ bounty)
Seat 6: TNT..TN (21650, 0.90€ bounty)
Seat 7: DLKKM4513 (43868, 1.80€ bounty)
Seat 8: GG_lendive (20910, 0.90€ bounty)
*** ANTE/BLINDS ***
BFox06 posts ante 50
P1xel7 posts ante 50
G_point69 posts ante 50
7echno posts ante 50
clemanus posts ante 50
TNT..TN posts ante 50
DLKKM4513 posts ante 50
GG_lendive posts ante 50
BFox06 posts small blind 200
P1xel7 posts big blind 400
Dealt to P1xel7 [Qs Kc]
*** PRE-FLOP *** 
clemanus folds
TNT..TN folds
DLKKM4513 calls 400
GG_lendive folds
G_point69 folds
7echno folds
BFox06 calls 200
P1xel7 checks
*** FLOP *** [As 5s 9c]
BFox06 checks
P1xel7 checks
DLKKM4513 checks
*** TURN *** [As 5s 9c][8d]
BFox06 checks
P1xel7 checks
DLKKM4513 checks
*** RIVER *** [As 5s 9c 8d][3s]
BFox06 checks
P1xel7 bets 400
DLKKM4513 folds
BFox06 folds
P1xel7 collected 2000 from pot
*** SUMMARY ***
Total pot 2000 | No rake
Board: [As 5s 9c 8d 3s]
Seat 4: P1xel7 (big blind) won 2000


Winamax Poker - Tournament "SPARTACUS" buyIn: 1.80€ + 0.20€ level: 5 - HandId: #3132831501700300914-17-1704655199 - Holdem no limit (50/200/400) - 2024/01/07 19:19:59 UTC
Table: 'SPARTACUS(729419175)#0113' 8-max (real money) Seat #3 is the button
Seat 1: G_point69 (18300, 0.90€ bounty)
Seat 2: 7echno (17585, 0.90€ bounty)
Seat 3: BFox06 (43075, 1.35€ bounty)
Seat 4: P1xel7 (14166, 0.90€ bounty)
Seat 5: clemanus (43265, 0.90€ bounty)
Seat 6: TNT..TN (21600, 0.90€ bounty)
Seat 7: DLKKM4513 (43418, 1.80€ bounty)
Seat 8: GG_lendive (20860, 0.90€ bounty)
*** ANTE/BLINDS ***
P1xel7 posts ante 50
clemanus posts ante 50
G_point69 posts ante 50
7echno posts ante 50
BFox06 posts ante 50
TNT..TN posts ante 50
DLKKM4513 posts ante 50
GG_lendive posts ante 50
P1xel7 posts small blind 200
clemanus posts big blind 400
Dealt to P1xel7 [9c 3s]
*** PRE-FLOP *** 
TNT..TN folds
DLKKM4513 calls 400
GG_lendive folds
G_point69 raises 600 to 1000
7echno folds
BFox06 folds
P1xel7 folds
clemanus folds
DLKKM4513 calls 600
*** FLOP *** [Jc 5s 5d]
DLKKM4513 checks
G_point69 bets 1500
DLKKM4513 folds
G_point69 collected 4500 from pot
*** SUMMARY ***
Total pot 4500 | No rake
Board: [Jc 5s 5d]
Seat 1: G_point69 won 4500


Winamax Poker - Tournament "SPARTACUS" buyIn: 1.80€ + 0.20€ level: 5 - HandId: #3132831501700300914-18-1704655249 - Holdem no limit (50/200/400) - 2024/01/07 19:20:49 UTC
Table: 'SPARTACUS(729419175)#0113' 8-max (real money) Seat #4 is the button
Seat 1: G_point69 (20250, 0.90€ bounty)
Seat 2: 7echno (17535, 0.90€ bounty)
Seat 3: BFox06 (43025, 1.35€ bounty)
Seat 4: P1xel7 (13916, 0.90€ bounty)
Seat 5: clemanus (42815, 0.90€ bounty)
Seat 6: TNT..TN (21550, 0.90€ bounty)
Seat 8: GG_lendive (20810, 0.90€ bounty)
*** ANTE/BLINDS ***
clemanus posts ante 50
TNT..TN posts ante 50
G_point69 posts ante 50
7echno posts ante 50
BFox06 posts ante 50
P1xel7 posts ante 50
GG_lendive posts ante 50
clemanus posts small blind 200
TNT..TN posts big blind 400
Dealt to P1xel7 [4h Kd]
*** PRE-FLOP *** 
GG_lendive folds
G_point69 folds
7echno folds
BFox06 folds
P1xel7 folds
clemanus calls 200
TNT..TN checks
*** FLOP *** [2s 3d Jd]
clemanus checks
TNT..TN bets 600
clemanus folds
TNT..TN collected 1750 from pot
*** SUMMARY ***
Total pot 1750 | No rake
Board: [2s 3d Jd]
Seat 6: TNT..TN (big blind) won 1750


Winamax Poker - Tournament "SPARTACUS" buyIn: 1.80€ + 0.20€ level: 6 - HandId: #3132831501700300914-19-1704655284 - Holdem no limit (60/250/500) - 2024/01/07 19:21:24 UTC
Table: 'SPARTACUS(729419175)#0113' 8-max (real money) Seat #5 is the button
Seat 1: G_point69 (20200, 0.90€ bounty)
Seat 2: 7echno (17485, 0.90€ bounty)
Seat 3: BFox06 (42975, 1.35€ bounty)
Seat 4: P1xel7 (13866, 0.90€ bounty)
Seat 5: clemanus (42365, 0.90€ bounty)
Seat 6: TNT..TN (22250, 0.90€ bounty)
Seat 7: PeterPine87 (20000, 0.90€ bounty)
Seat 8: GG_lendive (20760, 0.90€ bounty)
*** ANTE/BLINDS ***
TNT..TN posts ante 60
PeterPine87 posts ante 60
G_point69 posts ante 60
7echno posts ante 60
BFox06 posts ante 60
P1xel7 posts ante 60
clemanus posts ante 60
GG_lendive posts ante 60
TNT..TN posts small blind 250
PeterPine87 posts big blind 500
Dealt to P1xel7 [8c 9s]
*** PRE-FLOP *** 
GG_lendive raises 500 to 1000
G_point69 folds
7echno folds
BFox06 folds
P1xel7 folds
clemanus folds
TNT..TN folds
PeterPine87 folds
GG_lendive collected 2230 from pot
*** SUMMARY ***
Total pot 2230 | No rake
Seat 8: GG_lendive won 2230


Winamax Poker - Tournament "SPARTACUS" buyIn: 1.80€ + 0.20€ level: 6 - HandId: #3132831501700300914-20-1704655350 - Holdem no limit (60/250/500) - 2024/01/07 19:22:30 UTC
Table: 'SPARTACUS(729419175)#0113' 8-max (real money) Seat #6 is the button
Seat 1: G_point69 (20140, 0.90€ bounty)
Seat 2: 7echno (17425, 0.90€ bounty)
Seat 3: BFox06 (42915, 1.35€ bounty)
Seat 4: P1xel7 (13806, 0.90€ bounty)
Seat 5: clemanus (42305, 0.90€ bounty)
Seat 6: TNT..TN (21940, 0.90€ bounty)
Seat 7: PeterPine87 (19440, 0.90€ bounty)
Seat 8: GG_lendive (21930, 0.90€ bounty)
*** ANTE/BLINDS ***
PeterPine87 posts ante 60
GG_lendive posts ante 60
G_point69 posts ante 60
7echno posts ante 60
BFox06 posts ante 60
P1xel7 posts ante 60
clemanus posts ante 60
TNT..TN posts ante 60
PeterPine87 posts small blind 250
GG_lendive posts big blind 500
Dealt to P1xel7 [8d Kc]
*** PRE-FLOP *** 
G_point69 folds
7echno raises 500 to 1000
BFox06 folds
P1xel7 folds
clemanus folds
TNT..TN raises 2730 to 3730
PeterPine87 calls 3480
GG_lendive folds
7echno folds
*** FLOP *** [7s 2s 7h]
PeterPine87 bets 1000
TNT..TN calls 1000
*** TURN *** [7s 2s 7h][6s]
PeterPine87 checks
TNT..TN checks
*** RIVER *** [7s 2s 7h 6s][9d]
PeterPine87 bets 14650 and is all-in
TNT..TN folds
PeterPine87 collected 26090 from pot
*** SUMMARY ***
Total pot 26090 | No rake
Board: [7s 2s 7h 6s 9d]
Seat 7: PeterPine87 (small blind) won 26090


Winamax Poker - Tournament "SPARTACUS" buyIn: 1.80€ + 0.20€ level: 6 - HandId: #3132831501700300914-21-1704655438 - Holdem no limit (60/250/500) - 2024/01/07 19:23:58 UTC
Table: 'SPARTACUS(729419175)#0113' 8-max (real money) Seat #7 is the button
Seat 1: G_point69 (20080, 0.90€ bounty)
Seat 2: 7echno (16365, 0.90€ bounty)
Seat 3: BFox06 (42855, 1.35€ bounty)
Seat 4: P1xel7 (13746, 0.90€ bounty)
Seat 5: clemanus (42245, 0.90€ bounty)
Seat 6: TNT..TN (17150, 0.90€ bounty)
Seat 7: PeterPine87 (26090, 0.90€ bounty)
Seat 8: GG_lendive (21370, 0.90€ bounty)
*** ANTE/BLINDS ***
GG_lendive posts ante 60
G_point69 posts ante 60
7echno posts ante 60
BFox06 posts ante 60
P1xel7 posts ante 60
clemanus posts ante 60
TNT..TN posts ante 60
PeterPine87 posts ante 60
GG_lendive posts small blind 250
G_point69 posts big blind 500
Dealt to P1xel7 [2c Qh]
*** PRE-FLOP *** 
7echno folds
BFox06 raises 1000 to 1500
P1xel7 folds
clemanus folds
TNT..TN folds
PeterPine87 folds
GG_lendive folds
G_point69 folds
BFox06 collected 2730 from pot
*** SUMMARY ***
Total pot 2730 | No rake
Seat 3: BFox06 won 2730


Winamax Poker - Tournament "SPARTACUS" buyIn: 1.80€ + 0.20€ level: 6 - HandId: #3132831501700300914-22-1704655464 - Holdem no limit (60/250/500) - 2024/01/07 19:24:24 UTC
Table: 'SPARTACUS(729419175)#0113' 8-max (real money) Seat #8 is the button
Seat 1: G_point69 (19520, 0.90€ bounty)
Seat 2: 7echno (16305, 0.90€ bounty)
Seat 3: BFox06 (44025, 1.35€ bounty)
Seat 4: P1xel7 (13686, 0.90€ bounty)
Seat 5: clemanus (42185, 0.90€ bounty)
Seat 6: TNT..TN (17090, 0.90€ bounty)
Seat 7: PeterPine87 (26030, 0.90€ bounty)
Seat 8: GG_lendive (21060, 0.90€ bounty)
*** ANTE/BLINDS ***
G_point69 posts ante 60
7echno posts ante 60
BFox06 posts ante 60
P1xel7 posts ante 60
clemanus posts ante 60
TNT..TN posts ante 60
PeterPine87 posts ante 60
GG_lendive posts ante 60
G_point69 posts small blind 250
7echno posts big blind 500
Dealt to P1xel7 [8d 3c]
*** PRE-FLOP *** 
BFox06 folds
P1xel7 folds
clemanus folds
TNT..TN folds
PeterPine87 raises 500 to 1000
GG_lendive calls 1000
G_point69 calls 750
7echno folds
*** FLOP *** [9c 3d Tc]
G_point69 checks
PeterPine87 bets 1393
GG_lendive folds
G_point69 calls 1393
*** TURN *** [9c 3d Tc][5c]
G_point69 checks
PeterPine87 bets 2368
G_point69 folds
PeterPine87 collected 9134 from pot
*** SUMMARY ***
Total pot 9134 | No rake
Board: [9c 3d Tc 5c]
Seat 7: PeterPine87 won 9134


Winamax Poker - Tournament "SPARTACUS" buyIn: 1.80€ + 0.20€ level: 6 - HandId: #3132831501700300914-23-1704655541 - Holdem no limit (60/250/500) - 2024/01/07 19:25:41 UTC
Table: 'SPARTACUS(729419175)#0113' 8-max (real money) Seat #1 is the button
Seat 1: G_point69 (17067, 0.90€ bounty)
Seat 2: 7echno (15745, 0.90€ bounty)
Seat 3: BFox06 (43965, 1.35€ bounty)
Seat 4: P1xel7 (13626, 0.90€ bounty)
Seat 5: clemanus (42125, 0.90€ bounty)
Seat 6: TNT..TN (17030, 0.90€ bounty)
Seat 7: PeterPine87 (30343, 0.90€ bounty)
Seat 8: GG_lendive (20000, 0.90€ bounty)
*** ANTE/BLINDS ***
7echno posts ante 60
BFox06 posts ante 60
G_point69 posts ante 60
P1xel7 posts ante 60
clemanus posts ante 60
TNT..TN posts ante 60
PeterPine87 posts ante 60
GG_lendive posts ante 60
7echno posts small blind 250
BFox06 posts big blind 500
Dealt to P1xel7 [Ks 4s]
*** PRE-FLOP *** 
P1xel7 folds
clemanus folds
TNT..TN folds
PeterPine87 folds
GG_lendive folds
G_point69 folds
7echno calls 250
BFox06 checks
*** FLOP *** [Ah 5h Jh]
7echno bets 500
BFox06 calls 500
*** TURN *** [Ah 5h Jh][9h]
7echno checks
BFox06 checks
*** RIVER *** [Ah 5h Jh 9h][2d]
7echno bets 1637
BFox06 calls 1637
*** SHOW DOWN ***
BFox06 shows [7s Ac] (One pair : Aces)
7echno shows [7d Th] (Flush Ace high)
7echno collected 5754 from pot
*** SUMMARY ***
Total pot 5754 | No rake
Board: [Ah 5h Jh 9h 2d]
Seat 2: 7echno (small blind) showed [7d Th] and won 5754 with Flush Ace high
Seat 3: BFox06 (big blind) showed [7s Ac] and lost with One pair : Aces


Winamax Poker - Tournament "SPARTACUS" buyIn: 1.80€ + 0.20€ level: 7 - HandId: #3132831501700300914-24-1704655643 - Holdem no limit (70/300/600) - 2024/01/07 19:27:23 UTC
Table: 'SPARTACUS(729419175)#0113' 8-max (real money) Seat #2 is the button
Seat 1: G_point69 (17007, 0.90€ bounty)
Seat 2: 7echno (18802, 0.90€ bounty)
Seat 3: BFox06 (41268, 1.35€ bounty)
Seat 4: P1xel7 (13566, 0.90€ bounty)
Seat 5: clemanus (42065, 0.90€ bounty)
Seat 6: TNT..TN (16970, 0.90€ bounty)
Seat 7: PeterPine87 (30283, 0.90€ bounty)
Seat 8: GG_lendive (19940, 0.90€ bounty)
*** ANTE/BLINDS ***
BFox06 posts ante 70
P1xel7 posts ante 70
G_point69 posts ante 70
7echno posts ante 70
clemanus posts ante 70
TNT..TN posts ante 70
PeterPine87 posts ante 70
GG_lendive posts ante 70
BFox06 posts small blind 300
P1xel7 posts big blind 600
Dealt to P1xel7 [6h 7d]
*** PRE-FLOP *** 
clemanus folds
TNT..TN folds
PeterPine87 folds
GG_lendive folds
G_point69 raises 600 to 1200
7echno folds
BFox06 calls 900
P1xel7 folds
*** FLOP *** [6s Ah Ks]
BFox06 checks
G_point69 bets 1780
BFox06 folds
G_point69 collected 5340 from pot
*** SUMMARY ***
Total pot 5340 | No rake
Board: [6s Ah Ks]
Seat 1: G_point69 won 5340


Winamax Poker - Tournament "SPARTACUS" buyIn: 1.80€ + 0.20€ level: 7 - HandId: #3132831501700300914-25-1704655702 - Holdem no limit (70/300/600) - 2024/01/07 19:28:22 UTC
Table: 'SPARTACUS(729419175)#0113' 8-max (real money) Seat #3 is the button
Seat 1: G_point69 (19297, 0.90€ bounty)
Seat 2: 7echno (18732, 0.90€ bounty)
Seat 3: BFox06 (39998, 1.35€ bounty)
Seat 4: P1xel7 (12896, 0.90€ bounty)
Seat 5: clemanus (41995, 0.90€ bounty)
Seat 6: TNT..TN (16900, 0.90€ bounty)
Seat 7: PeterPine87 (30213, 0.90€ bounty)
Seat 8: GG_lendive (19870, 0.90€ bounty)
*** ANTE/BLINDS ***
P1xel7 posts ante 70
clemanus posts ante 70
G_point69 posts ante 70
7echno posts ante 70
BFox06 posts ante 70
TNT..TN posts ante 70
PeterPine87 posts ante 70
GG_lendive posts ante 70
P1xel7 posts small blind 300
clemanus posts big blind 600
Dealt to P1xel7 [As Ah]
*** PRE-FLOP *** 
TNT..TN calls 600
PeterPine87 folds
GG_lendive folds
G_point69 raises 900 to 1500
7echno folds
BFox06 folds
P1xel7 calls 1200
clemanus folds
TNT..TN calls 900
*** FLOP *** [5d 2d 7d]
P1xel7 checks
TNT..TN checks
G_point69 bets 1981
P1xel7 raises 3821 to 5802
TNT..TN calls 5802
G_point69 folds
*** TURN *** [5d 2d 7d][3d]
P1xel7 checks
TNT..TN bets 9528 and is all-in
P1xel7 folds
TNT..TN collected 28773 from pot
*** SUMMARY ***
Total pot 28773 | No rake
Board: [5d 2d 7d 3d]
Seat 6: TNT..TN won 28773


Winamax Poker - Tournament "SPARTACUS" buyIn: 1.80€ + 0.20€ level: 7 - HandId: #3132831501700300914-26-1704655859 - Holdem no limit (70/300/600) - 2024/01/07 19:30:59 UTC
Table: 'SPARTACUS(729419175)#0113' 8-max (real money) Seat #4 is the button
Seat 1: G_point69 (15746, 0.90€ bounty)
Seat 2: 7echno (18662, 0.90€ bounty)
Seat 3: BFox06 (39928, 1.35€ bounty)
Seat 4: P1xel7 (5524, 0.90€ bounty)
Seat 5: clemanus (41325, 0.90€ bounty)
Seat 6: TNT..TN (28773, 0.90€ bounty)
Seat 7: PeterPine87 (30143, 0.90€ bounty)
Seat 8: GG_lendive (19800, 0.90€ bounty)
*** ANTE/BLINDS ***
clemanus posts ante 70
TNT..TN posts ante 70
G_point69 posts ante 70
7echno posts ante 70
BFox06 posts ante 70
P1xel7 posts ante 70
PeterPine87 posts ante 70
GG_lendive posts ante 70
clemanus posts small blind 300
TNT..TN posts big blind 600
Dealt to P1xel7 [7d Ac]
*** PRE-FLOP *** 
PeterPine87 folds
GG_lendive folds
G_point69 folds
7echno folds
BFox06 calls 600
P1xel7 raises 4854 to 5454 and is all-in
clemanus folds
TNT..TN folds
BFox06 calls 4854
*** FLOP *** [Tc 7c 8s]
*** TURN *** [Tc 7c 8s][Ks]
*** RIVER *** [Tc 7c 8s Ks][Kh]
*** SHOW DOWN ***
P1xel7 shows [7d Ac] (Two pairs : Kings and 7)
BFox06 shows [Qh 8h] (Two pairs : Kings and 8)
BFox06 collected 12368 from pot
*** SUMMARY ***
Total pot 12368 | No rake
Board: [Tc 7c 8s Ks Kh]
Seat 3: BFox06 showed [Qh 8h] and won 12368 with Two pairs : Kings and 8
Seat 4: P1xel7 (button) showed [7d Ac] and lost with Two pairs : Kings and 7


