Winamax Poker - Tournament "Starting Block WiPT - Déglingos" buyIn: 0€ + 0€ level: 1 - HandId: #3221948091657617409-1-1706729211 - Holdem no limit (10/20) - 2024/01/31 19:26:51 UTC
Table: 'Starting Block WiPT - Déglingos(750168248)#0' 6-max (real money) Seat #3 is the button
Seat 1: spi-cz-430 (500)
Seat 2: angel58000 (500)
Seat 3: Massa_973 (500)
Seat 4: Sniiper60 (500)
Seat 5: iz no good (500)
Seat 6: P1xel7 (500)
*** ANTE/BLINDS ***
Sniiper60 posts small blind 10
iz no good posts big blind 20
Dealt to P1xel7 [9s Kd]
*** PRE-FLOP *** 
P1xel7 folds
spi-cz-430 calls 20
angel58000 folds
Massa_973 raises 480 to 500 and is all-in
Sniiper60 calls 490 and is all-in
iz no good calls 480 and is all-in
spi-cz-430 folds
*** FLOP *** [Ts Qh 8c]
*** TURN *** [Ts Qh 8c][Qs]
*** RIVER *** [Ts Qh 8c Qs][Td]
*** SHOW DOWN ***
Massa_973 shows [3c 6s] (Two pairs : Queens and Tens)
iz no good shows [8s 6c] (Two pairs : Queens and Tens)
Sniiper60 shows [8d Js] (Two pairs : Queens and Tens)
Sniiper60 collected 1520 from pot
*** SUMMARY ***
Total pot 1520 | No rake
Board: [Ts Qh 8c Qs Td]
Seat 3: Massa_973 (button) showed [3c 6s] and lost with Two pairs : Queens and Tens
Seat 4: Sniiper60 (small blind) showed [8d Js] and won 1520 with Two pairs : Queens and Tens
Seat 5: iz no good (big blind) showed [8s 6c] and lost with Two pairs : Queens and Tens


Winamax Poker - Tournament "Starting Block WiPT - Déglingos" buyIn: 0€ + 0€ level: 1 - HandId: #3221948091657617409-2-1706729242 - Holdem no limit (10/20) - 2024/01/31 19:27:22 UTC
Table: 'Starting Block WiPT - Déglingos(750168248)#0' 6-max (real money) Seat #4 is the button
Seat 1: spi-cz-430 (480)
Seat 2: angel58000 (500)
Seat 4: Sniiper60 (1520)
Seat 6: P1xel7 (500)
*** ANTE/BLINDS ***
P1xel7 posts big blind 20
Dealt to P1xel7 [6d 9d]
*** PRE-FLOP *** 
spi-cz-430 calls 20
angel58000 calls 20
Sniiper60 calls 20
P1xel7 checks
*** FLOP *** [5h Tc 4s]
P1xel7 checks
spi-cz-430 checks
angel58000 checks
Sniiper60 checks
*** TURN *** [5h Tc 4s][Kh]
P1xel7 checks
spi-cz-430 checks
angel58000 checks
Sniiper60 checks
*** RIVER *** [5h Tc 4s Kh][Ks]
P1xel7 checks
spi-cz-430 checks
angel58000 checks
Sniiper60 bets 52
P1xel7 folds
spi-cz-430 calls 52
angel58000 folds
*** SHOW DOWN ***
spi-cz-430 shows [9s 7s] (One pair : Kings)
Sniiper60 shows [8c 5d] (Two pairs : Kings and 5)
Sniiper60 collected 184 from pot
*** SUMMARY ***
Total pot 184 | No rake
Board: [5h Tc 4s Kh Ks]
Seat 1: spi-cz-430 showed [9s 7s] and lost with One pair : Kings
Seat 4: Sniiper60 (button) showed [8c 5d] and won 184 with Two pairs : Kings and 5


Winamax Poker - Tournament "Starting Block WiPT - Déglingos" buyIn: 0€ + 0€ level: 1 - HandId: #3221948091657617409-3-1706729295 - Holdem no limit (10/20) - 2024/01/31 19:28:15 UTC
Table: 'Starting Block WiPT - Déglingos(750168248)#0' 6-max (real money) Seat #5 is the button
Seat 1: spi-cz-430 (408)
Seat 2: angel58000 (480)
Seat 4: Sniiper60 (1632)
Seat 6: P1xel7 (480)
*** ANTE/BLINDS ***
P1xel7 posts small blind 10
spi-cz-430 posts big blind 20
Dealt to P1xel7 [6c 9d]
*** PRE-FLOP *** 
angel58000 raises 460 to 480 and is all-in
Sniiper60 calls 480
P1xel7 folds
spi-cz-430 folds
*** FLOP *** [Jh Ad 3c]
*** TURN *** [Jh Ad 3c][Tc]
*** RIVER *** [Jh Ad 3c Tc][7d]
*** SHOW DOWN ***
Sniiper60 shows [3h 5h] (One pair : 3)
angel58000 shows [Td Ac] (Two pairs : Aces and Tens)
angel58000 collected 990 from pot
*** SUMMARY ***
Total pot 990 | No rake
Board: [Jh Ad 3c Tc 7d]
Seat 2: angel58000 showed [Td Ac] and won 990 with Two pairs : Aces and Tens
Seat 4: Sniiper60 showed [3h 5h] and lost with One pair : 3


Winamax Poker - Tournament "Starting Block WiPT - Déglingos" buyIn: 0€ + 0€ level: 2 - HandId: #3221948091657617409-4-1706729317 - Holdem no limit (15/30) - 2024/01/31 19:28:37 UTC
Table: 'Starting Block WiPT - Déglingos(750168248)#0' 6-max (real money) Seat #6 is the button
Seat 1: spi-cz-430 (388)
Seat 2: angel58000 (990)
Seat 4: Sniiper60 (1152)
Seat 6: P1xel7 (470)
*** ANTE/BLINDS ***
spi-cz-430 posts small blind 15
angel58000 posts big blind 30
Dealt to P1xel7 [8s 7h]
*** PRE-FLOP *** 
Sniiper60 raises 1122 to 1152 and is all-in
P1xel7 folds
spi-cz-430 calls 373 and is all-in
angel58000 folds
*** FLOP *** [7d Th Kh]
*** TURN *** [7d Th Kh][Ah]
*** RIVER *** [7d Th Kh Ah][5c]
*** SHOW DOWN ***
spi-cz-430 shows [Td Kc] (Two pairs : Kings and Tens)
Sniiper60 shows [6c Ks] (One pair : Kings)
Sniiper60 collected 764 from side pot 1
spi-cz-430 collected 806 from main pot
*** SUMMARY ***
Total pot 1570 | No rake
Board: [7d Th Kh Ah 5c]
Seat 1: spi-cz-430 (small blind) showed [Td Kc] and won 806 with Two pairs : Kings and Tens
Seat 4: Sniiper60 showed [6c Ks] and won 764 with One pair : Kings


Winamax Poker - Tournament "Starting Block WiPT - Déglingos" buyIn: 0€ + 0€ level: 2 - HandId: #3221948091657617409-5-1706729334 - Holdem no limit (15/30) - 2024/01/31 19:28:54 UTC
Table: 'Starting Block WiPT - Déglingos(750168248)#0' 6-max (real money) Seat #1 is the button
Seat 1: spi-cz-430 (806)
Seat 2: angel58000 (960)
Seat 4: Sniiper60 (764)
Seat 6: P1xel7 (470)
*** ANTE/BLINDS ***
angel58000 posts small blind 15
Sniiper60 posts big blind 30
Dealt to P1xel7 [Qc As]
*** PRE-FLOP *** 
P1xel7 raises 45 to 75
spi-cz-430 folds
angel58000 folds
Sniiper60 raises 689 to 764 and is all-in
P1xel7 calls 395 and is all-in
*** FLOP *** [Ah 5c 2d]
*** TURN *** [Ah 5c 2d][4h]
*** RIVER *** [Ah 5c 2d 4h][Jc]
*** SHOW DOWN ***
Sniiper60 shows [7c Kd] (High card : Ace)
P1xel7 shows [Qc As] (One pair : Aces)
P1xel7 collected 955 from main pot
Sniiper60 collected 294 from side pot 1
*** SUMMARY ***
Total pot 1249 | No rake
Board: [Ah 5c 2d 4h Jc]
Seat 4: Sniiper60 (big blind) showed [7c Kd] and won 294 with High card : Ace
Seat 6: P1xel7 showed [Qc As] and won 955 with One pair : Aces


Winamax Poker - Tournament "Starting Block WiPT - Déglingos" buyIn: 0€ + 0€ level: 2 - HandId: #3221948091657617409-6-1706729354 - Holdem no limit (15/30) - 2024/01/31 19:29:14 UTC
Table: 'Starting Block WiPT - Déglingos(750168248)#0' 6-max (real money) Seat #2 is the button
Seat 1: spi-cz-430 (806)
Seat 2: angel58000 (945)
Seat 4: Sniiper60 (294)
Seat 6: P1xel7 (955)
*** ANTE/BLINDS ***
Sniiper60 posts small blind 15
P1xel7 posts big blind 30
Dealt to P1xel7 [5s 7c]
*** PRE-FLOP *** 
spi-cz-430 calls 30
angel58000 calls 30
Sniiper60 raises 264 to 294 and is all-in
P1xel7 folds
spi-cz-430 folds
angel58000 calls 264
*** FLOP *** [6h Ac 2s]
*** TURN *** [6h Ac 2s][Td]
*** RIVER *** [6h Ac 2s Td][4d]
*** SHOW DOWN ***
angel58000 shows [9h 8c] (High card : Ace)
Sniiper60 shows [3h Tc] (One pair : Tens)
Sniiper60 collected 648 from pot
*** SUMMARY ***
Total pot 648 | No rake
Board: [6h Ac 2s Td 4d]
Seat 2: angel58000 (button) showed [9h 8c] and lost with High card : Ace
Seat 4: Sniiper60 (small blind) showed [3h Tc] and won 648 with One pair : Tens


Winamax Poker - Tournament "Starting Block WiPT - Déglingos" buyIn: 0€ + 0€ level: 2 - HandId: #3221948091657617409-7-1706729376 - Holdem no limit (15/30) - 2024/01/31 19:29:36 UTC
Table: 'Starting Block WiPT - Déglingos(750168248)#0' 6-max (real money) Seat #4 is the button
Seat 1: spi-cz-430 (776)
Seat 2: angel58000 (651)
Seat 4: Sniiper60 (648)
Seat 6: P1xel7 (925)
*** ANTE/BLINDS ***
P1xel7 posts small blind 15
spi-cz-430 posts big blind 30
Dealt to P1xel7 [6d Ts]
*** PRE-FLOP *** 
angel58000 calls 30
Sniiper60 raises 618 to 648 and is all-in
P1xel7 folds
spi-cz-430 raises 128 to 776 and is all-in
angel58000 calls 621 and is all-in
*** FLOP *** [6c 8d 3c]
*** TURN *** [6c 8d 3c][5s]
*** RIVER *** [6c 8d 3c 5s][Kd]
*** SHOW DOWN ***
angel58000 shows [7c Tc] (High card : King)
Sniiper60 shows [7h 7s] (One pair : 7)
spi-cz-430 shows [8s Ad] (One pair : 8)
spi-cz-430 collected 2090 from pot
*** SUMMARY ***
Total pot 2090 | No rake
Board: [6c 8d 3c 5s Kd]
Seat 1: spi-cz-430 (big blind) showed [8s Ad] and won 2090 with One pair : 8
Seat 2: angel58000 showed [7c Tc] and lost with High card : King
Seat 4: Sniiper60 (button) showed [7h 7s] and lost with One pair : 7


Winamax Poker - Tournament "Starting Block WiPT - Déglingos" buyIn: 0€ + 0€ level: 3 - HandId: #3221948091657617409-8-1706729392 - Holdem no limit (20/40) - 2024/01/31 19:29:52 UTC
Table: 'Starting Block WiPT - Déglingos(750168248)#0' 6-max (real money) Seat #1 is the button
Seat 1: spi-cz-430 (2090)
Seat 6: P1xel7 (910)
*** ANTE/BLINDS ***
spi-cz-430 posts small blind 20
P1xel7 posts big blind 40
Dealt to P1xel7 [2c Ts]
*** PRE-FLOP *** 
spi-cz-430 raises 2050 to 2090 and is all-in
P1xel7 folds
spi-cz-430 collected 2130 from pot
*** SUMMARY ***
Total pot 2130 | No rake
Seat 1: spi-cz-430 (small blind) (button) won 2130


Winamax Poker - Tournament "Starting Block WiPT - Déglingos" buyIn: 0€ + 0€ level: 3 - HandId: #3221948091657617409-9-1706729398 - Holdem no limit (20/40) - 2024/01/31 19:29:58 UTC
Table: 'Starting Block WiPT - Déglingos(750168248)#0' 6-max (real money) Seat #6 is the button
Seat 1: spi-cz-430 (2130)
Seat 6: P1xel7 (870)
*** ANTE/BLINDS ***
P1xel7 posts small blind 20
spi-cz-430 posts big blind 40
Dealt to P1xel7 [2c Ac]
*** PRE-FLOP *** 
P1xel7 raises 60 to 100
spi-cz-430 raises 2030 to 2130 and is all-in
P1xel7 calls 770 and is all-in
*** FLOP *** [7s Ad Td]
*** TURN *** [7s Ad Td][6h]
*** RIVER *** [7s Ad Td 6h][Ks]
*** SHOW DOWN ***
P1xel7 shows [2c Ac] (One pair : Aces)
spi-cz-430 shows [7c Kh] (Two pairs : Kings and 7)
spi-cz-430 collected 3000 from pot
*** SUMMARY ***
Total pot 3000 | No rake
Board: [7s Ad Td 6h Ks]
Seat 1: spi-cz-430 (big blind) showed [7c Kh] and won 3000 with Two pairs : Kings and 7
Seat 6: P1xel7 (small blind) (button) showed [2c Ac] and lost with One pair : Aces


