Winamax Poker - Tournament "Kill The Fish" buyIn: 0.90€ + 0.10€ level: 1 - HandId: #3075683323989721091-26-1701612655 - Holdem no limit (25/100/200) - 2023/12/03 14:10:55 UTC
Table: 'Kill The Fish(716113328)#002' 6-max (real money) Seat #6 is the button
Seat 1: -WoodCock- (19443, 0.45€ bounty)
Seat 2: P1xel7 (20000, 0.45€ bounty)
Seat 3: Rom 87 (23997, 0.45€ bounty)
Seat 4: JveuxdesvAK (21475, 0.45€ bounty)
Seat 5: 3rames (17375, 0.45€ bounty)
Seat 6: NeverGivUp76 (33828, 0.67€ bounty)
*** ANTE/BLINDS ***
-WoodCock- posts ante 25
P1xel7 posts ante 25
Rom 87 posts ante 25
JveuxdesvAK posts ante 25
3rames posts ante 25
NeverGivUp76 posts ante 25
-WoodCock- posts small blind 100
P1xel7 posts big blind 200
Dealt to P1xel7 [Ks 5s]
*** PRE-FLOP *** 
Rom 87 folds
JveuxdesvAK folds
3rames folds
NeverGivUp76 raises 300 to 500
-WoodCock- calls 400
P1xel7 folds
*** FLOP *** [8s Qs Tc]
-WoodCock- checks
NeverGivUp76 bets 472
-WoodCock- raises 972 to 1444
NeverGivUp76 folds
-WoodCock- collected 3266 from pot
*** SUMMARY ***
Total pot 3266 | No rake
Board: [8s Qs Tc]
Seat 1: -WoodCock- (small blind) won 3266


Winamax Poker - Tournament "Kill The Fish" buyIn: 0.90€ + 0.10€ level: 1 - HandId: #3075683323989721091-27-1701612702 - Holdem no limit (25/100/200) - 2023/12/03 14:11:42 UTC
Table: 'Kill The Fish(716113328)#002' 6-max (real money) Seat #1 is the button
Seat 1: -WoodCock- (20740, 0.45€ bounty)
Seat 2: P1xel7 (19775, 0.45€ bounty)
Seat 3: Rom 87 (23972, 0.45€ bounty)
Seat 4: JveuxdesvAK (21450, 0.45€ bounty)
Seat 5: 3rames (17350, 0.45€ bounty)
Seat 6: NeverGivUp76 (32831, 0.67€ bounty)
*** ANTE/BLINDS ***
P1xel7 posts ante 25
Rom 87 posts ante 25
-WoodCock- posts ante 25
JveuxdesvAK posts ante 25
3rames posts ante 25
NeverGivUp76 posts ante 25
P1xel7 posts small blind 100
Rom 87 posts big blind 200
Dealt to P1xel7 [4h 3c]
*** PRE-FLOP *** 
JveuxdesvAK folds
3rames folds
NeverGivUp76 folds
-WoodCock- calls 200
P1xel7 folds
Rom 87 raises 650 to 850
-WoodCock- folds
Rom 87 collected 1300 from pot
*** SUMMARY ***
Total pot 1300 | No rake
Seat 3: Rom 87 (big blind) won 1300


Winamax Poker - Tournament "Kill The Fish" buyIn: 0.90€ + 0.10€ level: 1 - HandId: #3075683323989721091-28-1701612752 - Holdem no limit (25/100/200) - 2023/12/03 14:12:32 UTC
Table: 'Kill The Fish(716113328)#002' 6-max (real money) Seat #2 is the button
Seat 1: -WoodCock- (20515, 0.45€ bounty)
Seat 2: P1xel7 (19650, 0.45€ bounty)
Seat 3: Rom 87 (24397, 0.45€ bounty)
Seat 4: JveuxdesvAK (21425, 0.45€ bounty)
Seat 5: 3rames (17325, 0.45€ bounty)
Seat 6: NeverGivUp76 (32806, 0.67€ bounty)
*** ANTE/BLINDS ***
Rom 87 posts ante 25
JveuxdesvAK posts ante 25
-WoodCock- posts ante 25
P1xel7 posts ante 25
3rames posts ante 25
NeverGivUp76 posts ante 25
Rom 87 posts small blind 100
JveuxdesvAK posts big blind 200
Dealt to P1xel7 [Qh 7h]
*** PRE-FLOP *** 
3rames folds
NeverGivUp76 raises 400 to 600
-WoodCock- folds
P1xel7 folds
Rom 87 calls 500
JveuxdesvAK folds
*** FLOP *** [8c Jd 4c]
Rom 87 bets 1550
NeverGivUp76 calls 1550
*** TURN *** [8c Jd 4c][Ad]
Rom 87 bets 4650
NeverGivUp76 calls 4650
*** RIVER *** [8c Jd 4c Ad][Tc]
Rom 87 checks
NeverGivUp76 bets 25981 and is all-in
Rom 87 folds
NeverGivUp76 collected 39931 from pot
*** SUMMARY ***
Total pot 39931 | No rake
Board: [8c Jd 4c Ad Tc]
Seat 6: NeverGivUp76 won 39931


Winamax Poker - Tournament "Kill The Fish" buyIn: 0.90€ + 0.10€ level: 1 - HandId: #3075683323989721091-29-1701612806 - Holdem no limit (25/100/200) - 2023/12/03 14:13:26 UTC
Table: 'Kill The Fish(716113328)#002' 6-max (real money) Seat #3 is the button
Seat 1: -WoodCock- (20490, 0.45€ bounty)
Seat 2: P1xel7 (19625, 0.45€ bounty)
Seat 3: Rom 87 (17572, 0.45€ bounty)
Seat 4: JveuxdesvAK (21200, 0.45€ bounty)
Seat 5: 3rames (17300, 0.45€ bounty)
Seat 6: NeverGivUp76 (39931, 0.67€ bounty)
*** ANTE/BLINDS ***
JveuxdesvAK posts ante 25
3rames posts ante 25
-WoodCock- posts ante 25
P1xel7 posts ante 25
Rom 87 posts ante 25
NeverGivUp76 posts ante 25
JveuxdesvAK posts small blind 100
3rames posts big blind 200
Dealt to P1xel7 [Qh 6s]
*** PRE-FLOP *** 
NeverGivUp76 folds
-WoodCock- folds
P1xel7 folds
Rom 87 raises 17347 to 17547 and is all-in
JveuxdesvAK folds
3rames folds
Rom 87 collected 17997 from pot
*** SUMMARY ***
Total pot 17997 | No rake
Seat 3: Rom 87 (button) won 17997


Winamax Poker - Tournament "Kill The Fish" buyIn: 0.90€ + 0.10€ level: 1 - HandId: #3075683323989721091-30-1701612829 - Holdem no limit (25/100/200) - 2023/12/03 14:13:49 UTC
Table: 'Kill The Fish(716113328)#002' 6-max (real money) Seat #4 is the button
Seat 1: -WoodCock- (20465, 0.45€ bounty)
Seat 2: P1xel7 (19600, 0.45€ bounty)
Seat 3: Rom 87 (17997, 0.45€ bounty)
Seat 4: JveuxdesvAK (21075, 0.45€ bounty)
Seat 5: 3rames (17075, 0.45€ bounty)
Seat 6: NeverGivUp76 (39906, 0.67€ bounty)
*** ANTE/BLINDS ***
3rames posts ante 25
NeverGivUp76 posts ante 25
-WoodCock- posts ante 25
P1xel7 posts ante 25
Rom 87 posts ante 25
JveuxdesvAK posts ante 25
3rames posts small blind 100
NeverGivUp76 posts big blind 200
Dealt to P1xel7 [4c 2d]
*** PRE-FLOP *** 
-WoodCock- calls 200
P1xel7 folds
Rom 87 folds
JveuxdesvAK calls 200
3rames folds
NeverGivUp76 checks
*** FLOP *** [Ks 6s Ah]
NeverGivUp76 checks
-WoodCock- checks
JveuxdesvAK bets 200
NeverGivUp76 folds
-WoodCock- folds
JveuxdesvAK collected 1050 from pot
*** SUMMARY ***
Total pot 1050 | No rake
Board: [Ks 6s Ah]
Seat 4: JveuxdesvAK (button) won 1050


Winamax Poker - Tournament "Kill The Fish" buyIn: 0.90€ + 0.10€ level: 1 - HandId: #3075683323989721091-31-1701612884 - Holdem no limit (25/100/200) - 2023/12/03 14:14:44 UTC
Table: 'Kill The Fish(716113328)#002' 6-max (real money) Seat #5 is the button
Seat 1: -WoodCock- (20240, 0.45€ bounty)
Seat 2: P1xel7 (19575, 0.45€ bounty)
Seat 3: Rom 87 (17972, 0.45€ bounty)
Seat 4: JveuxdesvAK (21700, 0.45€ bounty)
Seat 5: 3rames (16950, 0.45€ bounty)
Seat 6: NeverGivUp76 (39681, 0.67€ bounty)
*** ANTE/BLINDS ***
NeverGivUp76 posts ante 25
-WoodCock- posts ante 25
P1xel7 posts ante 25
Rom 87 posts ante 25
JveuxdesvAK posts ante 25
3rames posts ante 25
NeverGivUp76 posts small blind 100
-WoodCock- posts big blind 200
Dealt to P1xel7 [Kh Ts]
*** PRE-FLOP *** 
P1xel7 folds
Rom 87 folds
JveuxdesvAK folds
3rames folds
NeverGivUp76 raises 300 to 500
-WoodCock- calls 300
*** FLOP *** [7d 9d 3h]
NeverGivUp76 bets 748
-WoodCock- calls 748
*** TURN *** [7d 9d 3h][Ks]
NeverGivUp76 bets 1720
-WoodCock- folds
NeverGivUp76 collected 4366 from pot
*** SUMMARY ***
Total pot 4366 | No rake
Board: [7d 9d 3h Ks]
Seat 6: NeverGivUp76 (small blind) won 4366


Winamax Poker - Tournament "Kill The Fish" buyIn: 0.90€ + 0.10€ level: 1 - HandId: #3075683323989721091-32-1701612939 - Holdem no limit (25/100/200) - 2023/12/03 14:15:39 UTC
Table: 'Kill The Fish(716113328)#002' 6-max (real money) Seat #6 is the button
Seat 1: -WoodCock- (18967, 0.45€ bounty)
Seat 2: P1xel7 (19550, 0.45€ bounty)
Seat 3: Rom 87 (17947, 0.45€ bounty)
Seat 4: JveuxdesvAK (21675, 0.45€ bounty)
Seat 5: 3rames (16925, 0.45€ bounty)
Seat 6: NeverGivUp76 (41054, 0.67€ bounty)
*** ANTE/BLINDS ***
-WoodCock- posts ante 25
P1xel7 posts ante 25
Rom 87 posts ante 25
JveuxdesvAK posts ante 25
3rames posts ante 25
NeverGivUp76 posts ante 25
-WoodCock- posts small blind 100
P1xel7 posts big blind 200
Dealt to P1xel7 [6s Ts]
*** PRE-FLOP *** 
Rom 87 raises 250 to 450
JveuxdesvAK calls 450
3rames folds
NeverGivUp76 raises 900 to 1350
-WoodCock- calls 1250
P1xel7 folds
Rom 87 calls 900
JveuxdesvAK calls 900
*** FLOP *** [8d 2s Js]
-WoodCock- checks
Rom 87 checks
JveuxdesvAK bets 2013
NeverGivUp76 folds
-WoodCock- folds
Rom 87 folds
JveuxdesvAK collected 7763 from pot
*** SUMMARY ***
Total pot 7763 | No rake
Board: [8d 2s Js]
Seat 4: JveuxdesvAK won 7763


Winamax Poker - Tournament "Kill The Fish" buyIn: 0.90€ + 0.10€ level: 2 - HandId: #3075683323989721091-33-1701613000 - Holdem no limit (30/125/250) - 2023/12/03 14:16:40 UTC
Table: 'Kill The Fish(716113328)#002' 6-max (real money) Seat #1 is the button
Seat 1: -WoodCock- (17592, 0.45€ bounty)
Seat 2: P1xel7 (19325, 0.45€ bounty)
Seat 3: Rom 87 (16572, 0.45€ bounty)
Seat 4: JveuxdesvAK (26050, 0.45€ bounty)
Seat 5: 3rames (16900, 0.45€ bounty)
Seat 6: NeverGivUp76 (39679, 0.67€ bounty)
*** ANTE/BLINDS ***
P1xel7 posts ante 30
Rom 87 posts ante 30
-WoodCock- posts ante 30
JveuxdesvAK posts ante 30
3rames posts ante 30
NeverGivUp76 posts ante 30
P1xel7 posts small blind 125
Rom 87 posts big blind 250
Dealt to P1xel7 [5s 2c]
*** PRE-FLOP *** 
JveuxdesvAK raises 250 to 500
3rames calls 500
NeverGivUp76 calls 500
-WoodCock- raises 17062 to 17562 and is all-in
P1xel7 folds
Rom 87 calls 16292 and is all-in
JveuxdesvAK folds
3rames folds
NeverGivUp76 calls 17062
*** FLOP *** [8h 7s 7d]
*** TURN *** [8h 7s 7d][Qd]
*** RIVER *** [8h 7s 7d Qd][Kc]
*** SHOW DOWN ***
-WoodCock- shows [9s 9h] (Two pairs : 9 and 7)
Rom 87 shows [Kd Ad] (Two pairs : Kings and 7)
NeverGivUp76 shows [Qc Jc] (Two pairs : Queens and 7)
NeverGivUp76 collected 2040 from side pot 1
Rom 87 collected 50931 from main pot
*** SUMMARY ***
Total pot 52971 | No rake
Board: [8h 7s 7d Qd Kc]
Seat 1: -WoodCock- (button) showed [9s 9h] and lost with Two pairs : 9 and 7
Seat 3: Rom 87 (big blind) showed [Kd Ad] and won 50931 with Two pairs : Kings and 7
Seat 6: NeverGivUp76 showed [Qc Jc] and won 2040 with Two pairs : Queens and 7


Winamax Poker - Tournament "Kill The Fish" buyIn: 0.90€ + 0.10€ level: 2 - HandId: #3075683323989721091-34-1701613061 - Holdem no limit (30/125/250) - 2023/12/03 14:17:41 UTC
Table: 'Kill The Fish(716113328)#002' 6-max (real money) Seat #2 is the button
Seat 2: P1xel7 (19170, 0.45€ bounty)
Seat 3: Rom 87 (50931, 0.45€ bounty)
Seat 4: JveuxdesvAK (25520, 0.45€ bounty)
Seat 5: 3rames (16370, 0.45€ bounty)
Seat 6: NeverGivUp76 (24127, 0.89€ bounty)
*** ANTE/BLINDS ***
Rom 87 posts ante 30
JveuxdesvAK posts ante 30
P1xel7 posts ante 30
3rames posts ante 30
NeverGivUp76 posts ante 30
Rom 87 posts small blind 125
JveuxdesvAK posts big blind 250
Dealt to P1xel7 [Qs 8d]
*** PRE-FLOP *** 
3rames raises 500 to 750
NeverGivUp76 calls 750
P1xel7 folds
Rom 87 folds
JveuxdesvAK calls 500
*** FLOP *** [9d 4h 7c]
JveuxdesvAK checks
3rames bets 1263
NeverGivUp76 calls 1263
JveuxdesvAK folds
*** TURN *** [9d 4h 7c][8h]
3rames bets 3283
NeverGivUp76 calls 3283
*** RIVER *** [9d 4h 7c 8h][4s]
3rames bets 7551
NeverGivUp76 calls 7551
*** SHOW DOWN ***
NeverGivUp76 shows [6s Ad] (One pair : 4)
3rames shows [Kc Kh] (Two pairs : Kings and 4)
3rames collected 26719 from pot
*** SUMMARY ***
Total pot 26719 | No rake
Board: [9d 4h 7c 8h 4s]
Seat 5: 3rames showed [Kc Kh] and won 26719 with Two pairs : Kings and 4
Seat 6: NeverGivUp76 showed [6s Ad] and lost with One pair : 4


Winamax Poker - Tournament "Kill The Fish" buyIn: 0.90€ + 0.10€ level: 2 - HandId: #3075683323989721091-35-1701613126 - Holdem no limit (30/125/250) - 2023/12/03 14:18:46 UTC
Table: 'Kill The Fish(716113328)#002' 6-max (real money) Seat #3 is the button
Seat 1: Piklessous (20000, 0.45€ bounty)
Seat 2: P1xel7 (19140, 0.45€ bounty)
Seat 3: Rom 87 (50776, 0.45€ bounty)
Seat 4: JveuxdesvAK (24740, 0.45€ bounty)
Seat 5: 3rames (30212, 0.45€ bounty)
Seat 6: NeverGivUp76 (11250, 0.89€ bounty)
*** ANTE/BLINDS ***
JveuxdesvAK posts ante 30
3rames posts ante 30
Piklessous posts ante 30
P1xel7 posts ante 30
Rom 87 posts ante 30
NeverGivUp76 posts ante 30
JveuxdesvAK posts small blind 125
3rames posts big blind 250
Dealt to P1xel7 [Qh Kh]
*** PRE-FLOP *** 
NeverGivUp76 folds
Piklessous folds
P1xel7 raises 375 to 625
Rom 87 folds
JveuxdesvAK folds
3rames folds
P1xel7 collected 1180 from pot
*** SUMMARY ***
Total pot 1180 | No rake
Seat 2: P1xel7 won 1180


Winamax Poker - Tournament "Kill The Fish" buyIn: 0.90€ + 0.10€ level: 2 - HandId: #3075683323989721091-36-1701613152 - Holdem no limit (30/125/250) - 2023/12/03 14:19:12 UTC
Table: 'Kill The Fish(716113328)#002' 6-max (real money) Seat #4 is the button
Seat 1: Piklessous (19970, 0.45€ bounty)
Seat 2: P1xel7 (19665, 0.45€ bounty)
Seat 3: Rom 87 (50746, 0.45€ bounty)
Seat 4: JveuxdesvAK (24585, 0.45€ bounty)
Seat 5: 3rames (29932, 0.45€ bounty)
Seat 6: NeverGivUp76 (11220, 0.89€ bounty)
*** ANTE/BLINDS ***
3rames posts ante 30
NeverGivUp76 posts ante 30
Piklessous posts ante 30
P1xel7 posts ante 30
Rom 87 posts ante 30
JveuxdesvAK posts ante 30
3rames posts small blind 125
NeverGivUp76 posts big blind 250
Dealt to P1xel7 [6c 2s]
*** PRE-FLOP *** 
Piklessous folds
P1xel7 folds
Rom 87 folds
JveuxdesvAK folds
3rames calls 125
NeverGivUp76 checks
*** FLOP *** [Ah Ts Ac]
3rames bets 340
NeverGivUp76 folds
3rames collected 1020 from pot
*** SUMMARY ***
Total pot 1020 | No rake
Board: [Ah Ts Ac]
Seat 5: 3rames (small blind) won 1020


Winamax Poker - Tournament "Kill The Fish" buyIn: 0.90€ + 0.10€ level: 2 - HandId: #3075683323989721091-37-1701613199 - Holdem no limit (30/125/250) - 2023/12/03 14:19:59 UTC
Table: 'Kill The Fish(716113328)#002' 6-max (real money) Seat #5 is the button
Seat 1: Piklessous (19940, 0.45€ bounty)
Seat 2: P1xel7 (19635, 0.45€ bounty)
Seat 3: Rom 87 (50716, 0.45€ bounty)
Seat 4: JveuxdesvAK (24555, 0.45€ bounty)
Seat 5: 3rames (30332, 0.45€ bounty)
Seat 6: NeverGivUp76 (10940, 0.89€ bounty)
*** ANTE/BLINDS ***
NeverGivUp76 posts ante 30
Piklessous posts ante 30
P1xel7 posts ante 30
Rom 87 posts ante 30
JveuxdesvAK posts ante 30
3rames posts ante 30
NeverGivUp76 posts small blind 125
Piklessous posts big blind 250
Dealt to P1xel7 [Th Ac]
*** PRE-FLOP *** 
P1xel7 folds
Rom 87 folds
JveuxdesvAK folds
3rames folds
NeverGivUp76 raises 10660 to 10910 and is all-in
Piklessous folds
NeverGivUp76 collected 11340 from pot
*** SUMMARY ***
Total pot 11340 | No rake
Seat 6: NeverGivUp76 (small blind) won 11340


Winamax Poker - Tournament "Kill The Fish" buyIn: 0.90€ + 0.10€ level: 2 - HandId: #3075683323989721091-38-1701613224 - Holdem no limit (30/125/250) - 2023/12/03 14:20:24 UTC
Table: 'Kill The Fish(716113328)#002' 6-max (real money) Seat #6 is the button
Seat 1: Piklessous (19660, 0.45€ bounty)
Seat 2: P1xel7 (19605, 0.45€ bounty)
Seat 3: Rom 87 (50686, 0.45€ bounty)
Seat 4: JveuxdesvAK (24525, 0.45€ bounty)
Seat 5: 3rames (30302, 0.45€ bounty)
Seat 6: NeverGivUp76 (11340, 0.89€ bounty)
*** ANTE/BLINDS ***
Piklessous posts ante 30
P1xel7 posts ante 30
Rom 87 posts ante 30
JveuxdesvAK posts ante 30
3rames posts ante 30
NeverGivUp76 posts ante 30
Piklessous posts small blind 125
P1xel7 posts big blind 250
Dealt to P1xel7 [Ad 3s]
*** PRE-FLOP *** 
Rom 87 raises 313 to 563
JveuxdesvAK folds
3rames folds
NeverGivUp76 calls 563
Piklessous folds
P1xel7 folds
*** FLOP *** [8d 7h 4s]
Rom 87 bets 588
NeverGivUp76 raises 10159 to 10747 and is all-in
Rom 87 calls 10159
*** TURN *** [8d 7h 4s][8s]
*** RIVER *** [8d 7h 4s 8s][5h]
*** SHOW DOWN ***
Rom 87 shows [7c Ac] (Two pairs : 8 and 7)
NeverGivUp76 shows [5c 6s] (Straight 8 high)
NeverGivUp76 collected 23175 from pot
*** SUMMARY ***
Total pot 23175 | No rake
Board: [8d 7h 4s 8s 5h]
Seat 3: Rom 87 showed [7c Ac] and lost with Two pairs : 8 and 7
Seat 6: NeverGivUp76 (button) showed [5c 6s] and won 23175 with Straight 8 high


Winamax Poker - Tournament "Kill The Fish" buyIn: 0.90€ + 0.10€ level: 3 - HandId: #3075683323989721091-39-1701613284 - Holdem no limit (35/150/300) - 2023/12/03 14:21:24 UTC
Table: 'Kill The Fish(716113328)#002' 6-max (real money) Seat #1 is the button
Seat 1: Piklessous (19505, 0.45€ bounty)
Seat 2: P1xel7 (19325, 0.45€ bounty)
Seat 3: Rom 87 (39346, 0.45€ bounty)
Seat 4: JveuxdesvAK (24495, 0.45€ bounty)
Seat 5: 3rames (30272, 0.45€ bounty)
Seat 6: NeverGivUp76 (23175, 0.89€ bounty)
*** ANTE/BLINDS ***
P1xel7 posts ante 35
Rom 87 posts ante 35
Piklessous posts ante 35
JveuxdesvAK posts ante 35
3rames posts ante 35
NeverGivUp76 posts ante 35
P1xel7 posts small blind 150
Rom 87 posts big blind 300
Dealt to P1xel7 [2h As]
*** PRE-FLOP *** 
JveuxdesvAK raises 300 to 600
3rames raises 1500 to 2100
NeverGivUp76 folds
Piklessous folds
P1xel7 folds
Rom 87 raises 37211 to 39311 and is all-in
JveuxdesvAK folds
3rames calls 28137 and is all-in
*** FLOP *** [9h 9d 5d]
*** TURN *** [9h 9d 5d][6d]
*** RIVER *** [9h 9d 5d 6d][Qh]
*** SHOW DOWN ***
Rom 87 shows [7d 7c] (Two pairs : 9 and 7)
3rames shows [Qc Qd] (Full of Queens and 9)
3rames collected 61434 from main pot
Rom 87 collected 9074 from side pot 1
*** SUMMARY ***
Total pot 70508 | No rake
Board: [9h 9d 5d 6d Qh]
Seat 3: Rom 87 (big blind) showed [7d 7c] and won 9074 with Two pairs : 9 and 7
Seat 5: 3rames showed [Qc Qd] and won 61434 with Full of Queens and 9


Winamax Poker - Tournament "Kill The Fish" buyIn: 0.90€ + 0.10€ level: 3 - HandId: #3075683323989721091-40-1701613336 - Holdem no limit (35/150/300) - 2023/12/03 14:22:16 UTC
Table: 'Kill The Fish(716113328)#002' 6-max (real money) Seat #2 is the button
Seat 1: Piklessous (19470, 0.45€ bounty)
Seat 2: P1xel7 (19140, 0.45€ bounty)
Seat 3: Rom 87 (9074, 0.45€ bounty)
Seat 4: JveuxdesvAK (23860, 0.45€ bounty)
Seat 5: 3rames (61434, 0.45€ bounty)
Seat 6: NeverGivUp76 (23140, 0.89€ bounty)
*** ANTE/BLINDS ***
Rom 87 posts ante 35
JveuxdesvAK posts ante 35
Piklessous posts ante 35
P1xel7 posts ante 35
3rames posts ante 35
NeverGivUp76 posts ante 35
Rom 87 posts small blind 150
JveuxdesvAK posts big blind 300
Dealt to P1xel7 [Tc 6c]
*** PRE-FLOP *** 
3rames folds
NeverGivUp76 folds
Piklessous calls 300
P1xel7 folds
Rom 87 raises 8739 to 9039 and is all-in
JveuxdesvAK folds
Piklessous folds
Rom 87 collected 9849 from pot
*** SUMMARY ***
Total pot 9849 | No rake
Seat 3: Rom 87 (small blind) won 9849


Winamax Poker - Tournament "Kill The Fish" buyIn: 0.90€ + 0.10€ level: 3 - HandId: #3075683323989721091-41-1701613356 - Holdem no limit (35/150/300) - 2023/12/03 14:22:36 UTC
Table: 'Kill The Fish(716113328)#002' 6-max (real money) Seat #3 is the button
Seat 1: Piklessous (19135, 0.45€ bounty)
Seat 2: P1xel7 (19105, 0.45€ bounty)
Seat 3: Rom 87 (9849, 0.45€ bounty)
Seat 4: JveuxdesvAK (23525, 0.45€ bounty)
Seat 5: 3rames (61399, 0.45€ bounty)
Seat 6: NeverGivUp76 (23105, 0.89€ bounty)
*** ANTE/BLINDS ***
JveuxdesvAK posts ante 35
3rames posts ante 35
Piklessous posts ante 35
P1xel7 posts ante 35
Rom 87 posts ante 35
NeverGivUp76 posts ante 35
JveuxdesvAK posts small blind 150
3rames posts big blind 300
Dealt to P1xel7 [7h 2d]
*** PRE-FLOP *** 
NeverGivUp76 raises 600 to 900
Piklessous raises 18200 to 19100 and is all-in
P1xel7 folds
Rom 87 calls 9814 and is all-in
JveuxdesvAK folds
3rames folds
NeverGivUp76 raises 3970 to 23070 and is all-in
*** FLOP *** [7d Jc Qs]
*** TURN *** [7d Jc Qs][6d]
*** RIVER *** [7d Jc Qs 6d][Kh]
*** SHOW DOWN ***
Rom 87 shows [Js 4c] (One pair : Jacks)
Piklessous shows [Ah Tc] (Straight Ace high)
NeverGivUp76 shows [Ad As] (One pair : Aces)
NeverGivUp76 collected 3970 from side pot 1
Piklessous collected 48674 from main pot
*** SUMMARY ***
Total pot 52644 | No rake
Board: [7d Jc Qs 6d Kh]
Seat 1: Piklessous showed [Ah Tc] and won 48674 with Straight Ace high
Seat 3: Rom 87 (button) showed [Js 4c] and lost with One pair : Jacks
Seat 6: NeverGivUp76 showed [Ad As] and won 3970 with One pair : Aces


Winamax Poker - Tournament "Kill The Fish" buyIn: 0.90€ + 0.10€ level: 3 - HandId: #3075683323989721091-42-1701613379 - Holdem no limit (35/150/300) - 2023/12/03 14:22:59 UTC
Table: 'Kill The Fish(716113328)#002' 6-max (real money) Seat #4 is the button
Seat 1: Piklessous (48674, 0.67€ bounty)
Seat 2: P1xel7 (19070, 0.45€ bounty)
Seat 4: JveuxdesvAK (23340, 0.45€ bounty)
Seat 5: 3rames (61064, 0.45€ bounty)
Seat 6: NeverGivUp76 (3970, 0.89€ bounty)
*** ANTE/BLINDS ***
3rames posts ante 35
NeverGivUp76 posts ante 35
Piklessous posts ante 35
P1xel7 posts ante 35
JveuxdesvAK posts ante 35
3rames posts small blind 150
NeverGivUp76 posts big blind 300
Dealt to P1xel7 [9s Qs]
*** PRE-FLOP *** 
Piklessous folds
P1xel7 raises 450 to 750
JveuxdesvAK folds
3rames calls 600
NeverGivUp76 folds
*** FLOP *** [Js 6c Qd]
3rames checks
P1xel7 bets 1284
3rames calls 1284
*** TURN *** [Js 6c Qd][2s]
3rames checks
P1xel7 bets 1590
3rames calls 1590
*** RIVER *** [Js 6c Qd 2s][Ks]
3rames bets 5020
P1xel7 calls 5020
*** SHOW DOWN ***
3rames shows [Jd Tc] (One pair : Jacks)
P1xel7 shows [9s Qs] (Flush King high)
P1xel7 collected 17763 from pot
*** SUMMARY ***
Total pot 17763 | No rake
Board: [Js 6c Qd 2s Ks]
Seat 2: P1xel7 showed [9s Qs] and won 17763 with Flush King high
Seat 5: 3rames (small blind) showed [Jd Tc] and lost with One pair : Jacks


Winamax Poker - Tournament "Kill The Fish" buyIn: 0.90€ + 0.10€ level: 3 - HandId: #3075683323989721091-43-1701613466 - Holdem no limit (35/150/300) - 2023/12/03 14:24:26 UTC
Table: 'Kill The Fish(716113328)#002' 6-max (real money) Seat #5 is the button
Seat 1: Piklessous (48639, 0.67€ bounty)
Seat 2: P1xel7 (28154, 0.45€ bounty)
Seat 4: JveuxdesvAK (23305, 0.45€ bounty)
Seat 5: 3rames (52385, 0.45€ bounty)
Seat 6: NeverGivUp76 (3635, 0.89€ bounty)
*** ANTE/BLINDS ***
NeverGivUp76 posts ante 35
Piklessous posts ante 35
P1xel7 posts ante 35
JveuxdesvAK posts ante 35
3rames posts ante 35
NeverGivUp76 posts small blind 150
Piklessous posts big blind 300
Dealt to P1xel7 [Th 8s]
*** PRE-FLOP *** 
P1xel7 folds
JveuxdesvAK folds
3rames folds
NeverGivUp76 raises 3300 to 3600 and is all-in
Piklessous calls 3300
*** FLOP *** [7s 6c 6h]
*** TURN *** [7s 6c 6h][Ad]
*** RIVER *** [7s 6c 6h Ad][6s]
*** SHOW DOWN ***
Piklessous shows [8d Qs] (Trips of 6)
NeverGivUp76 shows [5h 7h] (Full of 6 and 7)
NeverGivUp76 collected 7375 from pot
*** SUMMARY ***
Total pot 7375 | No rake
Board: [7s 6c 6h Ad 6s]
Seat 1: Piklessous (big blind) showed [8d Qs] and lost with Trips of 6
Seat 6: NeverGivUp76 (small blind) showed [5h 7h] and won 7375 with Full of 6 and 7


Winamax Poker - Tournament "Kill The Fish" buyIn: 0.90€ + 0.10€ level: 3 - HandId: #3075683323989721091-44-1701613498 - Holdem no limit (35/150/300) - 2023/12/03 14:24:58 UTC
Table: 'Kill The Fish(716113328)#002' 6-max (real money) Seat #6 is the button
Seat 1: Piklessous (45004, 0.67€ bounty)
Seat 2: P1xel7 (28119, 0.45€ bounty)
Seat 4: JveuxdesvAK (23270, 0.45€ bounty)
Seat 5: 3rames (52350, 0.45€ bounty)
Seat 6: NeverGivUp76 (7375, 0.89€ bounty)
*** ANTE/BLINDS ***
Piklessous posts ante 35
P1xel7 posts ante 35
JveuxdesvAK posts ante 35
3rames posts ante 35
NeverGivUp76 posts ante 35
Piklessous posts small blind 150
P1xel7 posts big blind 300
Dealt to P1xel7 [3s 7h]
*** PRE-FLOP *** 
JveuxdesvAK folds
3rames folds
NeverGivUp76 folds
Piklessous folds
P1xel7 collected 625 from pot
*** SUMMARY ***
Total pot 625 | No rake
Seat 2: P1xel7 (big blind) won 625


Winamax Poker - Tournament "Kill The Fish" buyIn: 0.90€ + 0.10€ level: 3 - HandId: #3075683323989721091-45-1701613520 - Holdem no limit (35/150/300) - 2023/12/03 14:25:20 UTC
Table: 'Kill The Fish(716113328)#002' 6-max (real money) Seat #1 is the button
Seat 1: Piklessous (44819, 0.67€ bounty)
Seat 2: P1xel7 (28409, 0.45€ bounty)
Seat 4: JveuxdesvAK (23235, 0.45€ bounty)
Seat 5: 3rames (52315, 0.45€ bounty)
Seat 6: NeverGivUp76 (7340, 0.89€ bounty)
*** ANTE/BLINDS ***
P1xel7 posts ante 35
JveuxdesvAK posts ante 35
Piklessous posts ante 35
3rames posts ante 35
NeverGivUp76 posts ante 35
P1xel7 posts small blind 150
JveuxdesvAK posts big blind 300
Dealt to P1xel7 [4c 8d]
*** PRE-FLOP *** 
3rames folds
NeverGivUp76 raises 7005 to 7305 and is all-in
Piklessous folds
P1xel7 folds
JveuxdesvAK calls 7005
*** FLOP *** [Js Ah 7d]
*** TURN *** [Js Ah 7d][Jd]
*** RIVER *** [Js Ah 7d Jd][Ts]
*** SHOW DOWN ***
JveuxdesvAK shows [6s 6c] (Two pairs : Jacks and 6)
NeverGivUp76 shows [Kc As] (Two pairs : Aces and Jacks)
NeverGivUp76 collected 14935 from pot
*** SUMMARY ***
Total pot 14935 | No rake
Board: [Js Ah 7d Jd Ts]
Seat 4: JveuxdesvAK (big blind) showed [6s 6c] and lost with Two pairs : Jacks and 6
Seat 6: NeverGivUp76 showed [Kc As] and won 14935 with Two pairs : Aces and Jacks


Winamax Poker - Tournament "Kill The Fish" buyIn: 0.90€ + 0.10€ level: 3 - HandId: #3075683323989721091-46-1701613548 - Holdem no limit (35/150/300) - 2023/12/03 14:25:48 UTC
Table: 'Kill The Fish(716113328)#002' 6-max (real money) Seat #2 is the button
Seat 1: Piklessous (44784, 0.67€ bounty)
Seat 2: P1xel7 (28224, 0.45€ bounty)
Seat 3: -BrokenSmile (20000, 0.45€ bounty)
Seat 4: JveuxdesvAK (15895, 0.45€ bounty)
Seat 5: 3rames (52280, 0.45€ bounty)
Seat 6: NeverGivUp76 (14935, 0.89€ bounty)
*** ANTE/BLINDS ***
JveuxdesvAK posts ante 35
3rames posts ante 35
Piklessous posts ante 35
P1xel7 posts ante 35
NeverGivUp76 posts ante 35
JveuxdesvAK posts small blind 150
3rames posts big blind 300
Dealt to P1xel7 [Ks Kh]
*** PRE-FLOP *** 
NeverGivUp76 raises 14600 to 14900 and is all-in
Piklessous folds
P1xel7 calls 14900
JveuxdesvAK folds
3rames folds
*** FLOP *** [8d 2c 9c]
*** TURN *** [8d 2c 9c][Kc]
*** RIVER *** [8d 2c 9c Kc][Jc]
*** SHOW DOWN ***
NeverGivUp76 shows [Jh Ah] (One pair : Jacks)
P1xel7 shows [Ks Kh] (Trips of Kings)
P1xel7 collected 30425 from pot
*** SUMMARY ***
Total pot 30425 | No rake
Board: [8d 2c 9c Kc Jc]
Seat 2: P1xel7 (button) showed [Ks Kh] and won 30425 with Trips of Kings
Seat 6: NeverGivUp76 showed [Jh Ah] and lost with One pair : Jacks


Winamax Poker - Tournament "Kill The Fish" buyIn: 0.90€ + 0.10€ level: 4 - HandId: #3075683323989721091-47-1701613580 - Holdem no limit (40/175/350) - 2023/12/03 14:26:20 UTC
Table: 'Kill The Fish(716113328)#002' 6-max (real money) Seat #4 is the button
Seat 1: Piklessous (44749, 0.67€ bounty)
Seat 2: P1xel7 (43714, 0.89€ bounty)
Seat 3: -BrokenSmile (20000, 0.45€ bounty)
Seat 4: JveuxdesvAK (15710, 0.45€ bounty)
Seat 5: 3rames (51945, 0.45€ bounty)
*** ANTE/BLINDS ***
3rames posts ante 40
Piklessous posts ante 40
P1xel7 posts ante 40
-BrokenSmile posts ante 40
JveuxdesvAK posts ante 40
3rames posts small blind 175
Piklessous posts big blind 350
Dealt to P1xel7 [Qh 6c]
*** PRE-FLOP *** 
P1xel7 folds
-BrokenSmile folds
JveuxdesvAK raises 350 to 700
3rames folds
Piklessous calls 350
*** FLOP *** [2c 8c Ac]
Piklessous checks
JveuxdesvAK bets 621
Piklessous folds
JveuxdesvAK collected 2396 from pot
*** SUMMARY ***
Total pot 2396 | No rake
Board: [2c 8c Ac]
Seat 4: JveuxdesvAK (button) won 2396


Winamax Poker - Tournament "Kill The Fish" buyIn: 0.90€ + 0.10€ level: 4 - HandId: #3075683323989721091-48-1701613623 - Holdem no limit (40/175/350) - 2023/12/03 14:27:03 UTC
Table: 'Kill The Fish(716113328)#002' 6-max (real money) Seat #5 is the button
Seat 1: Piklessous (44009, 0.67€ bounty)
Seat 2: P1xel7 (43674, 0.89€ bounty)
Seat 3: -BrokenSmile (19960, 0.45€ bounty)
Seat 4: JveuxdesvAK (16745, 0.45€ bounty)
Seat 5: 3rames (51730, 0.45€ bounty)
Seat 6: NoNoCadillak (20000, 0.45€ bounty)
*** ANTE/BLINDS ***
Piklessous posts ante 40
P1xel7 posts ante 40
-BrokenSmile posts ante 40
JveuxdesvAK posts ante 40
3rames posts ante 40
Piklessous posts small blind 175
P1xel7 posts big blind 350
Dealt to P1xel7 [9c 2c]
*** PRE-FLOP *** 
-BrokenSmile folds
JveuxdesvAK folds
3rames raises 700 to 1050
Piklessous folds
P1xel7 folds
3rames collected 1775 from pot
*** SUMMARY ***
Total pot 1775 | No rake
Seat 5: 3rames (button) won 1775


Winamax Poker - Tournament "Kill The Fish" buyIn: 0.90€ + 0.10€ level: 4 - HandId: #3075683323989721091-49-1701613658 - Holdem no limit (40/175/350) - 2023/12/03 14:27:38 UTC
Table: 'Kill The Fish(716113328)#002' 6-max (real money) Seat #1 is the button
Seat 1: Piklessous (43794, 0.67€ bounty)
Seat 2: P1xel7 (43284, 0.89€ bounty)
Seat 3: -BrokenSmile (19920, 0.45€ bounty)
Seat 4: JveuxdesvAK (16705, 0.45€ bounty)
Seat 5: 3rames (52415, 0.45€ bounty)
Seat 6: NoNoCadillak (20000, 0.45€ bounty)
*** ANTE/BLINDS ***
P1xel7 posts ante 40
-BrokenSmile posts ante 40
Piklessous posts ante 40
JveuxdesvAK posts ante 40
3rames posts ante 40
NoNoCadillak posts ante 40
P1xel7 posts small blind 175
-BrokenSmile posts big blind 350
Dealt to P1xel7 [9d 4s]
*** PRE-FLOP *** 
JveuxdesvAK raises 350 to 700
3rames folds
NoNoCadillak folds
Piklessous folds
P1xel7 folds
-BrokenSmile calls 350
*** FLOP *** [5d 5s 7s]
-BrokenSmile checks
JveuxdesvAK bets 635
-BrokenSmile calls 635
*** TURN *** [5d 5s 7s][Ah]
-BrokenSmile checks
JveuxdesvAK checks
*** RIVER *** [5d 5s 7s Ah][5c]
-BrokenSmile checks
JveuxdesvAK checks
*** SHOW DOWN ***
-BrokenSmile shows [8s Tc] (Trips of 5)
JveuxdesvAK shows [Qh Kd] (Trips of 5)
JveuxdesvAK collected 3085 from pot
*** SUMMARY ***
Total pot 3085 | No rake
Board: [5d 5s 7s Ah 5c]
Seat 3: -BrokenSmile (big blind) showed [8s Tc] and lost with Trips of 5
Seat 4: JveuxdesvAK showed [Qh Kd] and won 3085 with Trips of 5


Winamax Poker - Tournament "Kill The Fish" buyIn: 0.90€ + 0.10€ level: 4 - HandId: #3075683323989721091-50-1701613702 - Holdem no limit (40/175/350) - 2023/12/03 14:28:22 UTC
Table: 'Kill The Fish(716113328)#002' 6-max (real money) Seat #2 is the button
Seat 1: Piklessous (43754, 0.67€ bounty)
Seat 2: P1xel7 (43069, 0.89€ bounty)
Seat 3: -BrokenSmile (18545, 0.45€ bounty)
Seat 4: JveuxdesvAK (18415, 0.45€ bounty)
Seat 5: 3rames (52375, 0.45€ bounty)
Seat 6: NoNoCadillak (19960, 0.45€ bounty)
*** ANTE/BLINDS ***
-BrokenSmile posts ante 40
JveuxdesvAK posts ante 40
Piklessous posts ante 40
P1xel7 posts ante 40
3rames posts ante 40
NoNoCadillak posts ante 40
-BrokenSmile posts small blind 175
JveuxdesvAK posts big blind 350
Dealt to P1xel7 [As 6d]
*** PRE-FLOP *** 
3rames raises 525 to 875
NoNoCadillak calls 875
Piklessous folds
P1xel7 folds
-BrokenSmile folds
JveuxdesvAK calls 525
*** FLOP *** [8s 7h 7s]
JveuxdesvAK checks
3rames bets 1064
NoNoCadillak calls 1064
JveuxdesvAK folds
*** TURN *** [8s 7h 7s][Ts]
3rames bets 1809
NoNoCadillak folds
3rames collected 6977 from pot
*** SUMMARY ***
Total pot 6977 | No rake
Board: [8s 7h 7s Ts]
Seat 5: 3rames won 6977


Winamax Poker - Tournament "Kill The Fish" buyIn: 0.90€ + 0.10€ level: 4 - HandId: #3075683323989721091-51-1701613761 - Holdem no limit (40/175/350) - 2023/12/03 14:29:21 UTC
Table: 'Kill The Fish(716113328)#002' 6-max (real money) Seat #3 is the button
Seat 1: Piklessous (43714, 0.67€ bounty)
Seat 2: P1xel7 (43029, 0.89€ bounty)
Seat 3: -BrokenSmile (18330, 0.45€ bounty)
Seat 4: JveuxdesvAK (17500, 0.45€ bounty)
Seat 5: 3rames (55564, 0.45€ bounty)
Seat 6: NoNoCadillak (17981, 0.45€ bounty)
*** ANTE/BLINDS ***
JveuxdesvAK posts ante 40
3rames posts ante 40
Piklessous posts ante 40
P1xel7 posts ante 40
-BrokenSmile posts ante 40
NoNoCadillak posts ante 40
JveuxdesvAK posts small blind 175
3rames posts big blind 350
Dealt to P1xel7 [4d 2c]
*** PRE-FLOP *** 
NoNoCadillak folds
Piklessous folds
P1xel7 folds
-BrokenSmile folds
JveuxdesvAK raises 875 to 1225
3rames folds
JveuxdesvAK collected 1815 from pot
*** SUMMARY ***
Total pot 1815 | No rake
Seat 4: JveuxdesvAK (small blind) won 1815


Winamax Poker - Tournament "Kill The Fish" buyIn: 0.90€ + 0.10€ level: 4 - HandId: #3075683323989721091-52-1701613777 - Holdem no limit (40/175/350) - 2023/12/03 14:29:37 UTC
Table: 'Kill The Fish(716113328)#002' 6-max (real money) Seat #4 is the button
Seat 1: Piklessous (43674, 0.67€ bounty)
Seat 2: P1xel7 (42989, 0.89€ bounty)
Seat 3: -BrokenSmile (18290, 0.45€ bounty)
Seat 4: JveuxdesvAK (18050, 0.45€ bounty)
Seat 5: 3rames (55174, 0.45€ bounty)
Seat 6: NoNoCadillak (17941, 0.45€ bounty)
*** ANTE/BLINDS ***
3rames posts ante 40
NoNoCadillak posts ante 40
Piklessous posts ante 40
P1xel7 posts ante 40
-BrokenSmile posts ante 40
JveuxdesvAK posts ante 40
3rames posts small blind 175
NoNoCadillak posts big blind 350
Dealt to P1xel7 [6c Jh]
*** PRE-FLOP *** 
Piklessous raises 350 to 700
P1xel7 folds
-BrokenSmile calls 700
JveuxdesvAK folds
3rames calls 525
NoNoCadillak calls 350
*** FLOP *** [9s Qd 6d]
3rames bets 1064
NoNoCadillak calls 1064
Piklessous calls 1064
-BrokenSmile folds
*** TURN *** [9s Qd 6d][5h]
3rames bets 2181
NoNoCadillak folds
Piklessous folds
3rames collected 8413 from pot
*** SUMMARY ***
Total pot 8413 | No rake
Board: [9s Qd 6d 5h]
Seat 5: 3rames (small blind) won 8413


Winamax Poker - Tournament "Kill The Fish" buyIn: 0.90€ + 0.10€ level: 5 - HandId: #3075683323989721091-53-1701613861 - Holdem no limit (50/200/400) - 2023/12/03 14:31:01 UTC
Table: 'Kill The Fish(716113328)#002' 6-max (real money) Seat #5 is the button
Seat 1: Piklessous (41870, 0.67€ bounty)
Seat 2: P1xel7 (42949, 0.89€ bounty)
Seat 3: -BrokenSmile (17550, 0.45€ bounty)
Seat 4: JveuxdesvAK (18010, 0.45€ bounty)
Seat 5: 3rames (59602, 0.45€ bounty)
Seat 6: NoNoCadillak (16137, 0.45€ bounty)
*** ANTE/BLINDS ***
NoNoCadillak posts ante 50
Piklessous posts ante 50
P1xel7 posts ante 50
-BrokenSmile posts ante 50
JveuxdesvAK posts ante 50
3rames posts ante 50
NoNoCadillak posts small blind 200
Piklessous posts big blind 400
Dealt to P1xel7 [9c 7d]
*** PRE-FLOP *** 
P1xel7 folds
-BrokenSmile folds
JveuxdesvAK folds
3rames folds
NoNoCadillak calls 200
Piklessous checks
*** FLOP *** [Kh 2s Ah]
NoNoCadillak checks
Piklessous checks
*** TURN *** [Kh 2s Ah][3s]
NoNoCadillak checks
Piklessous checks
*** RIVER *** [Kh 2s Ah 3s][Tc]
NoNoCadillak bets 1100
Piklessous calls 1100
*** SHOW DOWN ***
Piklessous shows [Th Qs] (One pair : Tens)
NoNoCadillak shows [2d As] (Two pairs : Aces and 2)
NoNoCadillak collected 3300 from pot
*** SUMMARY ***
Total pot 3300 | No rake
Board: [Kh 2s Ah 3s Tc]
Seat 1: Piklessous (big blind) showed [Th Qs] and lost with One pair : Tens
Seat 6: NoNoCadillak (small blind) showed [2d As] and won 3300 with Two pairs : Aces and 2


Winamax Poker - Tournament "Kill The Fish" buyIn: 0.90€ + 0.10€ level: 5 - HandId: #3075683323989721091-54-1701613891 - Holdem no limit (50/200/400) - 2023/12/03 14:31:31 UTC
Table: 'Kill The Fish(716113328)#002' 6-max (real money) Seat #6 is the button
Seat 1: Piklessous (40320, 0.67€ bounty)
Seat 2: P1xel7 (42899, 0.89€ bounty)
Seat 3: -BrokenSmile (17500, 0.45€ bounty)
Seat 4: JveuxdesvAK (17960, 0.45€ bounty)
Seat 5: 3rames (59552, 0.45€ bounty)
Seat 6: NoNoCadillak (17887, 0.45€ bounty)
*** ANTE/BLINDS ***
Piklessous posts ante 50
P1xel7 posts ante 50
-BrokenSmile posts ante 50
JveuxdesvAK posts ante 50
3rames posts ante 50
NoNoCadillak posts ante 50
Piklessous posts small blind 200
P1xel7 posts big blind 400
Dealt to P1xel7 [6d 2s]
*** PRE-FLOP *** 
-BrokenSmile folds
JveuxdesvAK folds
3rames folds
NoNoCadillak folds
Piklessous calls 200
P1xel7 checks
*** FLOP *** [9h 2d 4h]
Piklessous bets 1100
P1xel7 folds
Piklessous collected 2200 from pot
*** SUMMARY ***
Total pot 2200 | No rake
Board: [9h 2d 4h]
Seat 1: Piklessous (small blind) won 2200


Winamax Poker - Tournament "Kill The Fish" buyIn: 0.90€ + 0.10€ level: 5 - HandId: #3075683323989721091-55-1701613916 - Holdem no limit (50/200/400) - 2023/12/03 14:31:56 UTC
Table: 'Kill The Fish(716113328)#002' 6-max (real money) Seat #1 is the button
Seat 1: Piklessous (40970, 0.67€ bounty)
Seat 2: P1xel7 (42449, 0.89€ bounty)
Seat 3: -BrokenSmile (17450, 0.45€ bounty)
Seat 4: JveuxdesvAK (17910, 0.45€ bounty)
Seat 5: 3rames (59502, 0.45€ bounty)
Seat 6: NoNoCadillak (17837, 0.45€ bounty)
*** ANTE/BLINDS ***
P1xel7 posts ante 50
-BrokenSmile posts ante 50
Piklessous posts ante 50
JveuxdesvAK posts ante 50
3rames posts ante 50
NoNoCadillak posts ante 50
P1xel7 posts small blind 200
-BrokenSmile posts big blind 400
Dealt to P1xel7 [8h 3h]
*** PRE-FLOP *** 
JveuxdesvAK folds
3rames folds
NoNoCadillak calls 400
Piklessous folds
P1xel7 folds
-BrokenSmile checks
*** FLOP *** [9s 2d Jd]
-BrokenSmile checks
NoNoCadillak bets 455
-BrokenSmile calls 455
*** TURN *** [9s 2d Jd][6d]
-BrokenSmile checks
NoNoCadillak bets 774
-BrokenSmile calls 774
*** RIVER *** [9s 2d Jd 6d][Td]
-BrokenSmile checks
NoNoCadillak checks
*** SHOW DOWN ***
-BrokenSmile shows [7s 6s] (One pair : 6)
NoNoCadillak shows [Ac 9d] (Flush Jack high)
NoNoCadillak collected 3758 from pot
*** SUMMARY ***
Total pot 3758 | No rake
Board: [9s 2d Jd 6d Td]
Seat 3: -BrokenSmile (big blind) showed [7s 6s] and lost with One pair : 6
Seat 6: NoNoCadillak showed [Ac 9d] and won 3758 with Flush Jack high


Winamax Poker - Tournament "Kill The Fish" buyIn: 0.90€ + 0.10€ level: 5 - HandId: #3075683323989721091-56-1701613964 - Holdem no limit (50/200/400) - 2023/12/03 14:32:44 UTC
Table: 'Kill The Fish(716113328)#002' 6-max (real money) Seat #2 is the button
Seat 1: Piklessous (40920, 0.67€ bounty)
Seat 2: P1xel7 (42199, 0.89€ bounty)
Seat 3: -BrokenSmile (15771, 0.45€ bounty)
Seat 4: JveuxdesvAK (17860, 0.45€ bounty)
Seat 5: 3rames (59452, 0.45€ bounty)
Seat 6: NoNoCadillak (19916, 0.45€ bounty)
*** ANTE/BLINDS ***
-BrokenSmile posts ante 50
JveuxdesvAK posts ante 50
Piklessous posts ante 50
P1xel7 posts ante 50
3rames posts ante 50
NoNoCadillak posts ante 50
-BrokenSmile posts small blind 200
JveuxdesvAK posts big blind 400
Dealt to P1xel7 [Kd 9s]
*** PRE-FLOP *** 
3rames folds
NoNoCadillak folds
Piklessous folds
P1xel7 raises 600 to 1000
-BrokenSmile calls 800
JveuxdesvAK folds
*** FLOP *** [Jd Tc Ac]
-BrokenSmile checks
P1xel7 bets 1755
-BrokenSmile folds
P1xel7 collected 4455 from pot
*** SUMMARY ***
Total pot 4455 | No rake
Board: [Jd Tc Ac]
Seat 2: P1xel7 (button) won 4455


Winamax Poker - Tournament "Kill The Fish" buyIn: 0.90€ + 0.10€ level: 5 - HandId: #3075683323989721091-57-1701614008 - Holdem no limit (50/200/400) - 2023/12/03 14:33:28 UTC
Table: 'Kill The Fish(716113328)#002' 6-max (real money) Seat #3 is the button
Seat 1: Piklessous (40870, 0.67€ bounty)
Seat 2: P1xel7 (43849, 0.89€ bounty)
Seat 3: -BrokenSmile (14721, 0.45€ bounty)
Seat 4: JveuxdesvAK (17410, 0.45€ bounty)
Seat 5: 3rames (59402, 0.45€ bounty)
Seat 6: NoNoCadillak (19866, 0.45€ bounty)
*** ANTE/BLINDS ***
JveuxdesvAK posts ante 50
3rames posts ante 50
Piklessous posts ante 50
P1xel7 posts ante 50
-BrokenSmile posts ante 50
NoNoCadillak posts ante 50
JveuxdesvAK posts small blind 200
3rames posts big blind 400
Dealt to P1xel7 [9s 5d]
*** PRE-FLOP *** 
NoNoCadillak folds
Piklessous folds
P1xel7 folds
-BrokenSmile raises 400 to 800
JveuxdesvAK folds
3rames calls 400
*** FLOP *** [Ts Kc 2s]
3rames checks
-BrokenSmile bets 1365
3rames folds
-BrokenSmile collected 3465 from pot
*** SUMMARY ***
Total pot 3465 | No rake
Board: [Ts Kc 2s]
Seat 3: -BrokenSmile (button) won 3465


Winamax Poker - Tournament "Kill The Fish" buyIn: 0.90€ + 0.10€ level: 5 - HandId: #3075683323989721091-58-1701614051 - Holdem no limit (50/200/400) - 2023/12/03 14:34:11 UTC
Table: 'Kill The Fish(716113328)#002' 6-max (real money) Seat #4 is the button
Seat 1: Piklessous (40820, 0.67€ bounty)
Seat 2: P1xel7 (43799, 0.89€ bounty)
Seat 3: -BrokenSmile (15971, 0.45€ bounty)
Seat 4: JveuxdesvAK (17160, 0.45€ bounty)
Seat 5: 3rames (58552, 0.45€ bounty)
Seat 6: NoNoCadillak (19816, 0.45€ bounty)
*** ANTE/BLINDS ***
3rames posts ante 50
NoNoCadillak posts ante 50
Piklessous posts ante 50
P1xel7 posts ante 50
-BrokenSmile posts ante 50
JveuxdesvAK posts ante 50
3rames posts small blind 200
NoNoCadillak posts big blind 400
Dealt to P1xel7 [2s Jd]
*** PRE-FLOP *** 
Piklessous folds
P1xel7 folds
-BrokenSmile raises 400 to 800
JveuxdesvAK calls 800
3rames folds
NoNoCadillak calls 400
*** FLOP *** [6c 9c 5h]
NoNoCadillak checks
-BrokenSmile bets 1215
JveuxdesvAK folds
NoNoCadillak folds
-BrokenSmile collected 4115 from pot
*** SUMMARY ***
Total pot 4115 | No rake
Board: [6c 9c 5h]
Seat 3: -BrokenSmile won 4115


Winamax Poker - Tournament "Kill The Fish" buyIn: 0.90€ + 0.10€ level: 5 - HandId: #3075683323989721091-59-1701614098 - Holdem no limit (50/200/400) - 2023/12/03 14:34:58 UTC
Table: 'Kill The Fish(716113328)#002' 6-max (real money) Seat #5 is the button
Seat 1: Piklessous (40770, 0.67€ bounty)
Seat 2: P1xel7 (43749, 0.89€ bounty)
Seat 3: -BrokenSmile (18021, 0.45€ bounty)
Seat 4: JveuxdesvAK (16310, 0.45€ bounty)
Seat 5: 3rames (58302, 0.45€ bounty)
Seat 6: NoNoCadillak (18966, 0.45€ bounty)
*** ANTE/BLINDS ***
NoNoCadillak posts ante 50
Piklessous posts ante 50
P1xel7 posts ante 50
-BrokenSmile posts ante 50
JveuxdesvAK posts ante 50
3rames posts ante 50
NoNoCadillak posts small blind 200
Piklessous posts big blind 400
Dealt to P1xel7 [8c 4c]
*** PRE-FLOP *** 
P1xel7 folds
-BrokenSmile folds
JveuxdesvAK folds
3rames raises 800 to 1200
NoNoCadillak folds
Piklessous calls 800
*** FLOP *** [Ac 6h Qd]
Piklessous checks
3rames bets 1015
Piklessous folds
3rames collected 3915 from pot
*** SUMMARY ***
Total pot 3915 | No rake
Board: [Ac 6h Qd]
Seat 5: 3rames (button) won 3915


Winamax Poker - Tournament "Kill The Fish" buyIn: 0.90€ + 0.10€ level: 5 - HandId: #3075683323989721091-60-1701614143 - Holdem no limit (50/200/400) - 2023/12/03 14:35:43 UTC
Table: 'Kill The Fish(716113328)#002' 6-max (real money) Seat #6 is the button
Seat 1: Piklessous (39520, 0.67€ bounty)
Seat 2: P1xel7 (43699, 0.89€ bounty)
Seat 3: -BrokenSmile (17971, 0.45€ bounty)
Seat 4: JveuxdesvAK (16260, 0.45€ bounty)
Seat 5: 3rames (59952, 0.45€ bounty)
Seat 6: NoNoCadillak (18716, 0.45€ bounty)
*** ANTE/BLINDS ***
Piklessous posts ante 50
P1xel7 posts ante 50
-BrokenSmile posts ante 50
JveuxdesvAK posts ante 50
3rames posts ante 50
NoNoCadillak posts ante 50
Piklessous posts small blind 200
P1xel7 posts big blind 400
Dealt to P1xel7 [Qd 7d]
*** PRE-FLOP *** 
-BrokenSmile raises 400 to 800
JveuxdesvAK folds
3rames folds
NoNoCadillak folds
Piklessous calls 600
P1xel7 folds
*** FLOP *** [Qh 4h Tc]
Piklessous bets 2300
-BrokenSmile calls 2300
*** TURN *** [Qh 4h Tc][4d]
Piklessous bets 4485
-BrokenSmile folds
Piklessous collected 11385 from pot
*** SUMMARY ***
Total pot 11385 | No rake
Board: [Qh 4h Tc 4d]
Seat 1: Piklessous (small blind) won 11385


Winamax Poker - Tournament "Kill The Fish" buyIn: 0.90€ + 0.10€ level: 6 - HandId: #3075683323989721091-61-1701614189 - Holdem no limit (60/250/500) - 2023/12/03 14:36:29 UTC
Table: 'Kill The Fish(716113328)#002' 6-max (real money) Seat #1 is the button
Seat 1: Piklessous (43270, 0.67€ bounty)
Seat 2: P1xel7 (43249, 0.89€ bounty)
Seat 3: -BrokenSmile (14821, 0.45€ bounty)
Seat 4: JveuxdesvAK (16210, 0.45€ bounty)
Seat 5: 3rames (59902, 0.45€ bounty)
Seat 6: NoNoCadillak (18666, 0.45€ bounty)
*** ANTE/BLINDS ***
P1xel7 posts ante 60
-BrokenSmile posts ante 60
Piklessous posts ante 60
JveuxdesvAK posts ante 60
3rames posts ante 60
NoNoCadillak posts ante 60
P1xel7 posts small blind 250
-BrokenSmile posts big blind 500
Dealt to P1xel7 [4d 8h]
*** PRE-FLOP *** 
JveuxdesvAK folds
3rames folds
NoNoCadillak calls 500
Piklessous folds
P1xel7 folds
-BrokenSmile checks
*** FLOP *** [Ts Kc 4h]
-BrokenSmile checks
NoNoCadillak checks
*** TURN *** [Ts Kc 4h][5h]
-BrokenSmile checks
NoNoCadillak bets 564
-BrokenSmile calls 564
*** RIVER *** [Ts Kc 4h 5h][3c]
-BrokenSmile checks
NoNoCadillak checks
*** SHOW DOWN ***
NoNoCadillak shows [3s 2s] (One pair : 3)
-BrokenSmile shows [7d Tc] (One pair : Tens)
-BrokenSmile collected 2738 from pot
*** SUMMARY ***
Total pot 2738 | No rake
Board: [Ts Kc 4h 5h 3c]
Seat 3: -BrokenSmile (big blind) showed [7d Tc] and won 2738 with One pair : Tens
Seat 6: NoNoCadillak showed [3s 2s] and lost with One pair : 3


Winamax Poker - Tournament "Kill The Fish" buyIn: 0.90€ + 0.10€ level: 6 - HandId: #3075683323989721091-62-1701614256 - Holdem no limit (60/250/500) - 2023/12/03 14:37:36 UTC
Table: 'Kill The Fish(716113328)#002' 6-max (real money) Seat #2 is the button
Seat 1: Piklessous (43210, 0.67€ bounty)
Seat 2: P1xel7 (42939, 0.89€ bounty)
Seat 3: -BrokenSmile (16435, 0.45€ bounty)
Seat 4: JveuxdesvAK (16150, 0.45€ bounty)
Seat 5: 3rames (59842, 0.45€ bounty)
Seat 6: NoNoCadillak (17542, 0.45€ bounty)
*** ANTE/BLINDS ***
-BrokenSmile posts ante 60
JveuxdesvAK posts ante 60
Piklessous posts ante 60
P1xel7 posts ante 60
3rames posts ante 60
NoNoCadillak posts ante 60
-BrokenSmile posts small blind 250
JveuxdesvAK posts big blind 500
Dealt to P1xel7 [5d 7h]
*** PRE-FLOP *** 
3rames raises 750 to 1250
NoNoCadillak folds
Piklessous folds
P1xel7 folds
-BrokenSmile calls 1000
JveuxdesvAK calls 750
*** FLOP *** [2s Qs 3s]
-BrokenSmile checks
JveuxdesvAK checks
3rames checks
*** TURN *** [2s Qs 3s][3c]
-BrokenSmile bets 2672
JveuxdesvAK folds
3rames folds
-BrokenSmile collected 6782 from pot
*** SUMMARY ***
Total pot 6782 | No rake
Board: [2s Qs 3s 3c]
Seat 3: -BrokenSmile (small blind) won 6782


Winamax Poker - Tournament "Kill The Fish" buyIn: 0.90€ + 0.10€ level: 6 - HandId: #3075683323989721091-63-1701614343 - Holdem no limit (60/250/500) - 2023/12/03 14:39:03 UTC
Table: 'Kill The Fish(716113328)#002' 6-max (real money) Seat #3 is the button
Seat 1: Piklessous (43150, 0.67€ bounty)
Seat 2: P1xel7 (42879, 0.89€ bounty)
Seat 3: -BrokenSmile (19235, 0.45€ bounty)
Seat 4: JveuxdesvAK (14840, 0.45€ bounty)
Seat 5: 3rames (58532, 0.45€ bounty)
Seat 6: NoNoCadillak (17482, 0.45€ bounty)
*** ANTE/BLINDS ***
JveuxdesvAK posts ante 60
3rames posts ante 60
Piklessous posts ante 60
P1xel7 posts ante 60
-BrokenSmile posts ante 60
NoNoCadillak posts ante 60
JveuxdesvAK posts small blind 250
3rames posts big blind 500
Dealt to P1xel7 [Qd 9s]
*** PRE-FLOP *** 
NoNoCadillak calls 500
Piklessous raises 500 to 1000
P1xel7 folds
-BrokenSmile folds
JveuxdesvAK folds
3rames folds
NoNoCadillak calls 500
*** FLOP *** [Kd Td 5c]
NoNoCadillak checks
Piklessous checks
*** TURN *** [Kd Td 5c][Qs]
NoNoCadillak bets 1089
Piklessous raises 5288 to 6377
NoNoCadillak folds
Piklessous collected 10576 from pot
*** SUMMARY ***
Total pot 10576 | No rake
Board: [Kd Td 5c Qs]
Seat 1: Piklessous won 10576


Winamax Poker - Tournament "Kill The Fish" buyIn: 0.90€ + 0.10€ level: 6 - HandId: #3075683323989721091-64-1701614408 - Holdem no limit (60/250/500) - 2023/12/03 14:40:08 UTC
Table: 'Kill The Fish(716113328)#002' 6-max (real money) Seat #4 is the button
Seat 1: Piklessous (46289, 0.67€ bounty)
Seat 2: P1xel7 (42819, 0.89€ bounty)
Seat 3: -BrokenSmile (19175, 0.45€ bounty)
Seat 4: JveuxdesvAK (14530, 0.45€ bounty)
Seat 5: 3rames (57972, 0.45€ bounty)
Seat 6: NoNoCadillak (15333, 0.45€ bounty)
*** ANTE/BLINDS ***
3rames posts ante 60
NoNoCadillak posts ante 60
Piklessous posts ante 60
P1xel7 posts ante 60
-BrokenSmile posts ante 60
JveuxdesvAK posts ante 60
3rames posts small blind 250
NoNoCadillak posts big blind 500
Dealt to P1xel7 [5h Ac]
*** PRE-FLOP *** 
Piklessous folds
P1xel7 folds
-BrokenSmile raises 500 to 1000
JveuxdesvAK folds
3rames folds
NoNoCadillak calls 500
*** FLOP *** [Qh 3h Ah]
NoNoCadillak checks
-BrokenSmile bets 914
NoNoCadillak folds
-BrokenSmile collected 3524 from pot
*** SUMMARY ***
Total pot 3524 | No rake
Board: [Qh 3h Ah]
Seat 3: -BrokenSmile won 3524


Winamax Poker - Tournament "Kill The Fish" buyIn: 0.90€ + 0.10€ level: 7 - HandId: #3075683323989721091-65-1701614480 - Holdem no limit (70/300/600) - 2023/12/03 14:41:20 UTC
Table: 'Kill The Fish(716113328)#002' 6-max (real money) Seat #5 is the button
Seat 1: Piklessous (46229, 0.67€ bounty)
Seat 2: P1xel7 (42759, 0.89€ bounty)
Seat 3: -BrokenSmile (20725, 0.45€ bounty)
Seat 4: JveuxdesvAK (14470, 0.45€ bounty)
Seat 5: 3rames (57662, 0.45€ bounty)
Seat 6: NoNoCadillak (14273, 0.45€ bounty)
*** ANTE/BLINDS ***
NoNoCadillak posts ante 70
Piklessous posts ante 70
P1xel7 posts ante 70
-BrokenSmile posts ante 70
JveuxdesvAK posts ante 70
3rames posts ante 70
NoNoCadillak posts small blind 300
Piklessous posts big blind 600
Dealt to P1xel7 [2d 3c]
*** PRE-FLOP *** 
P1xel7 folds
-BrokenSmile raises 600 to 1200
JveuxdesvAK folds
3rames folds
NoNoCadillak folds
Piklessous calls 600
*** FLOP *** [6s Jd 4d]
Piklessous checks
-BrokenSmile bets 1092
Piklessous folds
-BrokenSmile collected 4212 from pot
*** SUMMARY ***
Total pot 4212 | No rake
Board: [6s Jd 4d]
Seat 3: -BrokenSmile won 4212


Winamax Poker - Tournament "Kill The Fish" buyIn: 0.90€ + 0.10€ level: 7 - HandId: #3075683323989721091-66-1701614517 - Holdem no limit (70/300/600) - 2023/12/03 14:41:57 UTC
Table: 'Kill The Fish(716113328)#002' 6-max (real money) Seat #6 is the button
Seat 1: Piklessous (44959, 0.67€ bounty)
Seat 2: P1xel7 (42689, 0.89€ bounty)
Seat 3: -BrokenSmile (22575, 0.45€ bounty)
Seat 4: JveuxdesvAK (14400, 0.45€ bounty)
Seat 5: 3rames (57592, 0.45€ bounty)
Seat 6: NoNoCadillak (13903, 0.45€ bounty)
*** ANTE/BLINDS ***
Piklessous posts ante 70
P1xel7 posts ante 70
-BrokenSmile posts ante 70
JveuxdesvAK posts ante 70
3rames posts ante 70
NoNoCadillak posts ante 70
Piklessous posts small blind 300
P1xel7 posts big blind 600
Dealt to P1xel7 [Ac Jc]
*** PRE-FLOP *** 
-BrokenSmile folds
JveuxdesvAK folds
3rames folds
NoNoCadillak calls 600
Piklessous folds
P1xel7 raises 1200 to 1800
NoNoCadillak calls 1200
*** FLOP *** [Td Ts 4d]
P1xel7 bets 2808
NoNoCadillak folds
P1xel7 collected 7128 from pot
*** SUMMARY ***
Total pot 7128 | No rake
Board: [Td Ts 4d]
Seat 2: P1xel7 (big blind) won 7128


Winamax Poker - Tournament "Kill The Fish" buyIn: 0.90€ + 0.10€ level: 7 - HandId: #3075683323989721091-67-1701614580 - Holdem no limit (70/300/600) - 2023/12/03 14:43:00 UTC
Table: 'Kill The Fish(716113328)#002' 6-max (real money) Seat #1 is the button
Seat 1: Piklessous (44589, 0.67€ bounty)
Seat 2: P1xel7 (45139, 0.89€ bounty)
Seat 3: -BrokenSmile (22505, 0.45€ bounty)
Seat 4: JveuxdesvAK (14330, 0.45€ bounty)
Seat 5: 3rames (57522, 0.45€ bounty)
Seat 6: NoNoCadillak (12033, 0.45€ bounty)
*** ANTE/BLINDS ***
P1xel7 posts ante 70
-BrokenSmile posts ante 70
Piklessous posts ante 70
JveuxdesvAK posts ante 70
3rames posts ante 70
NoNoCadillak posts ante 70
P1xel7 posts small blind 300
-BrokenSmile posts big blind 600
Dealt to P1xel7 [6s Ts]
*** PRE-FLOP *** 
JveuxdesvAK folds
3rames folds
NoNoCadillak folds
Piklessous folds
P1xel7 folds
-BrokenSmile collected 1320 from pot
*** SUMMARY ***
Total pot 1320 | No rake
Seat 3: -BrokenSmile (big blind) won 1320


Winamax Poker - Tournament "Kill The Fish" buyIn: 0.90€ + 0.10€ level: 7 - HandId: #3075683323989721091-68-1701614590 - Holdem no limit (70/300/600) - 2023/12/03 14:43:10 UTC
Table: 'Kill The Fish(716113328)#002' 6-max (real money) Seat #2 is the button
Seat 1: Piklessous (44519, 0.67€ bounty)
Seat 2: P1xel7 (44769, 0.89€ bounty)
Seat 3: -BrokenSmile (23155, 0.45€ bounty)
Seat 4: JveuxdesvAK (14260, 0.45€ bounty)
Seat 5: 3rames (57452, 0.45€ bounty)
Seat 6: NoNoCadillak (11963, 0.45€ bounty)
*** ANTE/BLINDS ***
-BrokenSmile posts ante 70
JveuxdesvAK posts ante 70
Piklessous posts ante 70
P1xel7 posts ante 70
3rames posts ante 70
NoNoCadillak posts ante 70
-BrokenSmile posts small blind 300
JveuxdesvAK posts big blind 600
Dealt to P1xel7 [2d 5c]
*** PRE-FLOP *** 
3rames raises 900 to 1500
NoNoCadillak folds
Piklessous folds
P1xel7 folds
-BrokenSmile calls 1200
JveuxdesvAK folds
*** FLOP *** [Th 7s Jc]
-BrokenSmile checks
3rames bets 2010
-BrokenSmile calls 2010
*** TURN *** [Th 7s Jc][9h]
-BrokenSmile checks
3rames bets 9600
-BrokenSmile folds
3rames collected 17640 from pot
*** SUMMARY ***
Total pot 17640 | No rake
Board: [Th 7s Jc 9h]
Seat 5: 3rames won 17640


Winamax Poker - Tournament "Kill The Fish" buyIn: 0.90€ + 0.10€ level: 7 - HandId: #3075683323989721091-69-1701614649 - Holdem no limit (70/300/600) - 2023/12/03 14:44:09 UTC
Table: 'Kill The Fish(716113328)#002' 6-max (real money) Seat #3 is the button
Seat 1: Piklessous (44449, 0.67€ bounty)
Seat 2: P1xel7 (44699, 0.89€ bounty)
Seat 3: -BrokenSmile (19575, 0.45€ bounty)
Seat 4: JveuxdesvAK (13590, 0.45€ bounty)
Seat 5: 3rames (61912, 0.45€ bounty)
Seat 6: NoNoCadillak (11893, 0.45€ bounty)
*** ANTE/BLINDS ***
JveuxdesvAK posts ante 70
3rames posts ante 70
Piklessous posts ante 70
P1xel7 posts ante 70
-BrokenSmile posts ante 70
NoNoCadillak posts ante 70
JveuxdesvAK posts small blind 300
3rames posts big blind 600
Dealt to P1xel7 [5h 9s]
*** PRE-FLOP *** 
NoNoCadillak folds
Piklessous raises 43779 to 44379 and is all-in
P1xel7 folds
-BrokenSmile folds
JveuxdesvAK folds
3rames folds
Piklessous collected 45699 from pot
*** SUMMARY ***
Total pot 45699 | No rake
Seat 1: Piklessous won 45699


Winamax Poker - Tournament "Kill The Fish" buyIn: 0.90€ + 0.10€ level: 7 - HandId: #3075683323989721091-70-1701614671 - Holdem no limit (70/300/600) - 2023/12/03 14:44:31 UTC
Table: 'Kill The Fish(716113328)#002' 6-max (real money) Seat #4 is the button
Seat 1: Piklessous (45699, 0.67€ bounty)
Seat 2: P1xel7 (44629, 0.89€ bounty)
Seat 3: -BrokenSmile (19505, 0.45€ bounty)
Seat 4: JveuxdesvAK (13220, 0.45€ bounty)
Seat 5: 3rames (61242, 0.45€ bounty)
Seat 6: NoNoCadillak (11823, 0.45€ bounty)
*** ANTE/BLINDS ***
3rames posts ante 70
NoNoCadillak posts ante 70
Piklessous posts ante 70
P1xel7 posts ante 70
-BrokenSmile posts ante 70
JveuxdesvAK posts ante 70
3rames posts small blind 300
NoNoCadillak posts big blind 600
Dealt to P1xel7 [Ac 3d]
*** PRE-FLOP *** 
Piklessous folds
P1xel7 folds
-BrokenSmile raises 600 to 1200
JveuxdesvAK folds
3rames folds
NoNoCadillak calls 600
*** FLOP *** [6d Ad 3s]
NoNoCadillak checks
-BrokenSmile bets 1560
NoNoCadillak folds
-BrokenSmile collected 4680 from pot
*** SUMMARY ***
Total pot 4680 | No rake
Board: [6d Ad 3s]
Seat 3: -BrokenSmile won 4680


Winamax Poker - Tournament "Kill The Fish" buyIn: 0.90€ + 0.10€ level: 7 - HandId: #3075683323989721091-71-1701614716 - Holdem no limit (70/300/600) - 2023/12/03 14:45:16 UTC
Table: 'Kill The Fish(716113328)#002' 6-max (real money) Seat #5 is the button
Seat 1: Piklessous (45629, 0.67€ bounty)
Seat 2: P1xel7 (44559, 0.89€ bounty)
Seat 3: -BrokenSmile (21355, 0.45€ bounty)
Seat 4: JveuxdesvAK (13150, 0.45€ bounty)
Seat 5: 3rames (60872, 0.45€ bounty)
Seat 6: NoNoCadillak (10553, 0.45€ bounty)
*** ANTE/BLINDS ***
NoNoCadillak posts ante 70
Piklessous posts ante 70
P1xel7 posts ante 70
-BrokenSmile posts ante 70
JveuxdesvAK posts ante 70
3rames posts ante 70
NoNoCadillak posts small blind 300
Piklessous posts big blind 600
Dealt to P1xel7 [4h Qc]
*** PRE-FLOP *** 
P1xel7 folds
-BrokenSmile raises 600 to 1200
JveuxdesvAK folds
3rames folds
NoNoCadillak calls 900
Piklessous folds
*** FLOP *** [6c Ad 2d]
NoNoCadillak checks
-BrokenSmile bets 1860
NoNoCadillak calls 1860
*** TURN *** [6c Ad 2d][7s]
NoNoCadillak checks
-BrokenSmile checks
*** RIVER *** [6c Ad 2d 7s][4d]
NoNoCadillak checks
-BrokenSmile checks
*** SHOW DOWN ***
-BrokenSmile shows [Kh Qs] (High card : Ace)
NoNoCadillak shows [Tc Ah] (One pair : Aces)
NoNoCadillak collected 7140 from pot
*** SUMMARY ***
Total pot 7140 | No rake
Board: [6c Ad 2d 7s 4d]
Seat 3: -BrokenSmile showed [Kh Qs] and lost with High card : Ace
Seat 6: NoNoCadillak (small blind) showed [Tc Ah] and won 7140 with One pair : Aces


Winamax Poker - Tournament "Kill The Fish" buyIn: 0.90€ + 0.10€ level: 8 - HandId: #3075683323989721091-72-1701614796 - Holdem no limit (80/350/700) - 2023/12/03 14:46:36 UTC
Table: 'Kill The Fish(716113328)#002' 6-max (real money) Seat #6 is the button
Seat 1: Piklessous (44959, 0.67€ bounty)
Seat 2: P1xel7 (44489, 0.89€ bounty)
Seat 3: -BrokenSmile (18225, 0.45€ bounty)
Seat 4: JveuxdesvAK (13080, 0.45€ bounty)
Seat 5: 3rames (60802, 0.45€ bounty)
Seat 6: NoNoCadillak (14563, 0.45€ bounty)
*** ANTE/BLINDS ***
Piklessous posts ante 80
P1xel7 posts ante 80
-BrokenSmile posts ante 80
JveuxdesvAK posts ante 80
3rames posts ante 80
NoNoCadillak posts ante 80
Piklessous posts small blind 350
P1xel7 posts big blind 700
Dealt to P1xel7 [7d 8d]
*** PRE-FLOP *** 
-BrokenSmile folds
JveuxdesvAK folds
3rames raises 700 to 1400
NoNoCadillak folds
Piklessous raises 43479 to 44879 and is all-in
P1xel7 folds
3rames folds
Piklessous collected 47459 from pot
*** SUMMARY ***
Total pot 47459 | No rake
Seat 1: Piklessous (small blind) won 47459


Winamax Poker - Tournament "Kill The Fish" buyIn: 0.90€ + 0.10€ level: 8 - HandId: #3075683323989721091-73-1701614822 - Holdem no limit (80/350/700) - 2023/12/03 14:47:02 UTC
Table: 'Kill The Fish(716113328)#002' 6-max (real money) Seat #1 is the button
Seat 1: Piklessous (47459, 0.67€ bounty)
Seat 2: P1xel7 (43709, 0.89€ bounty)
Seat 3: -BrokenSmile (18145, 0.45€ bounty)
Seat 4: JveuxdesvAK (13000, 0.45€ bounty)
Seat 5: 3rames (59322, 0.45€ bounty)
Seat 6: NoNoCadillak (14483, 0.45€ bounty)
*** ANTE/BLINDS ***
P1xel7 posts ante 80
-BrokenSmile posts ante 80
Piklessous posts ante 80
JveuxdesvAK posts ante 80
3rames posts ante 80
NoNoCadillak posts ante 80
P1xel7 posts small blind 350
-BrokenSmile posts big blind 700
Dealt to P1xel7 [Qc Ah]
*** PRE-FLOP *** 
JveuxdesvAK folds
3rames folds
NoNoCadillak calls 700
Piklessous folds
P1xel7 raises 18200 to 18900
-BrokenSmile folds
NoNoCadillak calls 13703 and is all-in
*** FLOP *** [3s 2s 7h]
*** TURN *** [3s 2s 7h][6d]
*** RIVER *** [3s 2s 7h 6d][Tc]
*** SHOW DOWN ***
P1xel7 shows [Qc Ah] (High card : Ace)
NoNoCadillak shows [Ac 7c] (One pair : 7)
NoNoCadillak collected 29986 from main pot
P1xel7 collected 4497 from side pot 1
*** SUMMARY ***
Total pot 34483 | No rake
Board: [3s 2s 7h 6d Tc]
Seat 2: P1xel7 (small blind) showed [Qc Ah] and won 4497 with High card : Ace
Seat 6: NoNoCadillak showed [Ac 7c] and won 29986 with One pair : 7


Winamax Poker - Tournament "Kill The Fish" buyIn: 0.90€ + 0.10€ level: 8 - HandId: #3075683323989721091-74-1701614863 - Holdem no limit (80/350/700) - 2023/12/03 14:47:43 UTC
Table: 'Kill The Fish(716113328)#002' 6-max (real money) Seat #2 is the button
Seat 1: Piklessous (47379, 0.67€ bounty)
Seat 2: P1xel7 (29226, 0.89€ bounty)
Seat 3: -BrokenSmile (17365, 0.45€ bounty)
Seat 4: JveuxdesvAK (12920, 0.45€ bounty)
Seat 5: 3rames (59242, 0.45€ bounty)
Seat 6: NoNoCadillak (29986, 0.45€ bounty)
*** ANTE/BLINDS ***
-BrokenSmile posts ante 80
JveuxdesvAK posts ante 80
Piklessous posts ante 80
P1xel7 posts ante 80
3rames posts ante 80
NoNoCadillak posts ante 80
-BrokenSmile posts small blind 350
JveuxdesvAK posts big blind 700
Dealt to P1xel7 [Qs 6s]
*** PRE-FLOP *** 
3rames raises 1050 to 1750
NoNoCadillak folds
Piklessous folds
P1xel7 folds
-BrokenSmile folds
JveuxdesvAK raises 11090 to 12840 and is all-in
3rames calls 11090
*** FLOP *** [Kh 6d 8h]
*** TURN *** [Kh 6d 8h][5h]
*** RIVER *** [Kh 6d 8h 5h][Jh]
*** SHOW DOWN ***
3rames shows [Ad Jd] (One pair : Jacks)
JveuxdesvAK shows [6c 6h] (Flush King high)
JveuxdesvAK collected 26510 from pot
*** SUMMARY ***
Total pot 26510 | No rake
Board: [Kh 6d 8h 5h Jh]
Seat 4: JveuxdesvAK (big blind) showed [6c 6h] and won 26510 with Flush King high
Seat 5: 3rames showed [Ad Jd] and lost with One pair : Jacks


Winamax Poker - Tournament "Kill The Fish" buyIn: 0.90€ + 0.10€ level: 8 - HandId: #3075683323989721091-75-1701614902 - Holdem no limit (80/350/700) - 2023/12/03 14:48:22 UTC
Table: 'Kill The Fish(716113328)#002' 6-max (real money) Seat #3 is the button
Seat 1: Piklessous (47299, 0.67€ bounty)
Seat 2: P1xel7 (29146, 0.89€ bounty)
Seat 3: -BrokenSmile (16935, 0.45€ bounty)
Seat 4: JveuxdesvAK (26510, 0.45€ bounty)
Seat 5: 3rames (46322, 0.45€ bounty)
Seat 6: NoNoCadillak (29906, 0.45€ bounty)
*** ANTE/BLINDS ***
JveuxdesvAK posts ante 80
3rames posts ante 80
Piklessous posts ante 80
P1xel7 posts ante 80
-BrokenSmile posts ante 80
NoNoCadillak posts ante 80
JveuxdesvAK posts small blind 350
3rames posts big blind 700
Dealt to P1xel7 [Kd Th]
*** PRE-FLOP *** 
NoNoCadillak folds
Piklessous folds
P1xel7 raises 1050 to 1750
-BrokenSmile folds
JveuxdesvAK folds
3rames folds
P1xel7 collected 3280 from pot
*** SUMMARY ***
Total pot 3280 | No rake
Seat 2: P1xel7 won 3280


Winamax Poker - Tournament "Kill The Fish" buyIn: 0.90€ + 0.10€ level: 8 - HandId: #3075683323989721091-76-1701614933 - Holdem no limit (80/350/700) - 2023/12/03 14:48:53 UTC
Table: 'Kill The Fish(716113328)#002' 6-max (real money) Seat #4 is the button
Seat 1: Piklessous (47219, 0.67€ bounty)
Seat 2: P1xel7 (30596, 0.89€ bounty)
Seat 3: -BrokenSmile (16855, 0.45€ bounty)
Seat 4: JveuxdesvAK (26080, 0.45€ bounty)
Seat 5: 3rames (45542, 0.45€ bounty)
Seat 6: NoNoCadillak (29826, 0.45€ bounty)
*** ANTE/BLINDS ***
3rames posts ante 80
NoNoCadillak posts ante 80
Piklessous posts ante 80
P1xel7 posts ante 80
-BrokenSmile posts ante 80
JveuxdesvAK posts ante 80
3rames posts small blind 350
NoNoCadillak posts big blind 700
Dealt to P1xel7 [9c Ac]
*** PRE-FLOP *** 
Piklessous folds
P1xel7 raises 1050 to 1750
-BrokenSmile folds
JveuxdesvAK folds
3rames folds
NoNoCadillak folds
P1xel7 collected 3280 from pot
*** SUMMARY ***
Total pot 3280 | No rake
Seat 2: P1xel7 won 3280


Winamax Poker - Tournament "Kill The Fish" buyIn: 0.90€ + 0.10€ level: 8 - HandId: #3075683323989721091-77-1701614962 - Holdem no limit (80/350/700) - 2023/12/03 14:49:22 UTC
Table: 'Kill The Fish(716113328)#002' 6-max (real money) Seat #5 is the button
Seat 1: Piklessous (47139, 0.67€ bounty)
Seat 2: P1xel7 (32046, 0.89€ bounty)
Seat 3: -BrokenSmile (16775, 0.45€ bounty)
Seat 4: JveuxdesvAK (26000, 0.45€ bounty)
Seat 5: 3rames (45112, 0.45€ bounty)
Seat 6: NoNoCadillak (29046, 0.45€ bounty)
*** ANTE/BLINDS ***
NoNoCadillak posts ante 80
Piklessous posts ante 80
P1xel7 posts ante 80
-BrokenSmile posts ante 80
JveuxdesvAK posts ante 80
3rames posts ante 80
NoNoCadillak posts small blind 350
Piklessous posts big blind 700
Dealt to P1xel7 [Ts 5d]
*** PRE-FLOP *** 
P1xel7 folds
-BrokenSmile folds
JveuxdesvAK folds
3rames raises 1050 to 1750
NoNoCadillak calls 1400
Piklessous folds
*** FLOP *** [8d 4d 2h]
NoNoCadillak checks
3rames bets 1638
NoNoCadillak calls 1638
*** TURN *** [8d 4d 2h][3s]
NoNoCadillak checks
3rames bets 5171
NoNoCadillak folds
3rames collected 13127 from pot
*** SUMMARY ***
Total pot 13127 | No rake
Board: [8d 4d 2h 3s]
Seat 5: 3rames (button) won 13127


Winamax Poker - Tournament "Kill The Fish" buyIn: 0.90€ + 0.10€ level: 8 - HandId: #3075683323989721091-78-1701615021 - Holdem no limit (80/350/700) - 2023/12/03 14:50:21 UTC
Table: 'Kill The Fish(716113328)#002' 6-max (real money) Seat #6 is the button
Seat 1: Piklessous (46359, 0.67€ bounty)
Seat 2: P1xel7 (31966, 0.89€ bounty)
Seat 3: -BrokenSmile (16695, 0.45€ bounty)
Seat 4: JveuxdesvAK (25920, 0.45€ bounty)
Seat 5: 3rames (49600, 0.45€ bounty)
Seat 6: NoNoCadillak (25578, 0.45€ bounty)
*** ANTE/BLINDS ***
Piklessous posts ante 80
P1xel7 posts ante 80
-BrokenSmile posts ante 80
JveuxdesvAK posts ante 80
3rames posts ante 80
NoNoCadillak posts ante 80
Piklessous posts small blind 350
P1xel7 posts big blind 700
Dealt to P1xel7 [Kd 9d]
*** PRE-FLOP *** 
-BrokenSmile folds
JveuxdesvAK raises 700 to 1400
3rames calls 1400
NoNoCadillak folds
Piklessous folds
P1xel7 calls 700
*** FLOP *** [5s 3s Jc]
P1xel7 checks
JveuxdesvAK bets 2515
3rames folds
P1xel7 calls 2515
*** TURN *** [5s 3s Jc][Kc]
P1xel7 checks
JveuxdesvAK bets 5030
P1xel7 raises 22941 to 27971 and is all-in
JveuxdesvAK folds
P1xel7 collected 43061 from pot
*** SUMMARY ***
Total pot 43061 | No rake
Board: [5s 3s Jc Kc]
Seat 2: P1xel7 (big blind) won 43061


Winamax Poker - Tournament "Kill The Fish" buyIn: 0.90€ + 0.10€ level: 9 - HandId: #3075683323989721091-79-1701615105 - Holdem no limit (100/400/800) - 2023/12/03 14:51:45 UTC
Table: 'Kill The Fish(716113328)#002' 6-max (real money) Seat #1 is the button
Seat 1: Piklessous (45929, 0.67€ bounty)
Seat 2: P1xel7 (43061, 0.89€ bounty)
Seat 3: -BrokenSmile (16615, 0.45€ bounty)
Seat 4: JveuxdesvAK (16895, 0.45€ bounty)
Seat 5: 3rames (48120, 0.45€ bounty)
Seat 6: NoNoCadillak (25498, 0.45€ bounty)
*** ANTE/BLINDS ***
P1xel7 posts ante 100
-BrokenSmile posts ante 100
Piklessous posts ante 100
JveuxdesvAK posts ante 100
3rames posts ante 100
NoNoCadillak posts ante 100
P1xel7 posts small blind 400
-BrokenSmile posts big blind 800
Dealt to P1xel7 [2h 6h]
*** PRE-FLOP *** 
JveuxdesvAK folds
3rames raises 800 to 1600
NoNoCadillak folds
Piklessous calls 1600
P1xel7 folds
-BrokenSmile folds
*** FLOP *** [Th 5d Ks]
3rames bets 1750
Piklessous raises 8500 to 10250
3rames folds
Piklessous collected 17000 from pot
*** SUMMARY ***
Total pot 17000 | No rake
Board: [Th 5d Ks]
Seat 1: Piklessous (button) won 17000


Winamax Poker - Tournament "Kill The Fish" buyIn: 0.90€ + 0.10€ level: 9 - HandId: #3075683323989721091-80-1701615148 - Holdem no limit (100/400/800) - 2023/12/03 14:52:28 UTC
Table: 'Kill The Fish(716113328)#002' 6-max (real money) Seat #2 is the button
Seat 1: Piklessous (50979, 0.67€ bounty)
Seat 2: P1xel7 (42561, 0.89€ bounty)
Seat 3: -BrokenSmile (15715, 0.45€ bounty)
Seat 4: JveuxdesvAK (16795, 0.45€ bounty)
Seat 5: 3rames (44670, 0.45€ bounty)
Seat 6: NoNoCadillak (25398, 0.45€ bounty)
*** ANTE/BLINDS ***
-BrokenSmile posts ante 100
JveuxdesvAK posts ante 100
Piklessous posts ante 100
P1xel7 posts ante 100
3rames posts ante 100
NoNoCadillak posts ante 100
-BrokenSmile posts small blind 400
JveuxdesvAK posts big blind 800
Dealt to P1xel7 [Jc Ac]
*** PRE-FLOP *** 
3rames folds
NoNoCadillak calls 800
Piklessous folds
P1xel7 raises 2400 to 3200
-BrokenSmile folds
JveuxdesvAK folds
NoNoCadillak folds
P1xel7 collected 5800 from pot
*** SUMMARY ***
Total pot 5800 | No rake
Seat 2: P1xel7 (button) won 5800


Winamax Poker - Tournament "Kill The Fish" buyIn: 0.90€ + 0.10€ level: 9 - HandId: #3075683323989721091-81-1701615178 - Holdem no limit (100/400/800) - 2023/12/03 14:52:58 UTC
Table: 'Kill The Fish(716113328)#002' 6-max (real money) Seat #3 is the button
Seat 1: Piklessous (50879, 0.67€ bounty)
Seat 2: P1xel7 (45061, 0.89€ bounty)
Seat 3: -BrokenSmile (15215, 0.45€ bounty)
Seat 4: JveuxdesvAK (15895, 0.45€ bounty)
Seat 5: 3rames (44570, 0.45€ bounty)
Seat 6: NoNoCadillak (24498, 0.45€ bounty)
*** ANTE/BLINDS ***
JveuxdesvAK posts ante 100
3rames posts ante 100
Piklessous posts ante 100
P1xel7 posts ante 100
-BrokenSmile posts ante 100
NoNoCadillak posts ante 100
JveuxdesvAK posts small blind 400
3rames posts big blind 800
Dealt to P1xel7 [7c As]
*** PRE-FLOP *** 
NoNoCadillak calls 800
Piklessous calls 800
P1xel7 folds
-BrokenSmile folds
JveuxdesvAK folds
3rames checks
*** FLOP *** [Jd 6d Td]
3rames checks
NoNoCadillak checks
Piklessous checks
*** TURN *** [Jd 6d Td][Qc]
3rames checks
NoNoCadillak bets 1190
Piklessous folds
3rames folds
NoNoCadillak collected 4590 from pot
*** SUMMARY ***
Total pot 4590 | No rake
Board: [Jd 6d Td Qc]
Seat 6: NoNoCadillak won 4590


Winamax Poker - Tournament "Kill The Fish" buyIn: 0.90€ + 0.10€ level: 9 - HandId: #3075683323989721091-82-1701615237 - Holdem no limit (100/400/800) - 2023/12/03 14:53:57 UTC
Table: 'Kill The Fish(716113328)#002' 6-max (real money) Seat #4 is the button
Seat 1: Piklessous (49979, 0.67€ bounty)
Seat 2: P1xel7 (44961, 0.89€ bounty)
Seat 3: -BrokenSmile (15115, 0.45€ bounty)
Seat 4: JveuxdesvAK (15395, 0.45€ bounty)
Seat 5: 3rames (43670, 0.45€ bounty)
Seat 6: NoNoCadillak (26998, 0.45€ bounty)
*** ANTE/BLINDS ***
3rames posts ante 100
NoNoCadillak posts ante 100
Piklessous posts ante 100
P1xel7 posts ante 100
-BrokenSmile posts ante 100
JveuxdesvAK posts ante 100
3rames posts small blind 400
NoNoCadillak posts big blind 800
Dealt to P1xel7 [8c 9h]
*** PRE-FLOP *** 
Piklessous folds
P1xel7 folds
-BrokenSmile folds
JveuxdesvAK folds
3rames folds
NoNoCadillak collected 1800 from pot
*** SUMMARY ***
Total pot 1800 | No rake
Seat 6: NoNoCadillak (big blind) won 1800


Winamax Poker - Tournament "Kill The Fish" buyIn: 0.90€ + 0.10€ level: 9 - HandId: #3075683323989721106-77-1701615285 - Holdem no limit (100/400/800) - 2023/12/03 14:54:45 UTC
Table: 'Kill The Fish(716113328)#017' 6-max (real money) Seat #3 is the button
Seat 1: NH_Sniper22 (37835, 0.67€ bounty)
Seat 2: P1xel7 (44861, 0.89€ bounty)
Seat 3: kaytabud2307 (54990, 1.11€ bounty)
Seat 4: PecheALaMoru (76397, 1.33€ bounty)
Seat 5: Lol le call (35040, 0.45€ bounty)
Seat 6: Eskahel (43258, 0.89€ bounty)
*** ANTE/BLINDS ***
PecheALaMoru posts ante 100
Lol le call posts ante 100
NH_Sniper22 posts ante 100
P1xel7 posts ante 100
kaytabud2307 posts ante 100
Eskahel posts ante 100
PecheALaMoru posts small blind 400
Lol le call posts big blind 800
Dealt to P1xel7 [2h Qh]
*** PRE-FLOP *** 
Eskahel folds
NH_Sniper22 calls 800
P1xel7 folds
kaytabud2307 calls 800
PecheALaMoru folds
Lol le call raises 3400 to 4200
NH_Sniper22 folds
kaytabud2307 folds
Lol le call collected 6800 from pot
*** SUMMARY ***
Total pot 6800 | No rake
Seat 5: Lol le call (big blind) won 6800


Winamax Poker - Tournament "Kill The Fish" buyIn: 0.90€ + 0.10€ level: 9 - HandId: #3075683323989721106-78-1701615661 - Holdem no limit (100/400/800) - 2023/12/03 15:01:01 UTC
Table: 'Kill The Fish(716113328)#017' 6-max (real money) Seat #4 is the button
Seat 1: NH_Sniper22 (36935, 0.67€ bounty)
Seat 2: P1xel7 (44761, 0.89€ bounty)
Seat 3: kaytabud2307 (54090, 1.11€ bounty)
Seat 4: PecheALaMoru (75897, 1.33€ bounty)
Seat 5: Lol le call (37540, 0.45€ bounty)
Seat 6: Eskahel (43158, 0.89€ bounty)
*** ANTE/BLINDS ***
Lol le call posts ante 100
Eskahel posts ante 100
NH_Sniper22 posts ante 100
P1xel7 posts ante 100
kaytabud2307 posts ante 100
PecheALaMoru posts ante 100
Lol le call posts small blind 400
Eskahel posts big blind 800
Dealt to P1xel7 [3s 8c]
*** PRE-FLOP *** 
NH_Sniper22 calls 800
P1xel7 folds
kaytabud2307 calls 800
PecheALaMoru folds
Lol le call calls 400
Eskahel checks
*** FLOP *** [Ts 4d 5s]
Lol le call checks
Eskahel checks
NH_Sniper22 checks
kaytabud2307 checks
*** TURN *** [Ts 4d 5s][4s]
Lol le call checks
Eskahel bets 2946
NH_Sniper22 calls 2946
kaytabud2307 raises 7184 to 10130
Lol le call calls 10130
Eskahel folds
NH_Sniper22 calls 7184
*** RIVER *** [Ts 4d 5s 4s][Js]
Lol le call checks
NH_Sniper22 bets 25905 and is all-in
kaytabud2307 calls 25905
Lol le call folds
*** SHOW DOWN ***
kaytabud2307 shows [6s Qs] (Flush Queen high)
NH_Sniper22 shows [7h As] (Flush Ace high)
NH_Sniper22 collected 88946 from pot
*** SUMMARY ***
Total pot 88946 | No rake
Board: [Ts 4d 5s 4s Js]
Seat 1: NH_Sniper22 showed [7h As] and won 88946 with Flush Ace high
Seat 3: kaytabud2307 showed [6s Qs] and lost with Flush Queen high


Winamax Poker - Tournament "Kill The Fish" buyIn: 0.90€ + 0.10€ level: 10 - HandId: #3075683323989721106-79-1701615819 - Holdem no limit (120/500/1000) - 2023/12/03 15:03:39 UTC
Table: 'Kill The Fish(716113328)#017' 6-max (real money) Seat #5 is the button
Seat 1: NH_Sniper22 (88946, 0.67€ bounty)
Seat 2: P1xel7 (44661, 0.89€ bounty)
Seat 3: kaytabud2307 (17155, 1.11€ bounty)
Seat 4: PecheALaMoru (75797, 1.33€ bounty)
Seat 5: Lol le call (26510, 0.45€ bounty)
Seat 6: Eskahel (39312, 0.89€ bounty)
*** ANTE/BLINDS ***
Eskahel posts ante 120
NH_Sniper22 posts ante 120
P1xel7 posts ante 120
kaytabud2307 posts ante 120
PecheALaMoru posts ante 120
Lol le call posts ante 120
Eskahel posts small blind 500
NH_Sniper22 posts big blind 1000
Dealt to P1xel7 [Kh 7c]
*** PRE-FLOP *** 
P1xel7 folds
kaytabud2307 folds
PecheALaMoru calls 1000
Lol le call folds
Eskahel calls 500
NH_Sniper22 checks
*** FLOP *** [Ah 5h 3h]
Eskahel checks
NH_Sniper22 checks
PecheALaMoru checks
*** TURN *** [Ah 5h 3h][7s]
Eskahel checks
NH_Sniper22 bets 2418
PecheALaMoru calls 2418
Eskahel folds
*** RIVER *** [Ah 5h 3h 7s][Jd]
NH_Sniper22 bets 5561
PecheALaMoru folds
NH_Sniper22 collected 14117 from pot
*** SUMMARY ***
Total pot 14117 | No rake
Board: [Ah 5h 3h 7s Jd]
Seat 1: NH_Sniper22 (big blind) won 14117


Winamax Poker - Tournament "Kill The Fish" buyIn: 0.90€ + 0.10€ level: 10 - HandId: #3075683323989721106-80-1701615863 - Holdem no limit (120/500/1000) - 2023/12/03 15:04:23 UTC
Table: 'Kill The Fish(716113328)#017' 6-max (real money) Seat #6 is the button
Seat 1: NH_Sniper22 (93964, 0.67€ bounty)
Seat 2: P1xel7 (44541, 0.89€ bounty)
Seat 3: kaytabud2307 (17035, 1.11€ bounty)
Seat 4: PecheALaMoru (72259, 1.33€ bounty)
Seat 5: Lol le call (26390, 0.45€ bounty)
Seat 6: Eskahel (38192, 0.89€ bounty)
*** ANTE/BLINDS ***
NH_Sniper22 posts ante 120
P1xel7 posts ante 120
kaytabud2307 posts ante 120
PecheALaMoru posts ante 120
Lol le call posts ante 120
Eskahel posts ante 120
NH_Sniper22 posts small blind 500
P1xel7 posts big blind 1000
Dealt to P1xel7 [2h 8s]
*** PRE-FLOP *** 
kaytabud2307 folds
PecheALaMoru raises 1000 to 2000
Lol le call folds
Eskahel folds
NH_Sniper22 folds
P1xel7 folds
PecheALaMoru collected 4220 from pot
*** SUMMARY ***
Total pot 4220 | No rake
Seat 4: PecheALaMoru won 4220


Winamax Poker - Tournament "Kill The Fish" buyIn: 0.90€ + 0.10€ level: 10 - HandId: #3075683323989721106-81-1701615898 - Holdem no limit (120/500/1000) - 2023/12/03 15:04:58 UTC
Table: 'Kill The Fish(716113328)#017' 6-max (real money) Seat #1 is the button
Seat 1: NH_Sniper22 (93344, 0.67€ bounty)
Seat 2: P1xel7 (43421, 0.89€ bounty)
Seat 3: kaytabud2307 (16915, 1.11€ bounty)
Seat 4: PecheALaMoru (74359, 1.33€ bounty)
Seat 5: Lol le call (26270, 0.45€ bounty)
Seat 6: Eskahel (38072, 0.89€ bounty)
*** ANTE/BLINDS ***
P1xel7 posts ante 120
kaytabud2307 posts ante 120
NH_Sniper22 posts ante 120
PecheALaMoru posts ante 120
Lol le call posts ante 120
Eskahel posts ante 120
P1xel7 posts small blind 500
kaytabud2307 posts big blind 1000
Dealt to P1xel7 [Qd Jc]
*** PRE-FLOP *** 
PecheALaMoru folds
Lol le call folds
Eskahel folds
NH_Sniper22 raises 1500 to 2500
P1xel7 calls 2000
kaytabud2307 calls 1500
*** FLOP *** [4s 5d 3c]
P1xel7 checks
kaytabud2307 checks
NH_Sniper22 checks
*** TURN *** [4s 5d 3c][Jh]
P1xel7 bets 2877
kaytabud2307 calls 2877
NH_Sniper22 calls 2877
*** RIVER *** [4s 5d 3c Jh][5h]
P1xel7 bets 5898
kaytabud2307 calls 5898
NH_Sniper22 folds
*** SHOW DOWN ***
kaytabud2307 shows [Jd 7h] (Two pairs : Jacks and 5)
P1xel7 shows [Qd Jc] (Two pairs : Jacks and 5)
P1xel7 collected 28647 from pot
*** SUMMARY ***
Total pot 28647 | No rake
Board: [4s 5d 3c Jh 5h]
Seat 2: P1xel7 (small blind) showed [Qd Jc] and won 28647 with Two pairs : Jacks and 5
Seat 3: kaytabud2307 (big blind) showed [Jd 7h] and lost with Two pairs : Jacks and 5


Winamax Poker - Tournament "Kill The Fish" buyIn: 0.90€ + 0.10€ level: 10 - HandId: #3075683323989721106-82-1701615938 - Holdem no limit (120/500/1000) - 2023/12/03 15:05:38 UTC
Table: 'Kill The Fish(716113328)#017' 6-max (real money) Seat #2 is the button
Seat 1: NH_Sniper22 (87847, 0.67€ bounty)
Seat 2: P1xel7 (60673, 0.89€ bounty)
Seat 3: kaytabud2307 (5520, 1.11€ bounty)
Seat 4: PecheALaMoru (74239, 1.33€ bounty)
Seat 5: Lol le call (26150, 0.45€ bounty)
Seat 6: Eskahel (37952, 0.89€ bounty)
*** ANTE/BLINDS ***
kaytabud2307 posts ante 120
PecheALaMoru posts ante 120
NH_Sniper22 posts ante 120
P1xel7 posts ante 120
Lol le call posts ante 120
Eskahel posts ante 120
kaytabud2307 posts small blind 500
PecheALaMoru posts big blind 1000
Dealt to P1xel7 [9s 3s]
*** PRE-FLOP *** 
Lol le call folds
Eskahel folds
NH_Sniper22 calls 1000
P1xel7 folds
kaytabud2307 folds
PecheALaMoru checks
*** FLOP *** [Ts 4h 4d]
PecheALaMoru checks
NH_Sniper22 bets 1000
PecheALaMoru folds
NH_Sniper22 collected 4220 from pot
*** SUMMARY ***
Total pot 4220 | No rake
Board: [Ts 4h 4d]
Seat 1: NH_Sniper22 won 4220


Winamax Poker - Tournament "Kill The Fish" buyIn: 0.90€ + 0.10€ level: 10 - HandId: #3075683323989721106-83-1701615980 - Holdem no limit (120/500/1000) - 2023/12/03 15:06:20 UTC
Table: 'Kill The Fish(716113328)#017' 6-max (real money) Seat #3 is the button
Seat 1: NH_Sniper22 (89947, 0.67€ bounty)
Seat 2: P1xel7 (60553, 0.89€ bounty)
Seat 3: kaytabud2307 (4900, 1.11€ bounty)
Seat 4: PecheALaMoru (73119, 1.33€ bounty)
Seat 5: Lol le call (26030, 0.45€ bounty)
Seat 6: Eskahel (37832, 0.89€ bounty)
*** ANTE/BLINDS ***
PecheALaMoru posts ante 120
Lol le call posts ante 120
NH_Sniper22 posts ante 120
P1xel7 posts ante 120
kaytabud2307 posts ante 120
Eskahel posts ante 120
PecheALaMoru posts small blind 500
Lol le call posts big blind 1000
Dealt to P1xel7 [7d 5s]
*** PRE-FLOP *** 
Eskahel folds
NH_Sniper22 calls 1000
P1xel7 folds
kaytabud2307 folds
PecheALaMoru folds
Lol le call checks
*** FLOP *** [6d 4d Ks]
Lol le call checks
NH_Sniper22 bets 1500
Lol le call folds
NH_Sniper22 collected 4720 from pot
*** SUMMARY ***
Total pot 4720 | No rake
Board: [6d 4d Ks]
Seat 1: NH_Sniper22 won 4720


Winamax Poker - Tournament "Kill The Fish" buyIn: 0.90€ + 0.10€ level: 10 - HandId: #3075683323989721106-84-1701616019 - Holdem no limit (120/500/1000) - 2023/12/03 15:06:59 UTC
Table: 'Kill The Fish(716113328)#017' 6-max (real money) Seat #4 is the button
Seat 1: NH_Sniper22 (92047, 0.67€ bounty)
Seat 2: P1xel7 (60433, 0.89€ bounty)
Seat 3: kaytabud2307 (4780, 1.11€ bounty)
Seat 4: PecheALaMoru (72499, 1.33€ bounty)
Seat 5: Lol le call (24910, 0.45€ bounty)
Seat 6: Eskahel (37712, 0.89€ bounty)
*** ANTE/BLINDS ***
Lol le call posts ante 120
Eskahel posts ante 120
NH_Sniper22 posts ante 120
P1xel7 posts ante 120
kaytabud2307 posts ante 120
PecheALaMoru posts ante 120
Lol le call posts small blind 500
Eskahel posts big blind 1000
Dealt to P1xel7 [As Qc]
*** PRE-FLOP *** 
NH_Sniper22 folds
P1xel7 raises 4000 to 5000
kaytabud2307 folds
PecheALaMoru folds
Lol le call folds
Eskahel folds
P1xel7 collected 7220 from pot
*** SUMMARY ***
Total pot 7220 | No rake
Seat 2: P1xel7 won 7220


Winamax Poker - Tournament "Kill The Fish" buyIn: 0.90€ + 0.10€ level: 11 - HandId: #3075683323989721106-85-1701616038 - Holdem no limit (140/600/1200) - 2023/12/03 15:07:18 UTC
Table: 'Kill The Fish(716113328)#017' 6-max (real money) Seat #5 is the button
Seat 1: NH_Sniper22 (91927, 0.67€ bounty)
Seat 2: P1xel7 (62533, 0.89€ bounty)
Seat 3: kaytabud2307 (4660, 1.11€ bounty)
Seat 4: PecheALaMoru (72379, 1.33€ bounty)
Seat 5: Lol le call (24290, 0.45€ bounty)
Seat 6: Eskahel (36592, 0.89€ bounty)
*** ANTE/BLINDS ***
Eskahel posts ante 140
NH_Sniper22 posts ante 140
P1xel7 posts ante 140
kaytabud2307 posts ante 140
PecheALaMoru posts ante 140
Lol le call posts ante 140
Eskahel posts small blind 600
NH_Sniper22 posts big blind 1200
Dealt to P1xel7 [Jc 7d]
*** PRE-FLOP *** 
P1xel7 folds
kaytabud2307 raises 3320 to 4520 and is all-in
PecheALaMoru folds
Lol le call folds
Eskahel raises 31932 to 36452 and is all-in
NH_Sniper22 folds
*** FLOP *** [Qc 2d 8s]
*** TURN *** [Qc 2d 8s][4c]
*** RIVER *** [Qc 2d 8s 4c][Kd]
*** SHOW DOWN ***
kaytabud2307 shows [7h 7s] (One pair : 7)
Eskahel shows [Ah Qs] (One pair : Queens)
Eskahel collected 43012 from pot
*** SUMMARY ***
Total pot 43012 | No rake
Board: [Qc 2d 8s 4c Kd]
Seat 3: kaytabud2307 showed [7h 7s] and lost with One pair : 7
Seat 6: Eskahel (small blind) showed [Ah Qs] and won 43012 with One pair : Queens


Winamax Poker - Tournament "Kill The Fish" buyIn: 0.90€ + 0.10€ level: 11 - HandId: #3075683323989721106-86-1701616067 - Holdem no limit (140/600/1200) - 2023/12/03 15:07:47 UTC
Table: 'Kill The Fish(716113328)#017' 6-max (real money) Seat #6 is the button
Seat 1: NH_Sniper22 (90587, 0.67€ bounty)
Seat 2: P1xel7 (62393, 0.89€ bounty)
Seat 4: PecheALaMoru (72239, 1.33€ bounty)
Seat 5: Lol le call (24150, 0.45€ bounty)
Seat 6: Eskahel (43012, 1.44€ bounty)
*** ANTE/BLINDS ***
NH_Sniper22 posts ante 140
P1xel7 posts ante 140
PecheALaMoru posts ante 140
Lol le call posts ante 140
Eskahel posts ante 140
NH_Sniper22 posts small blind 600
P1xel7 posts big blind 1200
Dealt to P1xel7 [2c 5s]
*** PRE-FLOP *** 
PecheALaMoru folds
Lol le call raises 1800 to 3000
Eskahel folds
NH_Sniper22 folds
P1xel7 folds
Lol le call collected 5500 from pot
*** SUMMARY ***
Total pot 5500 | No rake
Seat 5: Lol le call won 5500


Winamax Poker - Tournament "Kill The Fish" buyIn: 0.90€ + 0.10€ level: 11 - HandId: #3075683323989721106-87-1701616098 - Holdem no limit (140/600/1200) - 2023/12/03 15:08:18 UTC
Table: 'Kill The Fish(716113328)#017' 6-max (real money) Seat #1 is the button
Seat 1: NH_Sniper22 (89847, 0.67€ bounty)
Seat 2: P1xel7 (61053, 0.89€ bounty)
Seat 3: wmx-khqdm5g (46120, 0.67€ bounty)
Seat 4: PecheALaMoru (72099, 1.33€ bounty)
Seat 5: Lol le call (26510, 0.45€ bounty)
Seat 6: Eskahel (42872, 1.44€ bounty)
*** ANTE/BLINDS ***
P1xel7 posts ante 140
wmx-khqdm5g posts ante 140
NH_Sniper22 posts ante 140
PecheALaMoru posts ante 140
Lol le call posts ante 140
Eskahel posts ante 140
P1xel7 posts small blind 600
wmx-khqdm5g posts big blind 1200
Dealt to P1xel7 [Jc 2c]
*** PRE-FLOP *** 
PecheALaMoru folds
Lol le call folds
Eskahel folds
NH_Sniper22 folds
P1xel7 folds
wmx-khqdm5g collected 2640 from pot
*** SUMMARY ***
Total pot 2640 | No rake
Seat 3: wmx-khqdm5g (big blind) won 2640


Winamax Poker - Tournament "Kill The Fish" buyIn: 0.90€ + 0.10€ level: 11 - HandId: #3075683323989721106-88-1701616129 - Holdem no limit (140/600/1200) - 2023/12/03 15:08:49 UTC
Table: 'Kill The Fish(716113328)#017' 6-max (real money) Seat #2 is the button
Seat 1: NH_Sniper22 (89707, 0.67€ bounty)
Seat 2: P1xel7 (60313, 0.89€ bounty)
Seat 3: wmx-khqdm5g (47420, 0.67€ bounty)
Seat 4: PecheALaMoru (71959, 1.33€ bounty)
Seat 5: Lol le call (26370, 0.45€ bounty)
Seat 6: Eskahel (42732, 1.44€ bounty)
*** ANTE/BLINDS ***
wmx-khqdm5g posts ante 140
PecheALaMoru posts ante 140
NH_Sniper22 posts ante 140
P1xel7 posts ante 140
Lol le call posts ante 140
Eskahel posts ante 140
wmx-khqdm5g posts small blind 600
PecheALaMoru posts big blind 1200
Dealt to P1xel7 [8c As]
*** PRE-FLOP *** 
Lol le call folds
Eskahel folds
NH_Sniper22 folds
P1xel7 raises 1800 to 3000
wmx-khqdm5g folds
PecheALaMoru folds
P1xel7 collected 5640 from pot
*** SUMMARY ***
Total pot 5640 | No rake
Seat 2: P1xel7 (button) won 5640


Winamax Poker - Tournament "Kill The Fish" buyIn: 0.90€ + 0.10€ level: 11 - HandId: #3075683323989721106-89-1701616161 - Holdem no limit (140/600/1200) - 2023/12/03 15:09:21 UTC
Table: 'Kill The Fish(716113328)#017' 6-max (real money) Seat #3 is the button
Seat 1: NH_Sniper22 (89567, 0.67€ bounty)
Seat 2: P1xel7 (62813, 0.89€ bounty)
Seat 3: wmx-khqdm5g (46680, 0.67€ bounty)
Seat 4: PecheALaMoru (70619, 1.33€ bounty)
Seat 5: Lol le call (26230, 0.45€ bounty)
Seat 6: Eskahel (42592, 1.44€ bounty)
*** ANTE/BLINDS ***
PecheALaMoru posts ante 140
Lol le call posts ante 140
NH_Sniper22 posts ante 140
P1xel7 posts ante 140
wmx-khqdm5g posts ante 140
Eskahel posts ante 140
PecheALaMoru posts small blind 600
Lol le call posts big blind 1200
Dealt to P1xel7 [7c 5h]
*** PRE-FLOP *** 
Eskahel folds
NH_Sniper22 folds
P1xel7 folds
wmx-khqdm5g folds
PecheALaMoru folds
Lol le call collected 2640 from pot
*** SUMMARY ***
Total pot 2640 | No rake
Seat 5: Lol le call (big blind) won 2640


Winamax Poker - Tournament "Kill The Fish" buyIn: 0.90€ + 0.10€ level: 11 - HandId: #3075683323989721106-90-1701616175 - Holdem no limit (140/600/1200) - 2023/12/03 15:09:35 UTC
Table: 'Kill The Fish(716113328)#017' 6-max (real money) Seat #4 is the button
Seat 1: NH_Sniper22 (89427, 0.67€ bounty)
Seat 2: P1xel7 (62673, 0.89€ bounty)
Seat 3: wmx-khqdm5g (46540, 0.67€ bounty)
Seat 4: PecheALaMoru (69879, 1.33€ bounty)
Seat 5: Lol le call (27530, 0.45€ bounty)
Seat 6: Eskahel (42452, 1.44€ bounty)
*** ANTE/BLINDS ***
Lol le call posts ante 140
Eskahel posts ante 140
NH_Sniper22 posts ante 140
P1xel7 posts ante 140
wmx-khqdm5g posts ante 140
PecheALaMoru posts ante 140
Lol le call posts small blind 600
Eskahel posts big blind 1200
Dealt to P1xel7 [Ks 2s]
*** PRE-FLOP *** 
NH_Sniper22 folds
P1xel7 folds
wmx-khqdm5g folds
PecheALaMoru folds
Lol le call folds
Eskahel collected 2640 from pot
*** SUMMARY ***
Total pot 2640 | No rake
Seat 6: Eskahel (big blind) won 2640


Winamax Poker - Tournament "Kill The Fish" buyIn: 0.90€ + 0.10€ level: 11 - HandId: #3075683323989721106-91-1701616195 - Holdem no limit (140/600/1200) - 2023/12/03 15:09:55 UTC
Table: 'Kill The Fish(716113328)#017' 6-max (real money) Seat #5 is the button
Seat 1: NH_Sniper22 (89287, 0.67€ bounty)
Seat 2: P1xel7 (62533, 0.89€ bounty)
Seat 3: wmx-khqdm5g (46400, 0.67€ bounty)
Seat 4: PecheALaMoru (69739, 1.33€ bounty)
Seat 5: Lol le call (26790, 0.45€ bounty)
Seat 6: Eskahel (43752, 1.44€ bounty)
*** ANTE/BLINDS ***
Eskahel posts ante 140
NH_Sniper22 posts ante 140
P1xel7 posts ante 140
wmx-khqdm5g posts ante 140
PecheALaMoru posts ante 140
Lol le call posts ante 140
Eskahel posts small blind 600
NH_Sniper22 posts big blind 1200
Dealt to P1xel7 [4d 7d]
*** PRE-FLOP *** 
P1xel7 folds
wmx-khqdm5g folds
PecheALaMoru folds
Lol le call raises 1800 to 3000
Eskahel folds
NH_Sniper22 calls 1800
*** FLOP *** [5s 9h 2h]
NH_Sniper22 checks
Lol le call checks
*** TURN *** [5s 9h 2h][6s]
NH_Sniper22 checks
Lol le call checks
*** RIVER *** [5s 9h 2h 6s][2d]
NH_Sniper22 bets 2400
Lol le call folds
NH_Sniper22 collected 9840 from pot
*** SUMMARY ***
Total pot 9840 | No rake
Board: [5s 9h 2h 6s 2d]
Seat 1: NH_Sniper22 (big blind) won 9840


Winamax Poker - Tournament "Kill The Fish" buyIn: 0.90€ + 0.10€ level: 11 - HandId: #3075683323989721106-92-1701616246 - Holdem no limit (140/600/1200) - 2023/12/03 15:10:46 UTC
Table: 'Kill The Fish(716113328)#017' 6-max (real money) Seat #6 is the button
Seat 1: NH_Sniper22 (93587, 0.67€ bounty)
Seat 2: P1xel7 (62393, 0.89€ bounty)
Seat 3: wmx-khqdm5g (46260, 0.67€ bounty)
Seat 4: PecheALaMoru (69599, 1.33€ bounty)
Seat 5: Lol le call (23650, 0.45€ bounty)
Seat 6: Eskahel (43012, 1.44€ bounty)
*** ANTE/BLINDS ***
NH_Sniper22 posts ante 140
P1xel7 posts ante 140
wmx-khqdm5g posts ante 140
PecheALaMoru posts ante 140
Lol le call posts ante 140
Eskahel posts ante 140
NH_Sniper22 posts small blind 600
P1xel7 posts big blind 1200
Dealt to P1xel7 [8d 8c]
*** PRE-FLOP *** 
wmx-khqdm5g folds
PecheALaMoru folds
Lol le call raises 1800 to 3000
Eskahel folds
NH_Sniper22 calls 2400
P1xel7 calls 1800
*** FLOP *** [Kd 5c Jc]
NH_Sniper22 checks
P1xel7 checks
Lol le call bets 2460
NH_Sniper22 calls 2460
P1xel7 calls 2460
*** TURN *** [Kd 5c Jc][2d]
NH_Sniper22 checks
P1xel7 checks
Lol le call checks
*** RIVER *** [Kd 5c Jc 2d][6d]
NH_Sniper22 bets 17220
P1xel7 folds
Lol le call folds
NH_Sniper22 collected 34440 from pot
*** SUMMARY ***
Total pot 34440 | No rake
Board: [Kd 5c Jc 2d 6d]
Seat 1: NH_Sniper22 (small blind) won 34440


Winamax Poker - Tournament "Kill The Fish" buyIn: 0.90€ + 0.10€ level: 11 - HandId: #3075683323989721106-93-1701616306 - Holdem no limit (140/600/1200) - 2023/12/03 15:11:46 UTC
Table: 'Kill The Fish(716113328)#017' 6-max (real money) Seat #1 is the button
Seat 1: NH_Sniper22 (105207, 0.67€ bounty)
Seat 2: P1xel7 (56793, 0.89€ bounty)
Seat 3: wmx-khqdm5g (46120, 0.67€ bounty)
Seat 4: PecheALaMoru (69459, 1.33€ bounty)
Seat 5: Lol le call (18050, 0.45€ bounty)
Seat 6: Eskahel (42872, 1.44€ bounty)
*** ANTE/BLINDS ***
P1xel7 posts ante 140
wmx-khqdm5g posts ante 140
NH_Sniper22 posts ante 140
PecheALaMoru posts ante 140
Lol le call posts ante 140
Eskahel posts ante 140
P1xel7 posts small blind 600
wmx-khqdm5g posts big blind 1200
Dealt to P1xel7 [9s 7s]
*** PRE-FLOP *** 
PecheALaMoru folds
Lol le call folds
Eskahel folds
NH_Sniper22 raises 1200 to 2400
P1xel7 folds
wmx-khqdm5g calls 1200
*** FLOP *** [7d 8h 5h]
wmx-khqdm5g checks
NH_Sniper22 checks
*** TURN *** [7d 8h 5h][4s]
wmx-khqdm5g checks
NH_Sniper22 checks
*** RIVER *** [7d 8h 5h 4s][6s]
wmx-khqdm5g bets 1200
NH_Sniper22 calls 1200
*** SHOW DOWN ***
NH_Sniper22 shows [Tc Kd] (Straight 8 high)
wmx-khqdm5g shows [As Kc] (Straight 8 high)
wmx-khqdm5g collected 4320 from pot
NH_Sniper22 collected 4320 from pot
*** SUMMARY ***
Total pot 8640 | No rake
Board: [7d 8h 5h 4s 6s]
Seat 1: NH_Sniper22 (button) showed [Tc Kd] and won 4320 with Straight 8 high
Seat 3: wmx-khqdm5g (big blind) showed [As Kc] and won 4320 with Straight 8 high


Winamax Poker - Tournament "Kill The Fish" buyIn: 0.90€ + 0.10€ level: 12 - HandId: #3075683323989721106-94-1701616361 - Holdem no limit (160/700/1400) - 2023/12/03 15:12:41 UTC
Table: 'Kill The Fish(716113328)#017' 6-max (real money) Seat #2 is the button
Seat 1: NH_Sniper22 (105787, 0.67€ bounty)
Seat 2: P1xel7 (56053, 0.89€ bounty)
Seat 3: wmx-khqdm5g (46700, 0.67€ bounty)
Seat 4: PecheALaMoru (69319, 1.33€ bounty)
Seat 5: Lol le call (17910, 0.45€ bounty)
Seat 6: Eskahel (42732, 1.44€ bounty)
*** ANTE/BLINDS ***
wmx-khqdm5g posts ante 160
PecheALaMoru posts ante 160
NH_Sniper22 posts ante 160
P1xel7 posts ante 160
Lol le call posts ante 160
Eskahel posts ante 160
wmx-khqdm5g posts small blind 700
PecheALaMoru posts big blind 1400
Dealt to P1xel7 [7d Jh]
*** PRE-FLOP *** 
Lol le call folds
Eskahel folds
NH_Sniper22 folds
P1xel7 folds
wmx-khqdm5g folds
PecheALaMoru collected 3060 from pot
*** SUMMARY ***
Total pot 3060 | No rake
Seat 4: PecheALaMoru (big blind) won 3060


Winamax Poker - Tournament "Kill The Fish" buyIn: 0.90€ + 0.10€ level: 12 - HandId: #3075683323989721106-95-1701616377 - Holdem no limit (160/700/1400) - 2023/12/03 15:12:57 UTC
Table: 'Kill The Fish(716113328)#017' 6-max (real money) Seat #3 is the button
Seat 1: NH_Sniper22 (105627, 0.67€ bounty)
Seat 2: P1xel7 (55893, 0.89€ bounty)
Seat 3: wmx-khqdm5g (45840, 0.67€ bounty)
Seat 4: PecheALaMoru (70819, 1.33€ bounty)
Seat 5: Lol le call (17750, 0.45€ bounty)
Seat 6: Eskahel (42572, 1.44€ bounty)
*** ANTE/BLINDS ***
PecheALaMoru posts ante 160
Lol le call posts ante 160
NH_Sniper22 posts ante 160
P1xel7 posts ante 160
wmx-khqdm5g posts ante 160
Eskahel posts ante 160
PecheALaMoru posts small blind 700
Lol le call posts big blind 1400
Dealt to P1xel7 [9d Qc]
*** PRE-FLOP *** 
Eskahel folds
NH_Sniper22 calls 1400
P1xel7 folds
wmx-khqdm5g folds
PecheALaMoru folds
Lol le call checks
*** FLOP *** [4s Kh 8d]
Lol le call checks
NH_Sniper22 checks
*** TURN *** [4s Kh 8d][Ts]
Lol le call checks
NH_Sniper22 checks
*** RIVER *** [4s Kh 8d Ts][Ad]
Lol le call checks
NH_Sniper22 checks
*** SHOW DOWN ***
Lol le call shows [9c 3d] (High card : Ace)
NH_Sniper22 shows [Th Js] (One pair : Tens)
NH_Sniper22 collected 4460 from pot
*** SUMMARY ***
Total pot 4460 | No rake
Board: [4s Kh 8d Ts Ad]
Seat 1: NH_Sniper22 showed [Th Js] and won 4460 with One pair : Tens
Seat 5: Lol le call (big blind) showed [9c 3d] and lost with High card : Ace


Winamax Poker - Tournament "Kill The Fish" buyIn: 0.90€ + 0.10€ level: 12 - HandId: #3075683323989721106-96-1701616525 - Holdem no limit (160/700/1400) - 2023/12/03 15:15:25 UTC
Table: 'Kill The Fish(716113328)#017' 6-max (real money) Seat #4 is the button
Seat 1: NH_Sniper22 (108527, 0.67€ bounty)
Seat 2: P1xel7 (55733, 0.89€ bounty)
Seat 3: wmx-khqdm5g (45680, 0.67€ bounty)
Seat 4: PecheALaMoru (69959, 1.33€ bounty)
Seat 5: Lol le call (16190, 0.45€ bounty)
Seat 6: Eskahel (42412, 1.44€ bounty)
*** ANTE/BLINDS ***
Lol le call posts ante 160
Eskahel posts ante 160
NH_Sniper22 posts ante 160
P1xel7 posts ante 160
wmx-khqdm5g posts ante 160
PecheALaMoru posts ante 160
Lol le call posts small blind 700
Eskahel posts big blind 1400
Dealt to P1xel7 [Th 8h]
*** PRE-FLOP *** 
NH_Sniper22 folds
P1xel7 folds
wmx-khqdm5g folds
PecheALaMoru folds
Lol le call raises 14630 to 16030 and is all-in
Eskahel folds
Lol le call collected 18390 from pot
*** SUMMARY ***
Total pot 18390 | No rake
Seat 5: Lol le call (small blind) won 18390


Winamax Poker - Tournament "Kill The Fish" buyIn: 0.90€ + 0.10€ level: 12 - HandId: #3075683323989721106-97-1701616569 - Holdem no limit (160/700/1400) - 2023/12/03 15:16:09 UTC
Table: 'Kill The Fish(716113328)#017' 6-max (real money) Seat #5 is the button
Seat 1: NH_Sniper22 (108367, 0.67€ bounty)
Seat 2: P1xel7 (55573, 0.89€ bounty)
Seat 3: wmx-khqdm5g (45520, 0.67€ bounty)
Seat 4: PecheALaMoru (69799, 1.33€ bounty)
Seat 5: Lol le call (18390, 0.45€ bounty)
Seat 6: Eskahel (40852, 1.44€ bounty)
*** ANTE/BLINDS ***
Eskahel posts ante 160
NH_Sniper22 posts ante 160
P1xel7 posts ante 160
wmx-khqdm5g posts ante 160
PecheALaMoru posts ante 160
Lol le call posts ante 160
Eskahel posts small blind 700
NH_Sniper22 posts big blind 1400
Dealt to P1xel7 [5h 6s]
*** PRE-FLOP *** 
P1xel7 folds
wmx-khqdm5g folds
PecheALaMoru folds
Lol le call raises 16830 to 18230 and is all-in
Eskahel raises 22462 to 40692 and is all-in
NH_Sniper22 folds
*** FLOP *** [7s Ad 6d]
*** TURN *** [7s Ad 6d][Jc]
*** RIVER *** [7s Ad 6d Jc][3s]
*** SHOW DOWN ***
Lol le call shows [Ks 2d] (High card : Ace)
Eskahel shows [9h Ah] (One pair : Aces)
Eskahel collected 61282 from pot
*** SUMMARY ***
Total pot 61282 | No rake
Board: [7s Ad 6d Jc 3s]
Seat 5: Lol le call (button) showed [Ks 2d] and lost with High card : Ace
Seat 6: Eskahel (small blind) showed [9h Ah] and won 61282 with One pair : Aces


Winamax Poker - Tournament "Kill The Fish" buyIn: 0.90€ + 0.10€ level: 12 - HandId: #3075683323989721106-98-1701616610 - Holdem no limit (160/700/1400) - 2023/12/03 15:16:50 UTC
Table: 'Kill The Fish(716113328)#017' 6-max (real money) Seat #6 is the button
Seat 1: NH_Sniper22 (106807, 0.67€ bounty)
Seat 2: P1xel7 (55413, 0.89€ bounty)
Seat 3: wmx-khqdm5g (45360, 0.67€ bounty)
Seat 4: PecheALaMoru (69639, 1.33€ bounty)
Seat 6: Eskahel (61282, 1.66€ bounty)
*** ANTE/BLINDS ***
NH_Sniper22 posts ante 160
P1xel7 posts ante 160
wmx-khqdm5g posts ante 160
PecheALaMoru posts ante 160
Eskahel posts ante 160
NH_Sniper22 posts small blind 700
P1xel7 posts big blind 1400
Dealt to P1xel7 [Qh Ks]
*** PRE-FLOP *** 
wmx-khqdm5g folds
PecheALaMoru folds
Eskahel folds
NH_Sniper22 calls 700
P1xel7 raises 2800 to 4200
NH_Sniper22 folds
P1xel7 collected 6400 from pot
*** SUMMARY ***
Total pot 6400 | No rake
Seat 2: P1xel7 (big blind) won 6400


Winamax Poker - Tournament "Kill The Fish" buyIn: 0.90€ + 0.10€ level: 13 - HandId: #3075683323989721106-99-1701616639 - Holdem no limit (200/800/1600) - 2023/12/03 15:17:19 UTC
Table: 'Kill The Fish(716113328)#017' 6-max (real money) Seat #1 is the button
Seat 1: NH_Sniper22 (105247, 0.67€ bounty)
Seat 2: P1xel7 (57453, 0.89€ bounty)
Seat 3: wmx-khqdm5g (45200, 0.67€ bounty)
Seat 4: PecheALaMoru (69479, 1.33€ bounty)
Seat 5: NeverDry (86222, 1.33€ bounty)
Seat 6: Eskahel (61122, 1.66€ bounty)
*** ANTE/BLINDS ***
P1xel7 posts ante 200
wmx-khqdm5g posts ante 200
NH_Sniper22 posts ante 200
PecheALaMoru posts ante 200
NeverDry posts ante 200
Eskahel posts ante 200
P1xel7 posts small blind 800
wmx-khqdm5g posts big blind 1600
Dealt to P1xel7 [7c 3d]
*** PRE-FLOP *** 
PecheALaMoru folds
NeverDry folds
Eskahel folds
NH_Sniper22 folds
P1xel7 raises 2400 to 4000
wmx-khqdm5g folds
P1xel7 collected 6800 from pot
*** SUMMARY ***
Total pot 6800 | No rake
Seat 2: P1xel7 (small blind) won 6800


Winamax Poker - Tournament "Kill The Fish" buyIn: 0.90€ + 0.10€ level: 13 - HandId: #3075683323989721106-100-1701616657 - Holdem no limit (200/800/1600) - 2023/12/03 15:17:37 UTC
Table: 'Kill The Fish(716113328)#017' 6-max (real money) Seat #2 is the button
Seat 1: NH_Sniper22 (105047, 0.67€ bounty)
Seat 2: P1xel7 (60053, 0.89€ bounty)
Seat 3: wmx-khqdm5g (43400, 0.67€ bounty)
Seat 4: PecheALaMoru (69279, 1.33€ bounty)
Seat 5: NeverDry (86022, 1.33€ bounty)
Seat 6: Eskahel (60922, 1.66€ bounty)
*** ANTE/BLINDS ***
wmx-khqdm5g posts ante 200
PecheALaMoru posts ante 200
NH_Sniper22 posts ante 200
P1xel7 posts ante 200
NeverDry posts ante 200
Eskahel posts ante 200
wmx-khqdm5g posts small blind 800
PecheALaMoru posts big blind 1600
Dealt to P1xel7 [Th 3d]
*** PRE-FLOP *** 
NeverDry raises 1600 to 3200
Eskahel folds
NH_Sniper22 folds
P1xel7 folds
wmx-khqdm5g folds
PecheALaMoru folds
NeverDry collected 6800 from pot
*** SUMMARY ***
Total pot 6800 | No rake
Seat 5: NeverDry won 6800


Winamax Poker - Tournament "Kill The Fish" buyIn: 0.90€ + 0.10€ level: 13 - HandId: #3075683323989721106-101-1701616682 - Holdem no limit (200/800/1600) - 2023/12/03 15:18:02 UTC
Table: 'Kill The Fish(716113328)#017' 6-max (real money) Seat #3 is the button
Seat 1: NH_Sniper22 (104847, 0.67€ bounty)
Seat 2: P1xel7 (59853, 0.89€ bounty)
Seat 3: wmx-khqdm5g (42400, 0.67€ bounty)
Seat 4: PecheALaMoru (67479, 1.33€ bounty)
Seat 5: NeverDry (89422, 1.33€ bounty)
Seat 6: Eskahel (60722, 1.66€ bounty)
*** ANTE/BLINDS ***
PecheALaMoru posts ante 200
NeverDry posts ante 200
NH_Sniper22 posts ante 200
P1xel7 posts ante 200
wmx-khqdm5g posts ante 200
Eskahel posts ante 200
PecheALaMoru posts small blind 800
NeverDry posts big blind 1600
Dealt to P1xel7 [4h 7s]
*** PRE-FLOP *** 
Eskahel folds
NH_Sniper22 folds
P1xel7 folds
wmx-khqdm5g raises 1600 to 3200
PecheALaMoru folds
NeverDry calls 1600
*** FLOP *** [3s 8d Qd]
NeverDry checks
wmx-khqdm5g bets 1600
NeverDry calls 1600
*** TURN *** [3s 8d Qd][8c]
NeverDry bets 5800
wmx-khqdm5g folds
NeverDry collected 17400 from pot
*** SUMMARY ***
Total pot 17400 | No rake
Board: [3s 8d Qd 8c]
Seat 5: NeverDry (big blind) won 17400


Winamax Poker - Tournament "Kill The Fish" buyIn: 0.90€ + 0.10€ level: 13 - HandId: #3075683323989721106-102-1701616715 - Holdem no limit (200/800/1600) - 2023/12/03 15:18:35 UTC
Table: 'Kill The Fish(716113328)#017' 6-max (real money) Seat #4 is the button
Seat 1: NH_Sniper22 (104647, 0.67€ bounty)
Seat 2: P1xel7 (59653, 0.89€ bounty)
Seat 3: wmx-khqdm5g (37400, 0.67€ bounty)
Seat 4: PecheALaMoru (66479, 1.33€ bounty)
Seat 5: NeverDry (96022, 1.33€ bounty)
Seat 6: Eskahel (60522, 1.66€ bounty)
*** ANTE/BLINDS ***
NeverDry posts ante 200
Eskahel posts ante 200
NH_Sniper22 posts ante 200
P1xel7 posts ante 200
wmx-khqdm5g posts ante 200
PecheALaMoru posts ante 200
NeverDry posts small blind 800
Eskahel posts big blind 1600
Dealt to P1xel7 [5h 7h]
*** PRE-FLOP *** 
NH_Sniper22 folds
P1xel7 folds
wmx-khqdm5g folds
PecheALaMoru folds
NeverDry raises 1600 to 3200
Eskahel raises 8800 to 12000
NeverDry folds
Eskahel collected 16400 from pot
*** SUMMARY ***
Total pot 16400 | No rake
Seat 6: Eskahel (big blind) won 16400


Winamax Poker - Tournament "Kill The Fish" buyIn: 0.90€ + 0.10€ level: 13 - HandId: #3075683323989721106-103-1701616756 - Holdem no limit (200/800/1600) - 2023/12/03 15:19:16 UTC
Table: 'Kill The Fish(716113328)#017' 6-max (real money) Seat #5 is the button
Seat 1: NH_Sniper22 (104447, 0.67€ bounty)
Seat 2: P1xel7 (59453, 0.89€ bounty)
Seat 3: wmx-khqdm5g (37200, 0.67€ bounty)
Seat 4: PecheALaMoru (66279, 1.33€ bounty)
Seat 5: NeverDry (92622, 1.33€ bounty)
Seat 6: Eskahel (64722, 1.66€ bounty)
*** ANTE/BLINDS ***
Eskahel posts ante 200
NH_Sniper22 posts ante 200
P1xel7 posts ante 200
wmx-khqdm5g posts ante 200
PecheALaMoru posts ante 200
NeverDry posts ante 200
Eskahel posts small blind 800
NH_Sniper22 posts big blind 1600
Dealt to P1xel7 [Ad 3s]
*** PRE-FLOP *** 
P1xel7 folds
wmx-khqdm5g raises 5200 to 6800
PecheALaMoru folds
NeverDry folds
Eskahel folds
NH_Sniper22 folds
wmx-khqdm5g collected 10400 from pot
*** SUMMARY ***
Total pot 10400 | No rake
Seat 3: wmx-khqdm5g won 10400


Winamax Poker - Tournament "Kill The Fish" buyIn: 0.90€ + 0.10€ level: 13 - HandId: #3075683323989721106-104-1701616786 - Holdem no limit (200/800/1600) - 2023/12/03 15:19:46 UTC
Table: 'Kill The Fish(716113328)#017' 6-max (real money) Seat #6 is the button
Seat 1: NH_Sniper22 (102647, 0.67€ bounty)
Seat 2: P1xel7 (59253, 0.89€ bounty)
Seat 3: wmx-khqdm5g (40600, 0.67€ bounty)
Seat 4: PecheALaMoru (66079, 1.33€ bounty)
Seat 5: NeverDry (92422, 1.33€ bounty)
Seat 6: Eskahel (63722, 1.66€ bounty)
*** ANTE/BLINDS ***
NH_Sniper22 posts ante 200
P1xel7 posts ante 200
wmx-khqdm5g posts ante 200
PecheALaMoru posts ante 200
NeverDry posts ante 200
Eskahel posts ante 200
NH_Sniper22 posts small blind 800
P1xel7 posts big blind 1600
Dealt to P1xel7 [4s 6c]
*** PRE-FLOP *** 
wmx-khqdm5g folds
PecheALaMoru folds
NeverDry folds
Eskahel folds
NH_Sniper22 raises 1600 to 3200
P1xel7 folds
NH_Sniper22 collected 6000 from pot
*** SUMMARY ***
Total pot 6000 | No rake
Seat 1: NH_Sniper22 (small blind) won 6000


Winamax Poker - Tournament "Kill The Fish" buyIn: 0.90€ + 0.10€ level: 13 - HandId: #3075683323989721106-105-1701616818 - Holdem no limit (200/800/1600) - 2023/12/03 15:20:18 UTC
Table: 'Kill The Fish(716113328)#017' 6-max (real money) Seat #1 is the button
Seat 1: NH_Sniper22 (105247, 0.67€ bounty)
Seat 2: P1xel7 (57453, 0.89€ bounty)
Seat 3: wmx-khqdm5g (40400, 0.67€ bounty)
Seat 4: PecheALaMoru (65879, 1.33€ bounty)
Seat 5: NeverDry (92222, 1.33€ bounty)
Seat 6: Eskahel (63522, 1.66€ bounty)
*** ANTE/BLINDS ***
P1xel7 posts ante 200
wmx-khqdm5g posts ante 200
NH_Sniper22 posts ante 200
PecheALaMoru posts ante 200
NeverDry posts ante 200
Eskahel posts ante 200
P1xel7 posts small blind 800
wmx-khqdm5g posts big blind 1600
Dealt to P1xel7 [6s 4d]
*** PRE-FLOP *** 
PecheALaMoru folds
NeverDry folds
Eskahel folds
NH_Sniper22 folds
P1xel7 folds
wmx-khqdm5g collected 3600 from pot
*** SUMMARY ***
Total pot 3600 | No rake
Seat 3: wmx-khqdm5g (big blind) won 3600


Winamax Poker - Tournament "Kill The Fish" buyIn: 0.90€ + 0.10€ level: 13 - HandId: #3075683323989721106-106-1701616854 - Holdem no limit (200/800/1600) - 2023/12/03 15:20:54 UTC
Table: 'Kill The Fish(716113328)#017' 6-max (real money) Seat #2 is the button
Seat 1: NH_Sniper22 (105047, 0.67€ bounty)
Seat 2: P1xel7 (56453, 0.89€ bounty)
Seat 3: wmx-khqdm5g (42200, 0.67€ bounty)
Seat 4: PecheALaMoru (65679, 1.33€ bounty)
Seat 5: NeverDry (92022, 1.33€ bounty)
Seat 6: Eskahel (63322, 1.66€ bounty)
*** ANTE/BLINDS ***
wmx-khqdm5g posts ante 200
PecheALaMoru posts ante 200
NH_Sniper22 posts ante 200
P1xel7 posts ante 200
NeverDry posts ante 200
Eskahel posts ante 200
wmx-khqdm5g posts small blind 800
PecheALaMoru posts big blind 1600
Dealt to P1xel7 [Qs Ad]
*** PRE-FLOP *** 
NeverDry folds
Eskahel folds
NH_Sniper22 folds
P1xel7 raises 2400 to 4000
wmx-khqdm5g folds
PecheALaMoru folds
P1xel7 collected 7600 from pot
*** SUMMARY ***
Total pot 7600 | No rake
Seat 2: P1xel7 (button) won 7600


Winamax Poker - Tournament "Kill The Fish" buyIn: 0.90€ + 0.10€ level: 13 - HandId: #3075683323989721106-107-1701616876 - Holdem no limit (200/800/1600) - 2023/12/03 15:21:16 UTC
Table: 'Kill The Fish(716113328)#017' 6-max (real money) Seat #3 is the button
Seat 1: NH_Sniper22 (104847, 0.67€ bounty)
Seat 2: P1xel7 (59853, 0.89€ bounty)
Seat 3: wmx-khqdm5g (41200, 0.67€ bounty)
Seat 4: PecheALaMoru (63879, 1.33€ bounty)
Seat 5: NeverDry (91822, 1.33€ bounty)
Seat 6: Eskahel (63122, 1.66€ bounty)
*** ANTE/BLINDS ***
PecheALaMoru posts ante 200
NeverDry posts ante 200
NH_Sniper22 posts ante 200
P1xel7 posts ante 200
wmx-khqdm5g posts ante 200
Eskahel posts ante 200
PecheALaMoru posts small blind 800
NeverDry posts big blind 1600
Dealt to P1xel7 [Tc Qd]
*** PRE-FLOP *** 
Eskahel folds
NH_Sniper22 raises 1600 to 3200
P1xel7 calls 3200
wmx-khqdm5g folds
PecheALaMoru folds
NeverDry calls 1600
*** FLOP *** [7s Th Ts]
NeverDry checks
NH_Sniper22 checks
P1xel7 bets 4060
NeverDry folds
NH_Sniper22 folds
P1xel7 collected 15660 from pot
*** SUMMARY ***
Total pot 15660 | No rake
Board: [7s Th Ts]
Seat 2: P1xel7 won 15660


Winamax Poker - Tournament "Kill The Fish" buyIn: 0.90€ + 0.10€ level: 14 - HandId: #3075683323989721106-108-1701616943 - Holdem no limit (250/1000/2000) - 2023/12/03 15:22:23 UTC
Table: 'Kill The Fish(716113328)#017' 6-max (real money) Seat #4 is the button
Seat 1: NH_Sniper22 (101447, 0.67€ bounty)
Seat 2: P1xel7 (68053, 0.89€ bounty)
Seat 3: wmx-khqdm5g (41000, 0.67€ bounty)
Seat 4: PecheALaMoru (62879, 1.33€ bounty)
Seat 5: NeverDry (88422, 1.33€ bounty)
Seat 6: Eskahel (62922, 1.66€ bounty)
*** ANTE/BLINDS ***
NeverDry posts ante 250
Eskahel posts ante 250
NH_Sniper22 posts ante 250
P1xel7 posts ante 250
wmx-khqdm5g posts ante 250
PecheALaMoru posts ante 250
NeverDry posts small blind 1000
Eskahel posts big blind 2000
Dealt to P1xel7 [6s Qs]
*** PRE-FLOP *** 
NH_Sniper22 folds
P1xel7 folds
wmx-khqdm5g folds
PecheALaMoru folds
NeverDry folds
Eskahel collected 4500 from pot
*** SUMMARY ***
Total pot 4500 | No rake
Seat 6: Eskahel (big blind) won 4500


Winamax Poker - Tournament "Kill The Fish" buyIn: 0.90€ + 0.10€ level: 14 - HandId: #3075683323989721106-109-1701616964 - Holdem no limit (250/1000/2000) - 2023/12/03 15:22:44 UTC
Table: 'Kill The Fish(716113328)#017' 6-max (real money) Seat #5 is the button
Seat 1: NH_Sniper22 (101197, 0.67€ bounty)
Seat 2: P1xel7 (67803, 0.89€ bounty)
Seat 3: wmx-khqdm5g (40750, 0.67€ bounty)
Seat 4: PecheALaMoru (62629, 1.33€ bounty)
Seat 5: NeverDry (87172, 1.33€ bounty)
Seat 6: Eskahel (65172, 1.66€ bounty)
*** ANTE/BLINDS ***
Eskahel posts ante 250
NH_Sniper22 posts ante 250
P1xel7 posts ante 250
wmx-khqdm5g posts ante 250
PecheALaMoru posts ante 250
NeverDry posts ante 250
Eskahel posts small blind 1000
NH_Sniper22 posts big blind 2000
Dealt to P1xel7 [Ts Jc]
*** PRE-FLOP *** 
P1xel7 folds
wmx-khqdm5g folds
PecheALaMoru folds
NeverDry folds
Eskahel calls 1000
NH_Sniper22 checks
*** FLOP *** [3c 6s Qh]
Eskahel bets 2000
NH_Sniper22 calls 2000
*** TURN *** [3c 6s Qh][8c]
Eskahel bets 4750
NH_Sniper22 calls 4750
*** RIVER *** [3c 6s Qh 8c][4c]
Eskahel bets 19000
NH_Sniper22 calls 19000
*** SHOW DOWN ***
NH_Sniper22 shows [Qd 2h] (One pair : Queens)
Eskahel shows [5c Tc] (Flush Ten high)
Eskahel collected 57000 from pot
*** SUMMARY ***
Total pot 57000 | No rake
Board: [3c 6s Qh 8c 4c]
Seat 1: NH_Sniper22 (big blind) showed [Qd 2h] and lost with One pair : Queens
Seat 6: Eskahel (small blind) showed [5c Tc] and won 57000 with Flush Ten high


Winamax Poker - Tournament "Kill The Fish" buyIn: 0.90€ + 0.10€ level: 14 - HandId: #3075683323989721106-110-1701617060 - Holdem no limit (250/1000/2000) - 2023/12/03 15:24:20 UTC
Table: 'Kill The Fish(716113328)#017' 6-max (real money) Seat #6 is the button
Seat 1: NH_Sniper22 (73197, 0.67€ bounty)
Seat 2: P1xel7 (67553, 0.89€ bounty)
Seat 3: wmx-khqdm5g (40500, 0.67€ bounty)
Seat 4: PecheALaMoru (62379, 1.33€ bounty)
Seat 5: NeverDry (86922, 1.33€ bounty)
Seat 6: Eskahel (94172, 1.66€ bounty)
*** ANTE/BLINDS ***
NH_Sniper22 posts ante 250
P1xel7 posts ante 250
wmx-khqdm5g posts ante 250
PecheALaMoru posts ante 250
NeverDry posts ante 250
Eskahel posts ante 250
NH_Sniper22 posts small blind 1000
P1xel7 posts big blind 2000
Dealt to P1xel7 [Jh Tc]
*** PRE-FLOP *** 
wmx-khqdm5g calls 2000
PecheALaMoru folds
NeverDry folds
Eskahel folds
NH_Sniper22 calls 1000
P1xel7 checks
*** FLOP *** [7d 7h 5d]
NH_Sniper22 checks
P1xel7 checks
wmx-khqdm5g checks
*** TURN *** [7d 7h 5d][2s]
NH_Sniper22 checks
P1xel7 bets 2625
wmx-khqdm5g calls 2625
NH_Sniper22 calls 2625
*** RIVER *** [7d 7h 5d 2s][5s]
NH_Sniper22 checks
P1xel7 bets 5381
wmx-khqdm5g folds
NH_Sniper22 folds
P1xel7 collected 20756 from pot
*** SUMMARY ***
Total pot 20756 | No rake
Board: [7d 7h 5d 2s 5s]
Seat 2: P1xel7 (big blind) won 20756


Winamax Poker - Tournament "Kill The Fish" buyIn: 0.90€ + 0.10€ level: 14 - HandId: #3075683323989721106-111-1701617113 - Holdem no limit (250/1000/2000) - 2023/12/03 15:25:13 UTC
Table: 'Kill The Fish(716113328)#017' 6-max (real money) Seat #1 is the button
Seat 1: NH_Sniper22 (68322, 0.67€ bounty)
Seat 2: P1xel7 (78053, 0.89€ bounty)
Seat 3: wmx-khqdm5g (35625, 0.67€ bounty)
Seat 4: PecheALaMoru (62129, 1.33€ bounty)
Seat 5: NeverDry (86672, 1.33€ bounty)
Seat 6: Eskahel (93922, 1.66€ bounty)
*** ANTE/BLINDS ***
P1xel7 posts ante 250
wmx-khqdm5g posts ante 250
NH_Sniper22 posts ante 250
PecheALaMoru posts ante 250
NeverDry posts ante 250
Eskahel posts ante 250
P1xel7 posts small blind 1000
wmx-khqdm5g posts big blind 2000
Dealt to P1xel7 [Td 6s]
*** PRE-FLOP *** 
PecheALaMoru folds
NeverDry folds
Eskahel folds
NH_Sniper22 folds
P1xel7 folds
wmx-khqdm5g collected 4500 from pot
*** SUMMARY ***
Total pot 4500 | No rake
Seat 3: wmx-khqdm5g (big blind) won 4500


Winamax Poker - Tournament "Kill The Fish" buyIn: 0.90€ + 0.10€ level: 14 - HandId: #3075683323989721106-112-1701617139 - Holdem no limit (250/1000/2000) - 2023/12/03 15:25:39 UTC
Table: 'Kill The Fish(716113328)#017' 6-max (real money) Seat #2 is the button
Seat 1: NH_Sniper22 (68072, 0.67€ bounty)
Seat 2: P1xel7 (76803, 0.89€ bounty)
Seat 3: wmx-khqdm5g (37875, 0.67€ bounty)
Seat 4: PecheALaMoru (61879, 1.33€ bounty)
Seat 5: NeverDry (86422, 1.33€ bounty)
Seat 6: Eskahel (93672, 1.66€ bounty)
*** ANTE/BLINDS ***
wmx-khqdm5g posts ante 250
PecheALaMoru posts ante 250
NH_Sniper22 posts ante 250
P1xel7 posts ante 250
NeverDry posts ante 250
Eskahel posts ante 250
wmx-khqdm5g posts small blind 1000
PecheALaMoru posts big blind 2000
Dealt to P1xel7 [3h 8d]
*** PRE-FLOP *** 
NeverDry folds
Eskahel folds
NH_Sniper22 calls 2000
P1xel7 folds
wmx-khqdm5g raises 7500 to 9500
PecheALaMoru folds
NH_Sniper22 folds
wmx-khqdm5g collected 15000 from pot
*** SUMMARY ***
Total pot 15000 | No rake
Seat 3: wmx-khqdm5g (small blind) won 15000


Winamax Poker - Tournament "Kill The Fish" buyIn: 0.90€ + 0.10€ level: 14 - HandId: #3075683323989721106-113-1701617170 - Holdem no limit (250/1000/2000) - 2023/12/03 15:26:10 UTC
Table: 'Kill The Fish(716113328)#017' 6-max (real money) Seat #3 is the button
Seat 1: NH_Sniper22 (65822, 0.67€ bounty)
Seat 2: P1xel7 (76553, 0.89€ bounty)
Seat 3: wmx-khqdm5g (43125, 0.67€ bounty)
Seat 4: PecheALaMoru (59629, 1.33€ bounty)
Seat 5: NeverDry (86172, 1.33€ bounty)
Seat 6: Eskahel (93422, 1.66€ bounty)
*** ANTE/BLINDS ***
PecheALaMoru posts ante 250
NeverDry posts ante 250
NH_Sniper22 posts ante 250
P1xel7 posts ante 250
wmx-khqdm5g posts ante 250
Eskahel posts ante 250
PecheALaMoru posts small blind 1000
NeverDry posts big blind 2000
Dealt to P1xel7 [Ad 8h]
*** PRE-FLOP *** 
Eskahel raises 2000 to 4000
NH_Sniper22 folds
P1xel7 folds
wmx-khqdm5g folds
PecheALaMoru calls 3000
NeverDry calls 2000
*** FLOP *** [4d Jh 5c]
PecheALaMoru checks
NeverDry checks
Eskahel bets 3375
PecheALaMoru folds
NeverDry folds
Eskahel collected 16875 from pot
*** SUMMARY ***
Total pot 16875 | No rake
Board: [4d Jh 5c]
Seat 6: Eskahel won 16875


Winamax Poker - Tournament "Kill The Fish" buyIn: 0.90€ + 0.10€ level: 15 - HandId: #3075683323989721106-114-1701617230 - Holdem no limit (300/1250/2500) - 2023/12/03 15:27:10 UTC
Table: 'Kill The Fish(716113328)#017' 6-max (real money) Seat #4 is the button
Seat 1: NH_Sniper22 (65572, 0.67€ bounty)
Seat 2: P1xel7 (76303, 0.89€ bounty)
Seat 3: wmx-khqdm5g (42875, 0.67€ bounty)
Seat 4: PecheALaMoru (55379, 1.33€ bounty)
Seat 5: NeverDry (81922, 1.33€ bounty)
Seat 6: Eskahel (102672, 1.66€ bounty)
*** ANTE/BLINDS ***
NeverDry posts ante 300
Eskahel posts ante 300
NH_Sniper22 posts ante 300
P1xel7 posts ante 300
wmx-khqdm5g posts ante 300
PecheALaMoru posts ante 300
NeverDry posts small blind 1250
Eskahel posts big blind 2500
Dealt to P1xel7 [9d Ah]
*** PRE-FLOP *** 
NH_Sniper22 folds
P1xel7 raises 3750 to 6250
wmx-khqdm5g folds
PecheALaMoru raises 48829 to 55079 and is all-in
NeverDry folds
Eskahel folds
P1xel7 folds
PecheALaMoru collected 66879 from pot
*** SUMMARY ***
Total pot 66879 | No rake
Seat 4: PecheALaMoru (button) won 66879


Winamax Poker - Tournament "Kill The Fish" buyIn: 0.90€ + 0.10€ level: 15 - HandId: #3075683323989721106-115-1701617275 - Holdem no limit (300/1250/2500) - 2023/12/03 15:27:55 UTC
Table: 'Kill The Fish(716113328)#017' 6-max (real money) Seat #5 is the button
Seat 1: NH_Sniper22 (65272, 0.67€ bounty)
Seat 2: P1xel7 (69753, 0.89€ bounty)
Seat 3: wmx-khqdm5g (42575, 0.67€ bounty)
Seat 4: PecheALaMoru (66879, 1.33€ bounty)
Seat 5: NeverDry (80372, 1.33€ bounty)
Seat 6: Eskahel (99872, 1.66€ bounty)
*** ANTE/BLINDS ***
Eskahel posts ante 300
NH_Sniper22 posts ante 300
P1xel7 posts ante 300
wmx-khqdm5g posts ante 300
PecheALaMoru posts ante 300
NeverDry posts ante 300
Eskahel posts small blind 1250
NH_Sniper22 posts big blind 2500
Dealt to P1xel7 [3d 5c]
*** PRE-FLOP *** 
P1xel7 folds
wmx-khqdm5g raises 39775 to 42275 and is all-in
PecheALaMoru folds
NeverDry folds
Eskahel folds
NH_Sniper22 folds
wmx-khqdm5g collected 47825 from pot
*** SUMMARY ***
Total pot 47825 | No rake
Seat 3: wmx-khqdm5g won 47825


Winamax Poker - Tournament "Kill The Fish" buyIn: 0.90€ + 0.10€ level: 15 - HandId: #3075683323989721106-116-1701617301 - Holdem no limit (300/1250/2500) - 2023/12/03 15:28:21 UTC
Table: 'Kill The Fish(716113328)#017' 6-max (real money) Seat #6 is the button
Seat 1: NH_Sniper22 (62472, 0.67€ bounty)
Seat 2: P1xel7 (69453, 0.89€ bounty)
Seat 3: wmx-khqdm5g (47825, 0.67€ bounty)
Seat 4: PecheALaMoru (66579, 1.33€ bounty)
Seat 5: NeverDry (80072, 1.33€ bounty)
Seat 6: Eskahel (98322, 1.66€ bounty)
*** ANTE/BLINDS ***
NH_Sniper22 posts ante 300
P1xel7 posts ante 300
wmx-khqdm5g posts ante 300
PecheALaMoru posts ante 300
NeverDry posts ante 300
Eskahel posts ante 300
NH_Sniper22 posts small blind 1250
P1xel7 posts big blind 2500
Dealt to P1xel7 [Th 8c]
*** PRE-FLOP *** 
wmx-khqdm5g raises 45025 to 47525 and is all-in
PecheALaMoru folds
NeverDry folds
Eskahel folds
NH_Sniper22 folds
P1xel7 folds
wmx-khqdm5g collected 53075 from pot
*** SUMMARY ***
Total pot 53075 | No rake
Seat 3: wmx-khqdm5g won 53075


Winamax Poker - Tournament "Kill The Fish" buyIn: 0.90€ + 0.10€ level: 15 - HandId: #3075683323989721106-117-1701617325 - Holdem no limit (300/1250/2500) - 2023/12/03 15:28:45 UTC
Table: 'Kill The Fish(716113328)#017' 6-max (real money) Seat #1 is the button
Seat 1: NH_Sniper22 (60922, 0.67€ bounty)
Seat 2: P1xel7 (66653, 0.89€ bounty)
Seat 3: wmx-khqdm5g (53075, 0.67€ bounty)
Seat 4: PecheALaMoru (66279, 1.33€ bounty)
Seat 5: NeverDry (79772, 1.33€ bounty)
Seat 6: Eskahel (98022, 1.66€ bounty)
*** ANTE/BLINDS ***
P1xel7 posts ante 300
wmx-khqdm5g posts ante 300
NH_Sniper22 posts ante 300
PecheALaMoru posts ante 300
NeverDry posts ante 300
Eskahel posts ante 300
P1xel7 posts small blind 1250
wmx-khqdm5g posts big blind 2500
Dealt to P1xel7 [3s Kh]
*** PRE-FLOP *** 
PecheALaMoru folds
NeverDry raises 3125 to 5625
Eskahel folds
NH_Sniper22 calls 5625
P1xel7 folds
wmx-khqdm5g calls 3125
*** FLOP *** [9d 6s 3d]
wmx-khqdm5g checks
NeverDry checks
NH_Sniper22 checks
*** TURN *** [9d 6s 3d][2s]
wmx-khqdm5g checks
NeverDry checks
NH_Sniper22 bets 54997 and is all-in
wmx-khqdm5g folds
NeverDry folds
NH_Sniper22 collected 74922 from pot
*** SUMMARY ***
Total pot 74922 | No rake
Board: [9d 6s 3d 2s]
Seat 1: NH_Sniper22 (button) won 74922


Winamax Poker - Tournament "Kill The Fish" buyIn: 0.90€ + 0.10€ level: 15 - HandId: #3075683323989721106-118-1701617379 - Holdem no limit (300/1250/2500) - 2023/12/03 15:29:39 UTC
Table: 'Kill The Fish(716113328)#017' 6-max (real money) Seat #2 is the button
Seat 1: NH_Sniper22 (74922, 0.67€ bounty)
Seat 2: P1xel7 (65103, 0.89€ bounty)
Seat 3: wmx-khqdm5g (47150, 0.67€ bounty)
Seat 4: PecheALaMoru (65979, 1.33€ bounty)
Seat 5: NeverDry (73847, 1.33€ bounty)
Seat 6: Eskahel (97722, 1.66€ bounty)
*** ANTE/BLINDS ***
wmx-khqdm5g posts ante 300
PecheALaMoru posts ante 300
NH_Sniper22 posts ante 300
P1xel7 posts ante 300
NeverDry posts ante 300
Eskahel posts ante 300
wmx-khqdm5g posts small blind 1250
PecheALaMoru posts big blind 2500
Dealt to P1xel7 [4h 4c]
*** PRE-FLOP *** 
NeverDry calls 2500
Eskahel folds
NH_Sniper22 folds
P1xel7 raises 7500 to 10000
wmx-khqdm5g folds
PecheALaMoru folds
NeverDry calls 7500
*** FLOP *** [Kd Kc Ah]
NeverDry bets 63547 and is all-in
P1xel7 folds
NeverDry collected 89097 from pot
*** SUMMARY ***
Total pot 89097 | No rake
Board: [Kd Kc Ah]
Seat 5: NeverDry won 89097


Winamax Poker - Tournament "Kill The Fish" buyIn: 0.90€ + 0.10€ level: 15 - HandId: #3075683323989721106-119-1701617415 - Holdem no limit (300/1250/2500) - 2023/12/03 15:30:15 UTC
Table: 'Kill The Fish(716113328)#017' 6-max (real money) Seat #3 is the button
Seat 1: NH_Sniper22 (74622, 0.67€ bounty)
Seat 2: P1xel7 (54803, 0.89€ bounty)
Seat 3: wmx-khqdm5g (45600, 0.67€ bounty)
Seat 4: PecheALaMoru (63179, 1.33€ bounty)
Seat 5: NeverDry (89097, 1.33€ bounty)
Seat 6: Eskahel (97422, 1.66€ bounty)
*** ANTE/BLINDS ***
PecheALaMoru posts ante 300
NeverDry posts ante 300
NH_Sniper22 posts ante 300
P1xel7 posts ante 300
wmx-khqdm5g posts ante 300
Eskahel posts ante 300
PecheALaMoru posts small blind 1250
NeverDry posts big blind 2500
Dealt to P1xel7 [6d Qh]
*** PRE-FLOP *** 
Eskahel folds
NH_Sniper22 folds
P1xel7 folds
wmx-khqdm5g folds
PecheALaMoru folds
NeverDry collected 5550 from pot
*** SUMMARY ***
Total pot 5550 | No rake
Seat 5: NeverDry (big blind) won 5550


Winamax Poker - Tournament "Kill The Fish" buyIn: 0.90€ + 0.10€ level: 15 - HandId: #3075683323989721106-120-1701617435 - Holdem no limit (300/1250/2500) - 2023/12/03 15:30:35 UTC
Table: 'Kill The Fish(716113328)#017' 6-max (real money) Seat #4 is the button
Seat 1: NH_Sniper22 (74322, 0.67€ bounty)
Seat 2: P1xel7 (54503, 0.89€ bounty)
Seat 3: wmx-khqdm5g (45300, 0.67€ bounty)
Seat 4: PecheALaMoru (61629, 1.33€ bounty)
Seat 5: NeverDry (91847, 1.33€ bounty)
Seat 6: Eskahel (97122, 1.66€ bounty)
*** ANTE/BLINDS ***
NeverDry posts ante 300
Eskahel posts ante 300
NH_Sniper22 posts ante 300
P1xel7 posts ante 300
wmx-khqdm5g posts ante 300
PecheALaMoru posts ante 300
NeverDry posts small blind 1250
Eskahel posts big blind 2500
Dealt to P1xel7 [Ks Qs]
*** PRE-FLOP *** 
NH_Sniper22 folds
P1xel7 raises 3000 to 5500
wmx-khqdm5g raises 39500 to 45000 and is all-in
PecheALaMoru raises 16329 to 61329 and is all-in
NeverDry folds
Eskahel folds
P1xel7 folds
*** FLOP *** [7s Jh 8d]
*** TURN *** [7s Jh 8d][Ac]
*** RIVER *** [7s Jh 8d Ac][8c]
*** SHOW DOWN ***
wmx-khqdm5g shows [5c 5s] (Two pairs : 8 and 5)
PecheALaMoru shows [Jd Ad] (Two pairs : Aces and Jacks)
PecheALaMoru collected 117379 from pot
*** SUMMARY ***
Total pot 117379 | No rake
Board: [7s Jh 8d Ac 8c]
Seat 3: wmx-khqdm5g showed [5c 5s] and lost with Two pairs : 8 and 5
Seat 4: PecheALaMoru (button) showed [Jd Ad] and won 117379 with Two pairs : Aces and Jacks


Winamax Poker - Tournament "Kill The Fish" buyIn: 0.90€ + 0.10€ level: 15 - HandId: #3075683323989721106-121-1701617477 - Holdem no limit (300/1250/2500) - 2023/12/03 15:31:17 UTC
Table: 'Kill The Fish(716113328)#017' 6-max (real money) Seat #5 is the button
Seat 1: NH_Sniper22 (74022, 0.67€ bounty)
Seat 2: P1xel7 (48703, 0.89€ bounty)
Seat 4: PecheALaMoru (117379, 1.66€ bounty)
Seat 5: NeverDry (90297, 1.33€ bounty)
Seat 6: Eskahel (94322, 1.66€ bounty)
*** ANTE/BLINDS ***
Eskahel posts ante 300
NH_Sniper22 posts ante 300
P1xel7 posts ante 300
PecheALaMoru posts ante 300
NeverDry posts ante 300
Eskahel posts small blind 1250
NH_Sniper22 posts big blind 2500
Dealt to P1xel7 [9c Ad]
*** PRE-FLOP *** 
P1xel7 raises 3000 to 5500
PecheALaMoru calls 5500
NeverDry calls 5500
Eskahel folds
NH_Sniper22 folds
*** FLOP *** [Qc 2h 7d]
P1xel7 bets 14138
PecheALaMoru folds
NeverDry folds
P1xel7 collected 35888 from pot
*** SUMMARY ***
Total pot 35888 | No rake
Board: [Qc 2h 7d]
Seat 2: P1xel7 won 35888


Winamax Poker - Tournament "Kill The Fish" buyIn: 0.90€ + 0.10€ level: 15 - HandId: #3075683323989721106-122-1701617505 - Holdem no limit (300/1250/2500) - 2023/12/03 15:31:45 UTC
Table: 'Kill The Fish(716113328)#017' 6-max (real money) Seat #6 is the button
Seat 1: NH_Sniper22 (71222, 0.67€ bounty)
Seat 2: P1xel7 (64653, 0.89€ bounty)
Seat 3: 9-Phoenix-9 (94880, 0.67€ bounty)
Seat 4: PecheALaMoru (111579, 1.66€ bounty)
Seat 5: NeverDry (84497, 1.33€ bounty)
Seat 6: Eskahel (92772, 1.66€ bounty)
*** ANTE/BLINDS ***
NH_Sniper22 posts ante 300
P1xel7 posts ante 300
9-Phoenix-9 posts ante 300
PecheALaMoru posts ante 300
NeverDry posts ante 300
Eskahel posts ante 300
NH_Sniper22 posts small blind 1250
P1xel7 posts big blind 2500
Dealt to P1xel7 [5s 6s]
*** PRE-FLOP *** 
9-Phoenix-9 folds
PecheALaMoru folds
NeverDry folds
Eskahel raises 2500 to 5000
NH_Sniper22 calls 3750
P1xel7 calls 2500
*** FLOP *** [2s 9d Kd]
NH_Sniper22 checks
P1xel7 checks
Eskahel checks
*** TURN *** [2s 9d Kd][3h]
NH_Sniper22 bets 3750
P1xel7 folds
Eskahel folds
NH_Sniper22 collected 20550 from pot
*** SUMMARY ***
Total pot 20550 | No rake
Board: [2s 9d Kd 3h]
Seat 1: NH_Sniper22 (small blind) won 20550


Winamax Poker - Tournament "Kill The Fish" buyIn: 0.90€ + 0.10€ level: 16 - HandId: #3075683323989721106-123-1701617570 - Holdem no limit (350/1500/3000) - 2023/12/03 15:32:50 UTC
Table: 'Kill The Fish(716113328)#017' 6-max (real money) Seat #1 is the button
Seat 1: NH_Sniper22 (82722, 0.67€ bounty)
Seat 2: P1xel7 (59353, 0.89€ bounty)
Seat 3: 9-Phoenix-9 (94580, 0.67€ bounty)
Seat 4: PecheALaMoru (111279, 1.66€ bounty)
Seat 5: NeverDry (84197, 1.33€ bounty)
Seat 6: Eskahel (87472, 1.66€ bounty)
*** ANTE/BLINDS ***
P1xel7 posts ante 350
9-Phoenix-9 posts ante 350
NH_Sniper22 posts ante 350
PecheALaMoru posts ante 350
NeverDry posts ante 350
Eskahel posts ante 350
P1xel7 posts small blind 1500
9-Phoenix-9 posts big blind 3000
Dealt to P1xel7 [4s 3h]
*** PRE-FLOP *** 
PecheALaMoru calls 3000
NeverDry raises 6000 to 9000
Eskahel folds
NH_Sniper22 folds
P1xel7 folds
9-Phoenix-9 folds
PecheALaMoru raises 24600 to 33600
NeverDry raises 50247 to 83847 and is all-in
PecheALaMoru calls 50247
*** FLOP *** [8s 3s Ad]
*** TURN *** [8s 3s Ad][Jd]
*** RIVER *** [8s 3s Ad Jd][Ts]
*** SHOW DOWN ***
PecheALaMoru shows [Kc Kh] (One pair : Kings)
NeverDry shows [Jc Ah] (Two pairs : Aces and Jacks)
NeverDry collected 174294 from pot
*** SUMMARY ***
Total pot 174294 | No rake
Board: [8s 3s Ad Jd Ts]
Seat 4: PecheALaMoru showed [Kc Kh] and lost with One pair : Kings
Seat 5: NeverDry showed [Jc Ah] and won 174294 with Two pairs : Aces and Jacks


Winamax Poker - Tournament "Kill The Fish" buyIn: 0.90€ + 0.10€ level: 16 - HandId: #3075683323989721106-124-1701617625 - Holdem no limit (350/1500/3000) - 2023/12/03 15:33:45 UTC
Table: 'Kill The Fish(716113328)#017' 6-max (real money) Seat #2 is the button
Seat 1: NH_Sniper22 (82372, 0.67€ bounty)
Seat 2: P1xel7 (57503, 0.89€ bounty)
Seat 3: 9-Phoenix-9 (91230, 0.67€ bounty)
Seat 4: PecheALaMoru (27082, 1.66€ bounty)
Seat 5: NeverDry (174294, 1.33€ bounty)
Seat 6: Eskahel (87122, 1.66€ bounty)
*** ANTE/BLINDS ***
9-Phoenix-9 posts ante 350
PecheALaMoru posts ante 350
NH_Sniper22 posts ante 350
P1xel7 posts ante 350
NeverDry posts ante 350
Eskahel posts ante 350
9-Phoenix-9 posts small blind 1500
PecheALaMoru posts big blind 3000
Dealt to P1xel7 [4d 9c]
*** PRE-FLOP *** 
NeverDry folds
Eskahel raises 3000 to 6000
NH_Sniper22 calls 6000
P1xel7 folds
9-Phoenix-9 folds
PecheALaMoru calls 3000
*** FLOP *** [Ks 7s Qh]
PecheALaMoru checks
Eskahel bets 10800
NH_Sniper22 folds
PecheALaMoru folds
Eskahel collected 32400 from pot
*** SUMMARY ***
Total pot 32400 | No rake
Board: [Ks 7s Qh]
Seat 6: Eskahel won 32400


Winamax Poker - Tournament "Kill The Fish" buyIn: 0.90€ + 0.10€ level: 16 - HandId: #3075683323989721106-125-1701617673 - Holdem no limit (350/1500/3000) - 2023/12/03 15:34:33 UTC
Table: 'Kill The Fish(716113328)#017' 6-max (real money) Seat #3 is the button
Seat 1: NH_Sniper22 (76022, 0.67€ bounty)
Seat 2: P1xel7 (57153, 0.89€ bounty)
Seat 3: 9-Phoenix-9 (89380, 0.67€ bounty)
Seat 4: PecheALaMoru (20732, 1.66€ bounty)
Seat 5: NeverDry (173944, 1.33€ bounty)
Seat 6: Eskahel (102372, 1.66€ bounty)
*** ANTE/BLINDS ***
PecheALaMoru posts ante 350
NeverDry posts ante 350
NH_Sniper22 posts ante 350
P1xel7 posts ante 350
9-Phoenix-9 posts ante 350
Eskahel posts ante 350
PecheALaMoru posts small blind 1500
NeverDry posts big blind 3000
Dealt to P1xel7 [3h Kc]
*** PRE-FLOP *** 
Eskahel folds
NH_Sniper22 folds
P1xel7 folds
9-Phoenix-9 folds
PecheALaMoru raises 17382 to 20382 and is all-in
NeverDry calls 17382
*** FLOP *** [3d 7c 4d]
*** TURN *** [3d 7c 4d][2d]
*** RIVER *** [3d 7c 4d 2d][5h]
*** SHOW DOWN ***
PecheALaMoru shows [9h 8d] (High card : 9)
NeverDry shows [6c 6s] (Straight 7 high)
NeverDry collected 42864 from pot
*** SUMMARY ***
Total pot 42864 | No rake
Board: [3d 7c 4d 2d 5h]
Seat 4: PecheALaMoru (small blind) showed [9h 8d] and lost with High card : 9
Seat 5: NeverDry (big blind) showed [6c 6s] and won 42864 with Straight 7 high


Winamax Poker - Tournament "Kill The Fish" buyIn: 0.90€ + 0.10€ level: 16 - HandId: #3075683323989721106-126-1701617699 - Holdem no limit (350/1500/3000) - 2023/12/03 15:34:59 UTC
Table: 'Kill The Fish(716113328)#017' 6-max (real money) Seat #4 is the button
Seat 1: NH_Sniper22 (75672, 0.67€ bounty)
Seat 2: P1xel7 (56803, 0.89€ bounty)
Seat 3: 9-Phoenix-9 (89030, 0.67€ bounty)
Seat 5: NeverDry (196076, 2.16€ bounty)
Seat 6: Eskahel (102022, 1.66€ bounty)
*** ANTE/BLINDS ***
NeverDry posts ante 350
Eskahel posts ante 350
NH_Sniper22 posts ante 350
P1xel7 posts ante 350
9-Phoenix-9 posts ante 350
NeverDry posts small blind 1500
Eskahel posts big blind 3000
Dealt to P1xel7 [7d Td]
*** PRE-FLOP *** 
NH_Sniper22 folds
P1xel7 folds
9-Phoenix-9 folds
NeverDry raises 3000 to 6000
Eskahel calls 3000
*** FLOP *** [As 3d 5d]
NeverDry bets 6875
Eskahel folds
NeverDry collected 20625 from pot
*** SUMMARY ***
Total pot 20625 | No rake
Board: [As 3d 5d]
Seat 5: NeverDry (small blind) won 20625


Winamax Poker - Tournament "Kill The Fish" buyIn: 0.90€ + 0.10€ level: 16 - HandId: #3075683323989721106-127-1701617752 - Holdem no limit (350/1500/3000) - 2023/12/03 15:35:52 UTC
Table: 'Kill The Fish(716113328)#017' 6-max (real money) Seat #5 is the button
Seat 1: NH_Sniper22 (75322, 0.67€ bounty)
Seat 2: P1xel7 (56453, 0.89€ bounty)
Seat 3: 9-Phoenix-9 (88680, 0.67€ bounty)
Seat 5: NeverDry (203476, 2.16€ bounty)
Seat 6: Eskahel (95672, 1.66€ bounty)
*** ANTE/BLINDS ***
Eskahel posts ante 350
NH_Sniper22 posts ante 350
P1xel7 posts ante 350
9-Phoenix-9 posts ante 350
NeverDry posts ante 350
Eskahel posts small blind 1500
NH_Sniper22 posts big blind 3000
Dealt to P1xel7 [5h 7h]
*** PRE-FLOP *** 
P1xel7 folds
9-Phoenix-9 folds
NeverDry calls 3000
Eskahel folds
NH_Sniper22 checks
*** FLOP *** [5s 8d Jh]
NH_Sniper22 checks
NeverDry checks
*** TURN *** [5s 8d Jh][Ac]
NH_Sniper22 checks
NeverDry checks
*** RIVER *** [5s 8d Jh Ac][Qs]
NH_Sniper22 checks
NeverDry checks
*** SHOW DOWN ***
NH_Sniper22 shows [6c Td] (High card : Ace)
NeverDry shows [3c 3s] (One pair : 3)
NeverDry collected 9250 from pot
*** SUMMARY ***
Total pot 9250 | No rake
Board: [5s 8d Jh Ac Qs]
Seat 1: NH_Sniper22 (big blind) showed [6c Td] and lost with High card : Ace
Seat 5: NeverDry (button) showed [3c 3s] and won 9250 with One pair : 3


Winamax Poker - Tournament "Kill The Fish" buyIn: 0.90€ + 0.10€ level: 16 - HandId: #3075683323989721106-128-1701617794 - Holdem no limit (350/1500/3000) - 2023/12/03 15:36:34 UTC
Table: 'Kill The Fish(716113328)#017' 6-max (real money) Seat #6 is the button
Seat 1: NH_Sniper22 (71972, 0.67€ bounty)
Seat 2: P1xel7 (56103, 0.89€ bounty)
Seat 3: 9-Phoenix-9 (88330, 0.67€ bounty)
Seat 5: NeverDry (209376, 2.16€ bounty)
Seat 6: Eskahel (93822, 1.66€ bounty)
*** ANTE/BLINDS ***
NH_Sniper22 posts ante 350
P1xel7 posts ante 350
9-Phoenix-9 posts ante 350
NeverDry posts ante 350
Eskahel posts ante 350
NH_Sniper22 posts small blind 1500
P1xel7 posts big blind 3000
Dealt to P1xel7 [3d 5c]
*** PRE-FLOP *** 
9-Phoenix-9 folds
NeverDry folds
Eskahel folds
NH_Sniper22 calls 1500
P1xel7 checks
*** FLOP *** [3c 8d 2c]
NH_Sniper22 checks
P1xel7 bets 5038
NH_Sniper22 folds
P1xel7 collected 12788 from pot
*** SUMMARY ***
Total pot 12788 | No rake
Board: [3c 8d 2c]
Seat 2: P1xel7 (big blind) won 12788


Winamax Poker - Tournament "Kill The Fish" buyIn: 0.90€ + 0.10€ level: 17 - HandId: #3075683323989721106-129-1701617830 - Holdem no limit (400/1750/3500) - 2023/12/03 15:37:10 UTC
Table: 'Kill The Fish(716113328)#017' 6-max (real money) Seat #1 is the button
Seat 1: NH_Sniper22 (68622, 0.67€ bounty)
Seat 2: P1xel7 (60503, 0.89€ bounty)
Seat 3: 9-Phoenix-9 (87980, 0.67€ bounty)
Seat 5: NeverDry (209026, 2.16€ bounty)
Seat 6: Eskahel (93472, 1.66€ bounty)
*** ANTE/BLINDS ***
P1xel7 posts ante 400
9-Phoenix-9 posts ante 400
NH_Sniper22 posts ante 400
NeverDry posts ante 400
Eskahel posts ante 400
P1xel7 posts small blind 1750
9-Phoenix-9 posts big blind 3500
Dealt to P1xel7 [8h 9h]
*** PRE-FLOP *** 
NeverDry folds
Eskahel folds
NH_Sniper22 folds
P1xel7 raises 3500 to 7000
9-Phoenix-9 folds
P1xel7 collected 12500 from pot
*** SUMMARY ***
Total pot 12500 | No rake
Seat 2: P1xel7 (small blind) won 12500


Winamax Poker - Tournament "Kill The Fish" buyIn: 0.90€ + 0.10€ level: 17 - HandId: #3075683323989721097-106-1701617933 - Holdem no limit (400/1750/3500) - 2023/12/03 15:38:53 UTC
Table: 'Kill The Fish(716113328)#008' 6-max (real money) Seat #6 is the button
Seat 1: barilours (54705, 0.67€ bounty)
Seat 2: MIRESTO777 (141438, 1.44€ bounty)
Seat 3: bidoc69 (93051, 0.67€ bounty)
Seat 4: Perfect Life (36972, 0.89€ bounty)
Seat 5: P1xel7 (65603, 0.89€ bounty)
Seat 6: lhandia AA (171300, 1€ bounty)
*** ANTE/BLINDS ***
barilours posts ante 400
MIRESTO777 posts ante 400
bidoc69 posts ante 400
Perfect Life posts ante 400
P1xel7 posts ante 400
lhandia AA posts ante 400
barilours posts small blind 1750
MIRESTO777 posts big blind 3500
Dealt to P1xel7 [2h Kd]
*** PRE-FLOP *** 
bidoc69 calls 3500
Perfect Life raises 33072 to 36572 and is all-in
P1xel7 folds
lhandia AA folds
barilours folds
MIRESTO777 calls 33072
bidoc69 folds
*** FLOP *** [4h 5d 6s]
*** TURN *** [4h 5d 6s][Js]
*** RIVER *** [4h 5d 6s Js][8h]
*** SHOW DOWN ***
MIRESTO777 shows [Ad Th] (High card : Ace)
Perfect Life shows [Kh Ks] (One pair : Kings)
Perfect Life collected 80794 from pot
*** SUMMARY ***
Total pot 80794 | No rake
Board: [4h 5d 6s Js 8h]
Seat 2: MIRESTO777 (big blind) showed [Ad Th] and lost with High card : Ace
Seat 4: Perfect Life showed [Kh Ks] and won 80794 with One pair : Kings


Winamax Poker - Tournament "Kill The Fish" buyIn: 0.90€ + 0.10€ level: 17 - HandId: #3075683323989721097-107-1701617960 - Holdem no limit (400/1750/3500) - 2023/12/03 15:39:20 UTC
Table: 'Kill The Fish(716113328)#008' 6-max (real money) Seat #1 is the button
Seat 1: barilours (52555, 0.67€ bounty)
Seat 2: MIRESTO777 (104466, 1.44€ bounty)
Seat 3: bidoc69 (89151, 0.67€ bounty)
Seat 4: Perfect Life (80794, 0.89€ bounty)
Seat 5: P1xel7 (65203, 0.89€ bounty)
Seat 6: lhandia AA (170900, 1€ bounty)
*** ANTE/BLINDS ***
MIRESTO777 posts ante 400
bidoc69 posts ante 400
barilours posts ante 400
Perfect Life posts ante 400
P1xel7 posts ante 400
lhandia AA posts ante 400
MIRESTO777 posts small blind 1750
bidoc69 posts big blind 3500
Dealt to P1xel7 [Ks 4c]
*** PRE-FLOP *** 
Perfect Life folds
P1xel7 folds
lhandia AA folds
barilours folds
MIRESTO777 raises 100566 to 104066 and is all-in
bidoc69 folds
MIRESTO777 collected 109966 from pot
*** SUMMARY ***
Total pot 109966 | No rake
Seat 2: MIRESTO777 (small blind) won 109966


Winamax Poker - Tournament "Kill The Fish" buyIn: 0.90€ + 0.10€ level: 17 - HandId: #3075683323989721097-108-1701617983 - Holdem no limit (400/1750/3500) - 2023/12/03 15:39:43 UTC
Table: 'Kill The Fish(716113328)#008' 6-max (real money) Seat #2 is the button
Seat 1: barilours (52155, 0.67€ bounty)
Seat 2: MIRESTO777 (109966, 1.44€ bounty)
Seat 3: bidoc69 (85251, 0.67€ bounty)
Seat 4: Perfect Life (80394, 0.89€ bounty)
Seat 5: P1xel7 (64803, 0.89€ bounty)
Seat 6: lhandia AA (170500, 1€ bounty)
*** ANTE/BLINDS ***
bidoc69 posts ante 400
Perfect Life posts ante 400
barilours posts ante 400
MIRESTO777 posts ante 400
P1xel7 posts ante 400
lhandia AA posts ante 400
bidoc69 posts small blind 1750
Perfect Life posts big blind 3500
Dealt to P1xel7 [3d 3h]
*** PRE-FLOP *** 
P1xel7 raises 5250 to 8750
lhandia AA folds
barilours folds
MIRESTO777 folds
bidoc69 folds
Perfect Life folds
P1xel7 collected 16400 from pot
*** SUMMARY ***
Total pot 16400 | No rake
Seat 5: P1xel7 won 16400


Winamax Poker - Tournament "Kill The Fish" buyIn: 0.90€ + 0.10€ level: 17 - HandId: #3075683323989721097-109-1701618005 - Holdem no limit (400/1750/3500) - 2023/12/03 15:40:05 UTC
Table: 'Kill The Fish(716113328)#008' 6-max (real money) Seat #3 is the button
Seat 1: barilours (51755, 0.67€ bounty)
Seat 2: MIRESTO777 (109566, 1.44€ bounty)
Seat 3: bidoc69 (83101, 0.67€ bounty)
Seat 4: Perfect Life (76494, 0.89€ bounty)
Seat 5: P1xel7 (72053, 0.89€ bounty)
Seat 6: lhandia AA (170100, 1€ bounty)
*** ANTE/BLINDS ***
Perfect Life posts ante 400
P1xel7 posts ante 400
barilours posts ante 400
MIRESTO777 posts ante 400
bidoc69 posts ante 400
lhandia AA posts ante 400
Perfect Life posts small blind 1750
P1xel7 posts big blind 3500
Dealt to P1xel7 [5d 4s]
*** PRE-FLOP *** 
lhandia AA calls 3500
barilours folds
MIRESTO777 calls 3500
bidoc69 folds
Perfect Life calls 1750
P1xel7 checks
*** FLOP *** [7c Ks Kh]
Perfect Life checks
P1xel7 bets 5740
lhandia AA folds
MIRESTO777 folds
Perfect Life folds
P1xel7 collected 22140 from pot
*** SUMMARY ***
Total pot 22140 | No rake
Board: [7c Ks Kh]
Seat 5: P1xel7 (big blind) won 22140


Winamax Poker - Tournament "Kill The Fish" buyIn: 0.90€ + 0.10€ level: 17 - HandId: #3075683323989721097-110-1701618048 - Holdem no limit (400/1750/3500) - 2023/12/03 15:40:48 UTC
Table: 'Kill The Fish(716113328)#008' 6-max (real money) Seat #4 is the button
Seat 1: barilours (51355, 0.67€ bounty)
Seat 2: MIRESTO777 (105666, 1.44€ bounty)
Seat 3: bidoc69 (82701, 0.67€ bounty)
Seat 4: Perfect Life (72594, 0.89€ bounty)
Seat 5: P1xel7 (84553, 0.89€ bounty)
Seat 6: lhandia AA (166200, 1€ bounty)
*** ANTE/BLINDS ***
P1xel7 posts ante 400
lhandia AA posts ante 400
barilours posts ante 400
MIRESTO777 posts ante 400
bidoc69 posts ante 400
Perfect Life posts ante 400
P1xel7 posts small blind 1750
lhandia AA posts big blind 3500
Dealt to P1xel7 [Kd 7h]
*** PRE-FLOP *** 
barilours calls 3500
MIRESTO777 calls 3500
bidoc69 folds
Perfect Life calls 3500
P1xel7 folds
lhandia AA checks
*** FLOP *** [Ah 4d Qd]
lhandia AA checks
barilours bets 3500
MIRESTO777 calls 3500
Perfect Life calls 3500
lhandia AA calls 3500
*** TURN *** [Ah 4d Qd][4s]
lhandia AA checks
barilours bets 3500
MIRESTO777 folds
Perfect Life folds
lhandia AA calls 3500
*** RIVER *** [Ah 4d Qd 4s][8c]
lhandia AA checks
barilours checks
*** SHOW DOWN ***
barilours shows [Jd Qc] (Two pairs : Queens and 4)
lhandia AA shows [9d Qh] (Two pairs : Queens and 4)
lhandia AA collected 19575 from pot
barilours collected 19575 from pot
*** SUMMARY ***
Total pot 39150 | No rake
Board: [Ah 4d Qd 4s 8c]
Seat 1: barilours showed [Jd Qc] and won 19575 with Two pairs : Queens and 4
Seat 6: lhandia AA (big blind) showed [9d Qh] and won 19575 with Two pairs : Queens and 4


Winamax Poker - Tournament "Kill The Fish" buyIn: 0.90€ + 0.10€ level: 17 - HandId: #3075683323989721097-111-1701618101 - Holdem no limit (400/1750/3500) - 2023/12/03 15:41:41 UTC
Table: 'Kill The Fish(716113328)#008' 6-max (real money) Seat #5 is the button
Seat 1: barilours (60030, 0.67€ bounty)
Seat 2: MIRESTO777 (98266, 1.44€ bounty)
Seat 3: bidoc69 (82301, 0.67€ bounty)
Seat 4: Perfect Life (65194, 0.89€ bounty)
Seat 5: P1xel7 (82403, 0.89€ bounty)
Seat 6: lhandia AA (174875, 1€ bounty)
*** ANTE/BLINDS ***
lhandia AA posts ante 400
barilours posts ante 400
MIRESTO777 posts ante 400
bidoc69 posts ante 400
Perfect Life posts ante 400
P1xel7 posts ante 400
lhandia AA posts small blind 1750
barilours posts big blind 3500
Dealt to P1xel7 [Ah 8c]
*** PRE-FLOP *** 
MIRESTO777 folds
bidoc69 folds
Perfect Life folds
P1xel7 raises 5250 to 8750
lhandia AA folds
barilours calls 5250
*** FLOP *** [3d 4d Ac]
barilours checks
P1xel7 bets 7578
barilours calls 7578
*** TURN *** [3d 4d Ac][7s]
barilours checks
P1xel7 bets 65675 and is all-in
barilours folds
P1xel7 collected 102481 from pot
*** SUMMARY ***
Total pot 102481 | No rake
Board: [3d 4d Ac 7s]
Seat 5: P1xel7 (button) won 102481


Winamax Poker - Tournament "Kill The Fish" buyIn: 0.90€ + 0.10€ level: 18 - HandId: #3075683323989721097-112-1701618137 - Holdem no limit (500/2000/4000) - 2023/12/03 15:42:17 UTC
Table: 'Kill The Fish(716113328)#008' 6-max (real money) Seat #6 is the button
Seat 1: barilours (43302, 0.67€ bounty)
Seat 2: MIRESTO777 (97866, 1.44€ bounty)
Seat 3: bidoc69 (81901, 0.67€ bounty)
Seat 4: Perfect Life (64794, 0.89€ bounty)
Seat 5: P1xel7 (102481, 0.89€ bounty)
Seat 6: lhandia AA (172725, 1€ bounty)
*** ANTE/BLINDS ***
barilours posts ante 500
MIRESTO777 posts ante 500
bidoc69 posts ante 500
Perfect Life posts ante 500
P1xel7 posts ante 500
lhandia AA posts ante 500
barilours posts small blind 2000
MIRESTO777 posts big blind 4000
Dealt to P1xel7 [Kd Ac]
*** PRE-FLOP *** 
bidoc69 calls 4000
Perfect Life folds
P1xel7 raises 12000 to 16000
lhandia AA folds
barilours folds
MIRESTO777 folds
bidoc69 calls 12000
*** FLOP *** [5c 5d Jd]
bidoc69 checks
P1xel7 bets 10250
bidoc69 calls 10250
*** TURN *** [5c 5d Jd][7d]
bidoc69 checks
P1xel7 checks
*** RIVER *** [5c 5d Jd 7d][8s]
bidoc69 bets 39975
P1xel7 raises 35756 to 75731 and is all-in
bidoc69 calls 15176 and is all-in
*** SHOW DOWN ***
bidoc69 shows [9d Ad] (Flush Ace high)
P1xel7 shows [Kd Ac] (One pair : 5)
P1xel7 collected 20580 from side pot 1
bidoc69 collected 171802 from main pot
*** SUMMARY ***
Total pot 192382 | No rake
Board: [5c 5d Jd 7d 8s]
Seat 3: bidoc69 showed [9d Ad] and won 171802 with Flush Ace high
Seat 5: P1xel7 showed [Kd Ac] and won 20580 with One pair : 5


Winamax Poker - Tournament "Kill The Fish" buyIn: 0.90€ + 0.10€ level: 18 - HandId: #3075683323989721097-113-1701618190 - Holdem no limit (500/2000/4000) - 2023/12/03 15:43:10 UTC
Table: 'Kill The Fish(716113328)#008' 6-max (real money) Seat #1 is the button
Seat 1: barilours (40802, 0.67€ bounty)
Seat 2: MIRESTO777 (93366, 1.44€ bounty)
Seat 3: bidoc69 (171802, 0.67€ bounty)
Seat 4: Perfect Life (64294, 0.89€ bounty)
Seat 5: P1xel7 (20580, 0.89€ bounty)
Seat 6: lhandia AA (172225, 1€ bounty)
*** ANTE/BLINDS ***
MIRESTO777 posts ante 500
bidoc69 posts ante 500
barilours posts ante 500
Perfect Life posts ante 500
P1xel7 posts ante 500
lhandia AA posts ante 500
MIRESTO777 posts small blind 2000
bidoc69 posts big blind 4000
Dealt to P1xel7 [Ts Ac]
*** PRE-FLOP *** 
Perfect Life folds
P1xel7 raises 16080 to 20080 and is all-in
lhandia AA folds
barilours folds
MIRESTO777 folds
bidoc69 calls 16080
*** FLOP *** [4s 3s Kc]
*** TURN *** [4s 3s Kc][2c]
*** RIVER *** [4s 3s Kc 2c][5d]
*** SHOW DOWN ***
bidoc69 shows [7d 7h] (One pair : 7)
P1xel7 shows [Ts Ac] (Straight 5 high)
P1xel7 collected 45160 from pot
*** SUMMARY ***
Total pot 45160 | No rake
Board: [4s 3s Kc 2c 5d]
Seat 3: bidoc69 (big blind) showed [7d 7h] and lost with One pair : 7
Seat 5: P1xel7 showed [Ts Ac] and won 45160 with Straight 5 high


Winamax Poker - Tournament "Kill The Fish" buyIn: 0.90€ + 0.10€ level: 18 - HandId: #3075683323989721097-114-1701618217 - Holdem no limit (500/2000/4000) - 2023/12/03 15:43:37 UTC
Table: 'Kill The Fish(716113328)#008' 6-max (real money) Seat #2 is the button
Seat 1: barilours (40302, 0.67€ bounty)
Seat 2: MIRESTO777 (90866, 1.44€ bounty)
Seat 3: bidoc69 (151222, 0.67€ bounty)
Seat 4: Perfect Life (63794, 0.89€ bounty)
Seat 5: P1xel7 (45160, 0.89€ bounty)
Seat 6: lhandia AA (171725, 1€ bounty)
*** ANTE/BLINDS ***
bidoc69 posts ante 500
Perfect Life posts ante 500
barilours posts ante 500
MIRESTO777 posts ante 500
P1xel7 posts ante 500
lhandia AA posts ante 500
bidoc69 posts small blind 2000
Perfect Life posts big blind 4000
Dealt to P1xel7 [5d 5s]
*** PRE-FLOP *** 
P1xel7 raises 40660 to 44660 and is all-in
lhandia AA folds
barilours folds
MIRESTO777 folds
bidoc69 folds
Perfect Life folds
P1xel7 collected 53660 from pot
*** SUMMARY ***
Total pot 53660 | No rake
Seat 5: P1xel7 won 53660


Winamax Poker - Tournament "Kill The Fish" buyIn: 0.90€ + 0.10€ level: 18 - HandId: #3075683323989721097-115-1701618243 - Holdem no limit (500/2000/4000) - 2023/12/03 15:44:03 UTC
Table: 'Kill The Fish(716113328)#008' 6-max (real money) Seat #3 is the button
Seat 1: barilours (39802, 0.67€ bounty)
Seat 2: MIRESTO777 (90366, 1.44€ bounty)
Seat 3: bidoc69 (148722, 0.67€ bounty)
Seat 4: Perfect Life (59294, 0.89€ bounty)
Seat 5: P1xel7 (53660, 0.89€ bounty)
Seat 6: lhandia AA (171225, 1€ bounty)
*** ANTE/BLINDS ***
Perfect Life posts ante 500
P1xel7 posts ante 500
barilours posts ante 500
MIRESTO777 posts ante 500
bidoc69 posts ante 500
lhandia AA posts ante 500
Perfect Life posts small blind 2000
P1xel7 posts big blind 4000
Dealt to P1xel7 [Qh Kh]
*** PRE-FLOP *** 
lhandia AA folds
barilours calls 4000
MIRESTO777 folds
bidoc69 calls 4000
Perfect Life calls 2000
P1xel7 checks
*** FLOP *** [2c 4d Kc]
Perfect Life checks
P1xel7 bets 49160 and is all-in
barilours calls 35302 and is all-in
bidoc69 folds
Perfect Life folds
*** TURN *** [2c 4d Kc][7h]
*** RIVER *** [2c 4d Kc 7h][7s]
*** SHOW DOWN ***
barilours shows [Ac 5c] (One pair : 7)
P1xel7 shows [Qh Kh] (Two pairs : Kings and 7)
P1xel7 collected 103462 from pot
*** SUMMARY ***
Total pot 103462 | No rake
Board: [2c 4d Kc 7h 7s]
Seat 1: barilours showed [Ac 5c] and lost with One pair : 7
Seat 5: P1xel7 (big blind) showed [Qh Kh] and won 103462 with Two pairs : Kings and 7


Winamax Poker - Tournament "Kill The Fish" buyIn: 0.90€ + 0.10€ level: 18 - HandId: #3075683323989721097-116-1701618310 - Holdem no limit (500/2000/4000) - 2023/12/03 15:45:10 UTC
Table: 'Kill The Fish(716113328)#008' 6-max (real money) Seat #4 is the button
Seat 2: MIRESTO777 (89866, 1.44€ bounty)
Seat 3: bidoc69 (144222, 0.67€ bounty)
Seat 4: Perfect Life (54794, 0.89€ bounty)
Seat 5: P1xel7 (103462, 1.22€ bounty)
Seat 6: lhandia AA (170725, 1€ bounty)
*** ANTE/BLINDS ***
P1xel7 posts ante 500
lhandia AA posts ante 500
MIRESTO777 posts ante 500
bidoc69 posts ante 500
Perfect Life posts ante 500
P1xel7 posts small blind 2000
lhandia AA posts big blind 4000
Dealt to P1xel7 [Jc 7h]
*** PRE-FLOP *** 
MIRESTO777 folds
bidoc69 calls 4000
Perfect Life folds
P1xel7 raises 4800 to 8800
lhandia AA calls 4800
bidoc69 calls 4800
*** FLOP *** [6s 4d 8c]
P1xel7 checks
lhandia AA checks
bidoc69 checks
*** TURN *** [6s 4d 8c][Ah]
P1xel7 checks
lhandia AA bets 4000
bidoc69 folds
P1xel7 calls 4000
*** RIVER *** [6s 4d 8c Ah][Qd]
P1xel7 checks
lhandia AA bets 23985
P1xel7 folds
lhandia AA collected 60885 from pot
*** SUMMARY ***
Total pot 60885 | No rake
Board: [6s 4d 8c Ah Qd]
Seat 6: lhandia AA (big blind) won 60885


Winamax Poker - Tournament "Kill The Fish" buyIn: 0.90€ + 0.10€ level: 18 - HandId: #3075683323989721097-117-1701618351 - Holdem no limit (500/2000/4000) - 2023/12/03 15:45:51 UTC
Table: 'Kill The Fish(716113328)#008' 6-max (real money) Seat #5 is the button
Seat 2: MIRESTO777 (89366, 1.44€ bounty)
Seat 3: bidoc69 (134922, 0.67€ bounty)
Seat 4: Perfect Life (54294, 0.89€ bounty)
Seat 5: P1xel7 (90162, 1.22€ bounty)
Seat 6: lhandia AA (194325, 1€ bounty)
*** ANTE/BLINDS ***
lhandia AA posts ante 500
MIRESTO777 posts ante 500
bidoc69 posts ante 500
Perfect Life posts ante 500
P1xel7 posts ante 500
lhandia AA posts small blind 2000
MIRESTO777 posts big blind 4000
Dealt to P1xel7 [Ac 6c]
*** PRE-FLOP *** 
bidoc69 calls 4000
Perfect Life folds
P1xel7 folds
lhandia AA calls 2000
MIRESTO777 checks
*** FLOP *** [Js Qc 7c]
lhandia AA checks
MIRESTO777 checks
bidoc69 checks
*** TURN *** [Js Qc 7c][3d]
lhandia AA checks
MIRESTO777 bets 7250
bidoc69 folds
lhandia AA calls 7250
*** RIVER *** [Js Qc 7c 3d][9d]
lhandia AA checks
MIRESTO777 bets 29000
lhandia AA folds
MIRESTO777 collected 58000 from pot
*** SUMMARY ***
Total pot 58000 | No rake
Board: [Js Qc 7c 3d 9d]
Seat 2: MIRESTO777 (big blind) won 58000


Winamax Poker - Tournament "Kill The Fish" buyIn: 0.90€ + 0.10€ level: 18 - HandId: #3075683323989721097-118-1701618417 - Holdem no limit (500/2000/4000) - 2023/12/03 15:46:57 UTC
Table: 'Kill The Fish(716113328)#008' 6-max (real money) Seat #6 is the button
Seat 2: MIRESTO777 (106616, 1.44€ bounty)
Seat 3: bidoc69 (130422, 0.67€ bounty)
Seat 4: Perfect Life (53794, 0.89€ bounty)
Seat 5: P1xel7 (89662, 1.22€ bounty)
Seat 6: lhandia AA (182575, 1€ bounty)
*** ANTE/BLINDS ***
MIRESTO777 posts ante 500
bidoc69 posts ante 500
Perfect Life posts ante 500
P1xel7 posts ante 500
lhandia AA posts ante 500
MIRESTO777 posts small blind 2000
bidoc69 posts big blind 4000
Dealt to P1xel7 [8h 7h]
*** PRE-FLOP *** 
Perfect Life folds
P1xel7 calls 4000
lhandia AA calls 4000
MIRESTO777 calls 2000
bidoc69 checks
*** FLOP *** [Js 8s Td]
MIRESTO777 checks
bidoc69 checks
P1xel7 checks
lhandia AA checks
*** TURN *** [Js 8s Td][7s]
MIRESTO777 checks
bidoc69 checks
P1xel7 bets 6475
lhandia AA folds
MIRESTO777 folds
bidoc69 folds
P1xel7 collected 24975 from pot
*** SUMMARY ***
Total pot 24975 | No rake
Board: [Js 8s Td 7s]
Seat 5: P1xel7 won 24975


Winamax Poker - Tournament "Kill The Fish" buyIn: 0.90€ + 0.10€ level: 19 - HandId: #3075683323989721097-119-1701618470 - Holdem no limit (600/2500/5000) - 2023/12/03 15:47:50 UTC
Table: 'Kill The Fish(716113328)#008' 6-max (real money) Seat #2 is the button
Seat 2: MIRESTO777 (102116, 1.44€ bounty)
Seat 3: bidoc69 (125922, 0.67€ bounty)
Seat 4: Perfect Life (53294, 0.89€ bounty)
Seat 5: P1xel7 (103662, 1.22€ bounty)
Seat 6: lhandia AA (178075, 1€ bounty)
*** ANTE/BLINDS ***
bidoc69 posts ante 600
Perfect Life posts ante 600
MIRESTO777 posts ante 600
P1xel7 posts ante 600
lhandia AA posts ante 600
bidoc69 posts small blind 2500
Perfect Life posts big blind 5000
Dealt to P1xel7 [3s 4d]
*** PRE-FLOP *** 
P1xel7 folds
lhandia AA folds
MIRESTO777 raises 15500 to 20500
bidoc69 folds
Perfect Life folds
MIRESTO777 collected 31000 from pot
*** SUMMARY ***
Total pot 31000 | No rake
Seat 2: MIRESTO777 (button) won 31000


Winamax Poker - Tournament "Kill The Fish" buyIn: 0.90€ + 0.10€ level: 19 - HandId: #3075683323989721097-120-1701618504 - Holdem no limit (600/2500/5000) - 2023/12/03 15:48:24 UTC
Table: 'Kill The Fish(716113328)#008' 6-max (real money) Seat #3 is the button
Seat 2: MIRESTO777 (112016, 1.44€ bounty)
Seat 3: bidoc69 (122822, 0.67€ bounty)
Seat 4: Perfect Life (47694, 0.89€ bounty)
Seat 5: P1xel7 (103062, 1.22€ bounty)
Seat 6: lhandia AA (177475, 1€ bounty)
*** ANTE/BLINDS ***
Perfect Life posts ante 600
P1xel7 posts ante 600
MIRESTO777 posts ante 600
bidoc69 posts ante 600
lhandia AA posts ante 600
Perfect Life posts small blind 2500
P1xel7 posts big blind 5000
Dealt to P1xel7 [Tc 6d]
*** PRE-FLOP *** 
lhandia AA calls 5000
MIRESTO777 folds
bidoc69 folds
Perfect Life folds
P1xel7 checks
*** FLOP *** [7s 9s 5d]
P1xel7 checks
lhandia AA bets 10075
P1xel7 calls 10075
*** TURN *** [7s 9s 5d][9c]
P1xel7 checks
lhandia AA checks
*** RIVER *** [7s 9s 5d 9c][Qs]
P1xel7 bets 28520
lhandia AA folds
P1xel7 collected 64170 from pot
*** SUMMARY ***
Total pot 64170 | No rake
Board: [7s 9s 5d 9c Qs]
Seat 5: P1xel7 (big blind) won 64170


Winamax Poker - Tournament "Kill The Fish" buyIn: 0.90€ + 0.10€ level: 19 - HandId: #3075683323989721097-121-1701618552 - Holdem no limit (600/2500/5000) - 2023/12/03 15:49:12 UTC
Table: 'Kill The Fish(716113328)#008' 6-max (real money) Seat #4 is the button
Seat 2: MIRESTO777 (111416, 1.44€ bounty)
Seat 3: bidoc69 (122222, 0.67€ bounty)
Seat 4: Perfect Life (44594, 0.89€ bounty)
Seat 5: P1xel7 (123037, 1.22€ bounty)
Seat 6: lhandia AA (161800, 1€ bounty)
*** ANTE/BLINDS ***
P1xel7 posts ante 600
lhandia AA posts ante 600
MIRESTO777 posts ante 600
bidoc69 posts ante 600
Perfect Life posts ante 600
P1xel7 posts small blind 2500
lhandia AA posts big blind 5000
Dealt to P1xel7 [9h Ac]
*** PRE-FLOP *** 
MIRESTO777 calls 5000
bidoc69 folds
Perfect Life folds
P1xel7 folds
lhandia AA checks
*** FLOP *** [2d Ah 3s]
lhandia AA checks
MIRESTO777 bets 15500
lhandia AA folds
MIRESTO777 collected 31000 from pot
*** SUMMARY ***
Total pot 31000 | No rake
Board: [2d Ah 3s]
Seat 2: MIRESTO777 won 31000


Winamax Poker - Tournament "Kill The Fish" buyIn: 0.90€ + 0.10€ level: 19 - HandId: #3075683323989721097-122-1701618603 - Holdem no limit (600/2500/5000) - 2023/12/03 15:50:03 UTC
Table: 'Kill The Fish(716113328)#008' 6-max (real money) Seat #5 is the button
Seat 1: JACKDANI777 (25942, 0.45€ bounty)
Seat 2: MIRESTO777 (121316, 1.44€ bounty)
Seat 3: bidoc69 (121622, 0.67€ bounty)
Seat 4: Perfect Life (43994, 0.89€ bounty)
Seat 5: P1xel7 (119937, 1.22€ bounty)
Seat 6: lhandia AA (156200, 1€ bounty)
*** ANTE/BLINDS ***
lhandia AA posts ante 600
JACKDANI777 posts ante 600
MIRESTO777 posts ante 600
bidoc69 posts ante 600
Perfect Life posts ante 600
P1xel7 posts ante 600
lhandia AA posts small blind 2500
JACKDANI777 posts big blind 5000
Dealt to P1xel7 [Td Kd]
*** PRE-FLOP *** 
MIRESTO777 folds
bidoc69 calls 5000
Perfect Life folds
P1xel7 raises 11000 to 16000
lhandia AA calls 13500
JACKDANI777 folds
bidoc69 folds
*** FLOP *** [7c 2d Qs]
lhandia AA bets 139600 and is all-in
P1xel7 folds
lhandia AA collected 185200 from pot
*** SUMMARY ***
Total pot 185200 | No rake
Board: [7c 2d Qs]
Seat 6: lhandia AA (small blind) won 185200


Winamax Poker - Tournament "Kill The Fish" buyIn: 0.90€ + 0.10€ level: 19 - HandId: #3075683323989721097-123-1701618646 - Holdem no limit (600/2500/5000) - 2023/12/03 15:50:46 UTC
Table: 'Kill The Fish(716113328)#008' 6-max (real money) Seat #6 is the button
Seat 1: JACKDANI777 (20342, 0.45€ bounty)
Seat 2: MIRESTO777 (120716, 1.44€ bounty)
Seat 3: bidoc69 (116022, 0.67€ bounty)
Seat 4: Perfect Life (43394, 0.89€ bounty)
Seat 5: P1xel7 (103337, 1.22€ bounty)
Seat 6: lhandia AA (185200, 1€ bounty)
*** ANTE/BLINDS ***
JACKDANI777 posts ante 600
MIRESTO777 posts ante 600
bidoc69 posts ante 600
Perfect Life posts ante 600
P1xel7 posts ante 600
lhandia AA posts ante 600
JACKDANI777 posts small blind 2500
MIRESTO777 posts big blind 5000
Dealt to P1xel7 [5s Ad]
*** PRE-FLOP *** 
bidoc69 raises 5000 to 10000
Perfect Life folds
P1xel7 folds
lhandia AA folds
JACKDANI777 folds
MIRESTO777 folds
bidoc69 collected 21100 from pot
*** SUMMARY ***
Total pot 21100 | No rake
Seat 3: bidoc69 won 21100


Winamax Poker - Tournament "Kill The Fish" buyIn: 0.90€ + 0.10€ level: 19 - HandId: #3075683323989721097-124-1701618674 - Holdem no limit (600/2500/5000) - 2023/12/03 15:51:14 UTC
Table: 'Kill The Fish(716113328)#008' 6-max (real money) Seat #1 is the button
Seat 1: JACKDANI777 (17242, 0.45€ bounty)
Seat 2: MIRESTO777 (115116, 1.44€ bounty)
Seat 3: bidoc69 (126522, 0.67€ bounty)
Seat 4: Perfect Life (42794, 0.89€ bounty)
Seat 5: P1xel7 (102737, 1.22€ bounty)
Seat 6: lhandia AA (184600, 1€ bounty)
*** ANTE/BLINDS ***
MIRESTO777 posts ante 600
bidoc69 posts ante 600
JACKDANI777 posts ante 600
Perfect Life posts ante 600
P1xel7 posts ante 600
lhandia AA posts ante 600
MIRESTO777 posts small blind 2500
bidoc69 posts big blind 5000
Dealt to P1xel7 [9c 4c]
*** PRE-FLOP *** 
Perfect Life folds
P1xel7 folds
lhandia AA folds
JACKDANI777 folds
MIRESTO777 calls 2500
bidoc69 checks
*** FLOP *** [Qh 3c 8s]
MIRESTO777 bets 13600
bidoc69 calls 13600
*** TURN *** [Qh 3c 8s][6s]
MIRESTO777 checks
bidoc69 bets 14280
MIRESTO777 folds
bidoc69 collected 55080 from pot
*** SUMMARY ***
Total pot 55080 | No rake
Board: [Qh 3c 8s 6s]
Seat 3: bidoc69 (big blind) won 55080


Winamax Poker - Tournament "Kill The Fish" buyIn: 0.90€ + 0.10€ level: 20 - HandId: #3075683323989721097-125-1701618745 - Holdem no limit (700/3000/6000) - 2023/12/03 15:52:25 UTC
Table: 'Kill The Fish(716113328)#008' 6-max (real money) Seat #2 is the button
Seat 1: JACKDANI777 (16642, 0.45€ bounty)
Seat 2: MIRESTO777 (95916, 1.44€ bounty)
Seat 3: bidoc69 (148122, 0.67€ bounty)
Seat 4: Perfect Life (42194, 0.89€ bounty)
Seat 5: P1xel7 (102137, 1.22€ bounty)
Seat 6: lhandia AA (184000, 1€ bounty)
*** ANTE/BLINDS ***
bidoc69 posts ante 700
Perfect Life posts ante 700
JACKDANI777 posts ante 700
MIRESTO777 posts ante 700
P1xel7 posts ante 700
lhandia AA posts ante 700
bidoc69 posts small blind 3000
Perfect Life posts big blind 6000
Dealt to P1xel7 [5h 7s]
*** PRE-FLOP *** 
P1xel7 folds
lhandia AA folds
JACKDANI777 folds
MIRESTO777 raises 89216 to 95216 and is all-in
bidoc69 folds
Perfect Life folds
MIRESTO777 collected 108416 from pot
*** SUMMARY ***
Total pot 108416 | No rake
Seat 2: MIRESTO777 (button) won 108416


Winamax Poker - Tournament "Kill The Fish" buyIn: 0.90€ + 0.10€ level: 20 - HandId: #3075683323989721097-126-1701618816 - Holdem no limit (700/3000/6000) - 2023/12/03 15:53:36 UTC
Table: 'Kill The Fish(716113328)#008' 6-max (real money) Seat #3 is the button
Seat 1: JACKDANI777 (15942, 0.45€ bounty)
Seat 2: MIRESTO777 (108416, 1.44€ bounty)
Seat 3: bidoc69 (144422, 0.67€ bounty)
Seat 4: Perfect Life (35494, 0.89€ bounty)
Seat 5: P1xel7 (101437, 1.22€ bounty)
Seat 6: lhandia AA (183300, 1€ bounty)
*** ANTE/BLINDS ***
Perfect Life posts ante 700
P1xel7 posts ante 700
JACKDANI777 posts ante 700
MIRESTO777 posts ante 700
bidoc69 posts ante 700
lhandia AA posts ante 700
Perfect Life posts small blind 3000
P1xel7 posts big blind 6000
Dealt to P1xel7 [7h Kh]
*** PRE-FLOP *** 
lhandia AA folds
JACKDANI777 folds
MIRESTO777 calls 6000
bidoc69 calls 6000
Perfect Life folds
P1xel7 checks
*** FLOP *** [9s Qd 4c]
P1xel7 bets 8820
MIRESTO777 folds
bidoc69 folds
P1xel7 collected 34020 from pot
*** SUMMARY ***
Total pot 34020 | No rake
Board: [9s Qd 4c]
Seat 5: P1xel7 (big blind) won 34020


Winamax Poker - Tournament "Kill The Fish" buyIn: 0.90€ + 0.10€ level: 20 - HandId: #3075683323989721097-127-1701618851 - Holdem no limit (700/3000/6000) - 2023/12/03 15:54:11 UTC
Table: 'Kill The Fish(716113328)#008' 6-max (real money) Seat #4 is the button
Seat 1: JACKDANI777 (15242, 0.45€ bounty)
Seat 2: MIRESTO777 (101716, 1.44€ bounty)
Seat 3: bidoc69 (137722, 0.67€ bounty)
Seat 4: Perfect Life (31794, 0.89€ bounty)
Seat 5: P1xel7 (119937, 1.22€ bounty)
Seat 6: lhandia AA (182600, 1€ bounty)
*** ANTE/BLINDS ***
P1xel7 posts ante 700
lhandia AA posts ante 700
JACKDANI777 posts ante 700
MIRESTO777 posts ante 700
bidoc69 posts ante 700
Perfect Life posts ante 700
P1xel7 posts small blind 3000
lhandia AA posts big blind 6000
Dealt to P1xel7 [3c Kc]
*** PRE-FLOP *** 
JACKDANI777 folds
MIRESTO777 calls 6000
bidoc69 folds
Perfect Life folds
P1xel7 calls 3000
lhandia AA checks
*** FLOP *** [Qc Ks 9h]
P1xel7 bets 7770
lhandia AA calls 7770
MIRESTO777 calls 7770
*** TURN *** [Qc Ks 9h][5h]
P1xel7 bets 15929
lhandia AA calls 15929
MIRESTO777 folds
*** RIVER *** [Qc Ks 9h 5h][8c]
P1xel7 bets 27079
lhandia AA calls 27079
*** SHOW DOWN ***
P1xel7 shows [3c Kc] (One pair : Kings)
lhandia AA shows [Qd 5d] (Two pairs : Queens and 5)
lhandia AA collected 131526 from pot
*** SUMMARY ***
Total pot 131526 | No rake
Board: [Qc Ks 9h 5h 8c]
Seat 5: P1xel7 (small blind) showed [3c Kc] and lost with One pair : Kings
Seat 6: lhandia AA (big blind) showed [Qd 5d] and won 131526 with Two pairs : Queens and 5


Winamax Poker - Tournament "Kill The Fish" buyIn: 0.90€ + 0.10€ level: 20 - HandId: #3075683323989721097-128-1701619261 - Holdem no limit (700/3000/6000) - 2023/12/03 16:01:01 UTC
Table: 'Kill The Fish(716113328)#008' 6-max (real money) Seat #5 is the button
Seat 1: JACKDANI777 (14542, 0.45€ bounty)
Seat 2: MIRESTO777 (87246, 1.44€ bounty)
Seat 3: bidoc69 (137022, 0.67€ bounty)
Seat 4: Perfect Life (31094, 0.89€ bounty)
Seat 5: P1xel7 (62459, 1.22€ bounty)
Seat 6: lhandia AA (256648, 1€ bounty)
*** ANTE/BLINDS ***
lhandia AA posts ante 700
JACKDANI777 posts ante 700
MIRESTO777 posts ante 700
bidoc69 posts ante 700
Perfect Life posts ante 700
P1xel7 posts ante 700
lhandia AA posts small blind 3000
JACKDANI777 posts big blind 6000
Dealt to P1xel7 [4d Ad]
*** PRE-FLOP *** 
MIRESTO777 raises 12000 to 18000
bidoc69 folds
Perfect Life folds
P1xel7 folds
lhandia AA folds
JACKDANI777 calls 7842 and is all-in
*** FLOP *** [6s Td 3d]
*** TURN *** [6s Td 3d][Kc]
*** RIVER *** [6s Td 3d Kc][9d]
*** SHOW DOWN ***
JACKDANI777 shows [2c Ks] (One pair : Kings)
MIRESTO777 shows [6h 6c] (Trips of 6)
MIRESTO777 collected 39042 from pot
*** SUMMARY ***
Total pot 39042 | No rake
Board: [6s Td 3d Kc 9d]
Seat 1: JACKDANI777 (big blind) showed [2c Ks] and lost with One pair : Kings
Seat 2: MIRESTO777 showed [6h 6c] and won 39042 with Trips of 6


Winamax Poker - Tournament "Kill The Fish" buyIn: 0.90€ + 0.10€ level: 20 - HandId: #3075683323989721097-129-1701619365 - Holdem no limit (700/3000/6000) - 2023/12/03 16:02:45 UTC
Table: 'Kill The Fish(716113328)#008' 6-max (real money) Seat #6 is the button
Seat 2: MIRESTO777 (107588, 1.66€ bounty)
Seat 3: bidoc69 (136322, 0.67€ bounty)
Seat 4: Perfect Life (30394, 0.89€ bounty)
Seat 5: P1xel7 (61759, 1.22€ bounty)
Seat 6: lhandia AA (252948, 1€ bounty)
*** ANTE/BLINDS ***
MIRESTO777 posts ante 700
bidoc69 posts ante 700
Perfect Life posts ante 700
P1xel7 posts ante 700
lhandia AA posts ante 700
MIRESTO777 posts big blind 6000
Dealt to P1xel7 [Ts Td]
*** PRE-FLOP *** 
bidoc69 raises 6000 to 12000
Perfect Life folds
P1xel7 calls 12000
lhandia AA calls 12000
MIRESTO777 calls 6000
*** FLOP *** [5c 6h 4s]
MIRESTO777 bets 6000
bidoc69 calls 6000
P1xel7 raises 43059 to 49059 and is all-in
lhandia AA folds
MIRESTO777 folds
bidoc69 folds
P1xel7 collected 112559 from pot
*** SUMMARY ***
Total pot 112559 | No rake
Board: [5c 6h 4s]
Seat 5: P1xel7 won 112559


Winamax Poker - Tournament "Kill The Fish" buyIn: 0.90€ + 0.10€ level: 21 - HandId: #3075683323989721097-130-1701619433 - Holdem no limit (800/3500/7000) - 2023/12/03 16:03:53 UTC
Table: 'Kill The Fish(716113328)#008' 6-max (real money) Seat #1 is the button
Seat 1: Kla.Mity (384910, 3.26€ bounty)
Seat 2: MIRESTO777 (88888, 1.66€ bounty)
Seat 3: bidoc69 (117622, 0.67€ bounty)
Seat 4: Perfect Life (29694, 0.89€ bounty)
Seat 5: P1xel7 (112559, 1.22€ bounty)
Seat 6: lhandia AA (240248, 1€ bounty)
*** ANTE/BLINDS ***
MIRESTO777 posts ante 800
bidoc69 posts ante 800
Perfect Life posts ante 800
P1xel7 posts ante 800
lhandia AA posts ante 800
MIRESTO777 posts small blind 3500
bidoc69 posts big blind 7000
Dealt to P1xel7 [Kd Td]
*** PRE-FLOP *** 
Perfect Life folds
P1xel7 folds
lhandia AA folds
MIRESTO777 folds
bidoc69 collected 14500 from pot
*** SUMMARY ***
Total pot 14500 | No rake
Seat 3: bidoc69 (big blind) won 14500


Winamax Poker - Tournament "Kill The Fish" buyIn: 0.90€ + 0.10€ level: 21 - HandId: #3075683323989721097-131-1701619467 - Holdem no limit (800/3500/7000) - 2023/12/03 16:04:27 UTC
Table: 'Kill The Fish(716113328)#008' 6-max (real money) Seat #2 is the button
Seat 1: Kla.Mity (384910, 3.26€ bounty)
Seat 2: MIRESTO777 (84588, 1.66€ bounty)
Seat 3: bidoc69 (124322, 0.67€ bounty)
Seat 4: Perfect Life (28894, 0.89€ bounty)
Seat 5: P1xel7 (111759, 1.22€ bounty)
Seat 6: lhandia AA (239448, 1€ bounty)
*** ANTE/BLINDS ***
bidoc69 posts ante 800
Perfect Life posts ante 800
Kla.Mity posts ante 800
MIRESTO777 posts ante 800
P1xel7 posts ante 800
lhandia AA posts ante 800
bidoc69 posts small blind 3500
Perfect Life posts big blind 7000
Dealt to P1xel7 [5d Kh]
*** PRE-FLOP *** 
P1xel7 folds
lhandia AA folds
Kla.Mity folds
MIRESTO777 raises 22300 to 29300
bidoc69 folds
Perfect Life folds
MIRESTO777 collected 44600 from pot
*** SUMMARY ***
Total pot 44600 | No rake
Seat 2: MIRESTO777 (button) won 44600


Winamax Poker - Tournament "Kill The Fish" buyIn: 0.90€ + 0.10€ level: 21 - HandId: #3075683323989721097-132-1701619496 - Holdem no limit (800/3500/7000) - 2023/12/03 16:04:56 UTC
Table: 'Kill The Fish(716113328)#008' 6-max (real money) Seat #3 is the button
Seat 1: Kla.Mity (384110, 3.26€ bounty)
Seat 2: MIRESTO777 (99088, 1.66€ bounty)
Seat 3: bidoc69 (120022, 0.67€ bounty)
Seat 4: Perfect Life (21094, 0.89€ bounty)
Seat 5: P1xel7 (110959, 1.22€ bounty)
Seat 6: lhandia AA (238648, 1€ bounty)
*** ANTE/BLINDS ***
Perfect Life posts ante 800
P1xel7 posts ante 800
Kla.Mity posts ante 800
MIRESTO777 posts ante 800
bidoc69 posts ante 800
lhandia AA posts ante 800
Perfect Life posts small blind 3500
P1xel7 posts big blind 7000
Dealt to P1xel7 [Kd Tc]
*** PRE-FLOP *** 
lhandia AA folds
Kla.Mity folds
MIRESTO777 calls 7000
bidoc69 calls 7000
Perfect Life folds
P1xel7 checks
*** FLOP *** [4h Js Jh]
P1xel7 bets 10255
MIRESTO777 raises 81033 to 91288 and is all-in
bidoc69 folds
P1xel7 folds
MIRESTO777 collected 130843 from pot
*** SUMMARY ***
Total pot 130843 | No rake
Board: [4h Js Jh]
Seat 2: MIRESTO777 won 130843


Winamax Poker - Tournament "Kill The Fish" buyIn: 0.90€ + 0.10€ level: 21 - HandId: #3075683323989721097-133-1701619562 - Holdem no limit (800/3500/7000) - 2023/12/03 16:06:02 UTC
Table: 'Kill The Fish(716113328)#008' 6-max (real money) Seat #4 is the button
Seat 1: Kla.Mity (383310, 3.26€ bounty)
Seat 2: MIRESTO777 (130843, 1.66€ bounty)
Seat 3: bidoc69 (112222, 0.67€ bounty)
Seat 4: Perfect Life (16794, 0.89€ bounty)
Seat 5: P1xel7 (92904, 1.22€ bounty)
Seat 6: lhandia AA (237848, 1€ bounty)
*** ANTE/BLINDS ***
P1xel7 posts ante 800
lhandia AA posts ante 800
Kla.Mity posts ante 800
MIRESTO777 posts ante 800
bidoc69 posts ante 800
Perfect Life posts ante 800
P1xel7 posts small blind 3500
lhandia AA posts big blind 7000
Dealt to P1xel7 [5h 6c]
*** PRE-FLOP *** 
Kla.Mity folds
MIRESTO777 calls 7000
bidoc69 calls 7000
Perfect Life folds
P1xel7 folds
lhandia AA checks
*** FLOP *** [Qd Ah Jh]
lhandia AA checks
MIRESTO777 bets 7000
bidoc69 calls 7000
lhandia AA folds
*** TURN *** [Qd Ah Jh][6d]
MIRESTO777 bets 10825
bidoc69 calls 10825
*** RIVER *** [Qd Ah Jh 6d][Th]
MIRESTO777 checks
bidoc69 bets 22733
MIRESTO777 folds
bidoc69 collected 87683 from pot
*** SUMMARY ***
Total pot 87683 | No rake
Board: [Qd Ah Jh 6d Th]
Seat 3: bidoc69 won 87683


Winamax Poker - Tournament "Kill The Fish" buyIn: 0.90€ + 0.10€ level: 21 - HandId: #3075683323989721097-134-1701619620 - Holdem no limit (800/3500/7000) - 2023/12/03 16:07:00 UTC
Table: 'Kill The Fish(716113328)#008' 6-max (real money) Seat #5 is the button
Seat 1: Kla.Mity (382510, 3.26€ bounty)
Seat 2: MIRESTO777 (105218, 1.66€ bounty)
Seat 3: bidoc69 (151547, 0.67€ bounty)
Seat 4: Perfect Life (15994, 0.89€ bounty)
Seat 5: P1xel7 (88604, 1.22€ bounty)
Seat 6: lhandia AA (230048, 1€ bounty)
*** ANTE/BLINDS ***
lhandia AA posts ante 800
Kla.Mity posts ante 800
MIRESTO777 posts ante 800
bidoc69 posts ante 800
Perfect Life posts ante 800
P1xel7 posts ante 800
lhandia AA posts small blind 3500
Kla.Mity posts big blind 7000
Dealt to P1xel7 [Ad 3d]
*** PRE-FLOP *** 
MIRESTO777 raises 7000 to 14000
bidoc69 folds
Perfect Life folds
P1xel7 folds
lhandia AA folds
Kla.Mity calls 7000
*** FLOP *** [6c 3s Qh]
Kla.Mity checks
MIRESTO777 bets 18150
Kla.Mity raises 349560 to 367710 and is all-in
MIRESTO777 folds
Kla.Mity collected 422160 from pot
*** SUMMARY ***
Total pot 422160 | No rake
Board: [6c 3s Qh]
Seat 1: Kla.Mity (big blind) won 422160


Winamax Poker - Tournament "Kill The Fish" buyIn: 0.90€ + 0.10€ level: 21 - HandId: #3075683323989721097-135-1701619682 - Holdem no limit (800/3500/7000) - 2023/12/03 16:08:02 UTC
Table: 'Kill The Fish(716113328)#008' 6-max (real money) Seat #6 is the button
Seat 1: Kla.Mity (422160, 3.26€ bounty)
Seat 2: MIRESTO777 (72268, 1.66€ bounty)
Seat 3: bidoc69 (150747, 0.67€ bounty)
Seat 4: Perfect Life (15194, 0.89€ bounty)
Seat 5: P1xel7 (87804, 1.22€ bounty)
Seat 6: lhandia AA (225748, 1€ bounty)
*** ANTE/BLINDS ***
Kla.Mity posts ante 800
MIRESTO777 posts ante 800
bidoc69 posts ante 800
Perfect Life posts ante 800
P1xel7 posts ante 800
lhandia AA posts ante 800
Kla.Mity posts small blind 3500
MIRESTO777 posts big blind 7000
Dealt to P1xel7 [Qs 5s]
*** PRE-FLOP *** 
bidoc69 raises 10500 to 17500
Perfect Life folds
P1xel7 folds
lhandia AA calls 17500
Kla.Mity folds
MIRESTO777 raises 53968 to 71468 and is all-in
bidoc69 calls 53968
lhandia AA calls 53968
*** FLOP *** [2d Ts 8h]
bidoc69 checks
lhandia AA checks
*** TURN *** [2d Ts 8h][Tc]
bidoc69 checks
lhandia AA checks
*** RIVER *** [2d Ts 8h Tc][Ad]
bidoc69 bets 77946
lhandia AA folds
*** SHOW DOWN ***
MIRESTO777 shows [8s 9s] (Two pairs : Tens and 8)
bidoc69 shows [Ah Jh] (Two pairs : Aces and Tens)
bidoc69 collected 300650 from pot
*** SUMMARY ***
Total pot 300650 | No rake
Board: [2d Ts 8h Tc Ad]
Seat 2: MIRESTO777 (big blind) showed [8s 9s] and lost with Two pairs : Tens and 8
Seat 3: bidoc69 showed [Ah Jh] and won 300650 with Two pairs : Aces and Tens


Winamax Poker - Tournament "Kill The Fish" buyIn: 0.90€ + 0.10€ level: 22 - HandId: #3075683323989721097-136-1701619740 - Holdem no limit (1000/4000/8000) - 2023/12/03 16:09:00 UTC
Table: 'Kill The Fish(716113328)#008' 6-max (real money) Seat #1 is the button
Seat 1: Kla.Mity (417860, 3.26€ bounty)
Seat 3: bidoc69 (301183, 1.50€ bounty)
Seat 4: Perfect Life (14394, 0.89€ bounty)
Seat 5: P1xel7 (87004, 1.22€ bounty)
Seat 6: lhandia AA (153480, 1€ bounty)
*** ANTE/BLINDS ***
bidoc69 posts ante 1000
Kla.Mity posts ante 1000
Perfect Life posts ante 1000
P1xel7 posts ante 1000
lhandia AA posts ante 1000
bidoc69 posts big blind 8000
Dealt to P1xel7 [5s As]
*** PRE-FLOP *** 
Perfect Life raises 5394 to 13394 and is all-in
P1xel7 raises 72610 to 86004 and is all-in
lhandia AA folds
Kla.Mity folds
bidoc69 folds
*** FLOP *** [Ah 9d 8s]
*** TURN *** [Ah 9d 8s][7d]
*** RIVER *** [Ah 9d 8s 7d][9s]
*** SHOW DOWN ***
Perfect Life shows [8c Jd] (Two pairs : 9 and 8)
P1xel7 shows [5s As] (Two pairs : Aces and 9)
P1xel7 collected 112398 from pot
*** SUMMARY ***
Total pot 112398 | No rake
Board: [Ah 9d 8s 7d 9s]
Seat 4: Perfect Life showed [8c Jd] and lost with Two pairs : 9 and 8
Seat 5: P1xel7 showed [5s As] and won 112398 with Two pairs : Aces and 9


Winamax Poker - Tournament "Kill The Fish" buyIn: 0.90€ + 0.10€ level: 22 - HandId: #3075683323989721097-137-1701619771 - Holdem no limit (1000/4000/8000) - 2023/12/03 16:09:31 UTC
Table: 'Kill The Fish(716113328)#008' 6-max (real money) Seat #2 is the button
Seat 1: Kla.Mity (416860, 3.26€ bounty)
Seat 2: heternel (19695, 0.45€ bounty)
Seat 3: bidoc69 (292183, 1.50€ bounty)
Seat 5: P1xel7 (112398, 1.66€ bounty)
Seat 6: lhandia AA (152480, 1€ bounty)
*** ANTE/BLINDS ***
bidoc69 posts ante 1000
P1xel7 posts ante 1000
Kla.Mity posts ante 1000
lhandia AA posts ante 1000
bidoc69 posts small blind 4000
P1xel7 posts big blind 8000
Dealt to P1xel7 [8c 9c]
*** PRE-FLOP *** 
lhandia AA folds
Kla.Mity raises 8000 to 16000
bidoc69 folds
P1xel7 calls 8000
*** FLOP *** [As 5s Qs]
P1xel7 checks
Kla.Mity bets 10800
P1xel7 folds
Kla.Mity collected 50800 from pot
*** SUMMARY ***
Total pot 50800 | No rake
Board: [As 5s Qs]
Seat 1: Kla.Mity won 50800


Winamax Poker - Tournament "Kill The Fish" buyIn: 0.90€ + 0.10€ level: 22 - HandId: #3075683323989721097-138-1701619791 - Holdem no limit (1000/4000/8000) - 2023/12/03 16:09:51 UTC
Table: 'Kill The Fish(716113328)#008' 6-max (real money) Seat #3 is the button
Seat 1: Kla.Mity (439860, 3.26€ bounty)
Seat 2: heternel (19695, 0.45€ bounty)
Seat 3: bidoc69 (287183, 1.50€ bounty)
Seat 5: P1xel7 (95398, 1.66€ bounty)
Seat 6: lhandia AA (151480, 1€ bounty)
*** ANTE/BLINDS ***
P1xel7 posts ante 1000
lhandia AA posts ante 1000
Kla.Mity posts ante 1000
heternel posts ante 1000
bidoc69 posts ante 1000
P1xel7 posts small blind 4000
lhandia AA posts big blind 8000
Dealt to P1xel7 [Tc 6d]
*** PRE-FLOP *** 
Kla.Mity raises 8000 to 16000
heternel folds
bidoc69 folds
P1xel7 folds
lhandia AA calls 8000
*** FLOP *** [7h 3s 4c]
lhandia AA checks
Kla.Mity bets 15580
lhandia AA raises 118900 to 134480 and is all-in
Kla.Mity folds
lhandia AA collected 191060 from pot
*** SUMMARY ***
Total pot 191060 | No rake
Board: [7h 3s 4c]
Seat 6: lhandia AA (big blind) won 191060


Winamax Poker - Tournament "Kill The Fish" buyIn: 0.90€ + 0.10€ level: 22 - HandId: #3075683323989721097-139-1701619823 - Holdem no limit (1000/4000/8000) - 2023/12/03 16:10:23 UTC
Table: 'Kill The Fish(716113328)#008' 6-max (real money) Seat #5 is the button
Seat 1: Kla.Mity (407280, 3.26€ bounty)
Seat 2: heternel (18695, 0.45€ bounty)
Seat 3: bidoc69 (286183, 1.50€ bounty)
Seat 4: CRISTARJ (227404, 2.22€ bounty)
Seat 5: P1xel7 (90398, 1.66€ bounty)
Seat 6: lhandia AA (191060, 1€ bounty)
*** ANTE/BLINDS ***
lhandia AA posts ante 1000
Kla.Mity posts ante 1000
heternel posts ante 1000
bidoc69 posts ante 1000
CRISTARJ posts ante 1000
P1xel7 posts ante 1000
lhandia AA posts small blind 4000
Kla.Mity posts big blind 8000
Dealt to P1xel7 [Ks 3h]
*** PRE-FLOP *** 
heternel folds
bidoc69 raises 8000 to 16000
CRISTARJ folds
P1xel7 folds
lhandia AA folds
Kla.Mity calls 8000
*** FLOP *** [7d 4c 7h]
Kla.Mity checks
bidoc69 checks
*** TURN *** [7d 4c 7h][Kh]
Kla.Mity bets 16000
bidoc69 calls 16000
*** RIVER *** [7d 4c 7h Kh][Jh]
Kla.Mity bets 16000
bidoc69 raises 45000 to 61000
Kla.Mity calls 45000
*** SHOW DOWN ***
Kla.Mity shows [7c Tc] (Trips of 7)
bidoc69 shows [Ah 8h] (Flush Ace high)
bidoc69 collected 196000 from pot
*** SUMMARY ***
Total pot 196000 | No rake
Board: [7d 4c 7h Kh Jh]
Seat 1: Kla.Mity (big blind) showed [7c Tc] and lost with Trips of 7
Seat 3: bidoc69 showed [Ah 8h] and won 196000 with Flush Ace high


Winamax Poker - Tournament "Kill The Fish" buyIn: 0.90€ + 0.10€ level: 22 - HandId: #3075683323989721097-140-1701619857 - Holdem no limit (1000/4000/8000) - 2023/12/03 16:10:57 UTC
Table: 'Kill The Fish(716113328)#008' 6-max (real money) Seat #6 is the button
Seat 1: Kla.Mity (313280, 3.26€ bounty)
Seat 2: heternel (17695, 0.45€ bounty)
Seat 3: bidoc69 (388183, 1.50€ bounty)
Seat 4: CRISTARJ (226404, 2.22€ bounty)
Seat 5: P1xel7 (89398, 1.66€ bounty)
Seat 6: lhandia AA (186060, 1€ bounty)
*** ANTE/BLINDS ***
Kla.Mity posts ante 1000
heternel posts ante 1000
bidoc69 posts ante 1000
CRISTARJ posts ante 1000
P1xel7 posts ante 1000
lhandia AA posts ante 1000
Kla.Mity posts small blind 4000
heternel posts big blind 8000
Dealt to P1xel7 [2d 5s]
*** PRE-FLOP *** 
bidoc69 raises 12000 to 20000
CRISTARJ folds
P1xel7 folds
lhandia AA folds
Kla.Mity folds
heternel folds
bidoc69 collected 38000 from pot
*** SUMMARY ***
Total pot 38000 | No rake
Seat 3: bidoc69 won 38000


Winamax Poker - Tournament "Kill The Fish" buyIn: 0.90€ + 0.10€ level: 22 - HandId: #3075683323989721097-141-1701619878 - Holdem no limit (1000/4000/8000) - 2023/12/03 16:11:18 UTC
Table: 'Kill The Fish(716113328)#008' 6-max (real money) Seat #1 is the button
Seat 1: Kla.Mity (308280, 3.26€ bounty)
Seat 2: heternel (8695, 0.45€ bounty)
Seat 3: bidoc69 (405183, 1.50€ bounty)
Seat 4: CRISTARJ (225404, 2.22€ bounty)
Seat 5: P1xel7 (88398, 1.66€ bounty)
Seat 6: lhandia AA (185060, 1€ bounty)
*** ANTE/BLINDS ***
heternel posts ante 1000
bidoc69 posts ante 1000
Kla.Mity posts ante 1000
CRISTARJ posts ante 1000
P1xel7 posts ante 1000
lhandia AA posts ante 1000
heternel posts small blind 4000
bidoc69 posts big blind 8000
Dealt to P1xel7 [Qc 9c]
*** PRE-FLOP *** 
CRISTARJ calls 8000
P1xel7 folds
lhandia AA calls 8000
Kla.Mity folds
heternel folds
bidoc69 checks
*** FLOP *** [Qd 6c Td]
bidoc69 checks
CRISTARJ bets 216404 and is all-in
lhandia AA folds
bidoc69 folds
CRISTARJ collected 250404 from pot
*** SUMMARY ***
Total pot 250404 | No rake
Board: [Qd 6c Td]
Seat 4: CRISTARJ won 250404


Winamax Poker - Tournament "Kill The Fish" buyIn: 0.90€ + 0.10€ level: 22 - HandId: #3075683323989721097-142-1701619908 - Holdem no limit (1000/4000/8000) - 2023/12/03 16:11:48 UTC
Table: 'Kill The Fish(716113328)#008' 6-max (real money) Seat #2 is the button
Seat 1: Kla.Mity (307280, 3.26€ bounty)
Seat 2: heternel (3695, 0.45€ bounty)
Seat 3: bidoc69 (396183, 1.50€ bounty)
Seat 4: CRISTARJ (250404, 2.22€ bounty)
Seat 5: P1xel7 (87398, 1.66€ bounty)
Seat 6: lhandia AA (176060, 1€ bounty)
*** ANTE/BLINDS ***
bidoc69 posts ante 1000
CRISTARJ posts ante 1000
Kla.Mity posts ante 1000
heternel posts ante 1000
P1xel7 posts ante 1000
lhandia AA posts ante 1000
bidoc69 posts small blind 4000
CRISTARJ posts big blind 8000
Dealt to P1xel7 [5c 2h]
*** PRE-FLOP *** 
P1xel7 folds
lhandia AA folds
Kla.Mity folds
heternel folds
bidoc69 calls 4000
CRISTARJ checks
*** FLOP *** [Kc Kd Jd]
bidoc69 checks
CRISTARJ bets 8000
bidoc69 folds
CRISTARJ collected 30000 from pot
*** SUMMARY ***
Total pot 30000 | No rake
Board: [Kc Kd Jd]
Seat 4: CRISTARJ (big blind) won 30000


Winamax Poker - Tournament "Kill The Fish" buyIn: 0.90€ + 0.10€ level: 22 - HandId: #3075683323989721097-143-1701619935 - Holdem no limit (1000/4000/8000) - 2023/12/03 16:12:15 UTC
Table: 'Kill The Fish(716113328)#008' 6-max (real money) Seat #3 is the button
Seat 1: Kla.Mity (306280, 3.26€ bounty)
Seat 2: heternel (2695, 0.45€ bounty)
Seat 3: bidoc69 (387183, 1.50€ bounty)
Seat 4: CRISTARJ (263404, 2.22€ bounty)
Seat 5: P1xel7 (86398, 1.66€ bounty)
Seat 6: lhandia AA (175060, 1€ bounty)
*** ANTE/BLINDS ***
CRISTARJ posts ante 1000
P1xel7 posts ante 1000
Kla.Mity posts ante 1000
heternel posts ante 1000
bidoc69 posts ante 1000
lhandia AA posts ante 1000
CRISTARJ posts small blind 4000
P1xel7 posts big blind 8000
Dealt to P1xel7 [2d Ac]
*** PRE-FLOP *** 
lhandia AA folds
Kla.Mity raises 8000 to 16000
heternel folds
bidoc69 calls 16000
CRISTARJ folds
P1xel7 raises 69398 to 85398 and is all-in
Kla.Mity calls 69398
bidoc69 folds
*** FLOP *** [2s Kh 7s]
*** TURN *** [2s Kh 7s][8c]
*** RIVER *** [2s Kh 7s 8c][Ks]
*** SHOW DOWN ***
P1xel7 shows [2d Ac] (Two pairs : Kings and 2)
Kla.Mity shows [Kc Js] (Trips of Kings)
Kla.Mity collected 196796 from pot
*** SUMMARY ***
Total pot 196796 | No rake
Board: [2s Kh 7s 8c Ks]
Seat 1: Kla.Mity showed [Kc Js] and won 196796 with Trips of Kings
Seat 5: P1xel7 (big blind) showed [2d Ac] and lost with Two pairs : Kings and 2


