Winamax Poker - Tournament "LE SUD VS LE RESTE DU MONDE" buyIn: 1.80€ + 0.20€ level: 2 - HandId: #3112700513242579041-35-1703621513 - Holdem no limit (30/125/250) - 2023/12/26 20:11:53 UTC
Table: 'LE SUD VS LE RESTE DU MONDE(724732064)#0096' 6-max (real money) Seat #6 is the button
Seat 1: RoiDuRisque (24535, 0.90€ bounty)
Seat 2: P1xel7 (20000, 0.90€ bounty)
Seat 3: Mokey04 (25492, 0.90€ bounty)
Seat 4: Junipika (11393, 0.90€ bounty)
Seat 5: KAMEKAME (33692, 1.80€ bounty)
Seat 6: mohatahsah16 (50177, 1.35€ bounty)
*** ANTE/BLINDS ***
RoiDuRisque posts ante 30
P1xel7 posts ante 30
Mokey04 posts ante 30
Junipika posts ante 30
KAMEKAME posts ante 30
mohatahsah16 posts ante 30
RoiDuRisque posts small blind 125
P1xel7 posts big blind 250
Dealt to P1xel7 [7c 3h]
*** PRE-FLOP *** 
Mokey04 folds
Junipika folds
KAMEKAME folds
mohatahsah16 raises 805 to 1055
RoiDuRisque folds
P1xel7 folds
mohatahsah16 collected 1610 from pot
*** SUMMARY ***
Total pot 1610 | No rake
Seat 6: mohatahsah16 (button) won 1610


Winamax Poker - Tournament "LE SUD VS LE RESTE DU MONDE" buyIn: 1.80€ + 0.20€ level: 3 - HandId: #3112700513242579041-36-1703621553 - Holdem no limit (35/150/300) - 2023/12/26 20:12:33 UTC
Table: 'LE SUD VS LE RESTE DU MONDE(724732064)#0096' 6-max (real money) Seat #1 is the button
Seat 1: RoiDuRisque (24380, 0.90€ bounty)
Seat 2: P1xel7 (19720, 0.90€ bounty)
Seat 3: Mokey04 (25462, 0.90€ bounty)
Seat 4: Junipika (11363, 0.90€ bounty)
Seat 5: KAMEKAME (33662, 1.80€ bounty)
Seat 6: mohatahsah16 (50702, 1.35€ bounty)
*** ANTE/BLINDS ***
P1xel7 posts ante 35
Mokey04 posts ante 35
RoiDuRisque posts ante 35
Junipika posts ante 35
KAMEKAME posts ante 35
mohatahsah16 posts ante 35
P1xel7 posts small blind 150
Mokey04 posts big blind 300
Dealt to P1xel7 [6c 9d]
*** PRE-FLOP *** 
Junipika raises 450 to 750
KAMEKAME calls 750
mohatahsah16 raises 49917 to 50667 and is all-in
RoiDuRisque folds
P1xel7 folds
Mokey04 folds
Junipika folds
KAMEKAME folds
mohatahsah16 collected 52827 from pot
*** SUMMARY ***
Total pot 52827 | No rake
Seat 6: mohatahsah16 won 52827


Winamax Poker - Tournament "LE SUD VS LE RESTE DU MONDE" buyIn: 1.80€ + 0.20€ level: 3 - HandId: #3112700513242579041-37-1703621600 - Holdem no limit (35/150/300) - 2023/12/26 20:13:20 UTC
Table: 'LE SUD VS LE RESTE DU MONDE(724732064)#0096' 6-max (real money) Seat #2 is the button
Seat 1: RoiDuRisque (24345, 0.90€ bounty)
Seat 2: P1xel7 (19535, 0.90€ bounty)
Seat 3: Mokey04 (25127, 0.90€ bounty)
Seat 4: Junipika (10578, 0.90€ bounty)
Seat 5: KAMEKAME (32877, 1.80€ bounty)
Seat 6: mohatahsah16 (52827, 1.35€ bounty)
*** ANTE/BLINDS ***
Mokey04 posts ante 35
Junipika posts ante 35
RoiDuRisque posts ante 35
P1xel7 posts ante 35
KAMEKAME posts ante 35
mohatahsah16 posts ante 35
Mokey04 posts small blind 150
Junipika posts big blind 300
Dealt to P1xel7 [Ac Ad]
*** PRE-FLOP *** 
KAMEKAME folds
mohatahsah16 calls 300
RoiDuRisque folds
P1xel7 raises 600 to 900
Mokey04 folds
Junipika folds
mohatahsah16 calls 600
*** FLOP *** [3d 7d 5h]
mohatahsah16 bets 300
P1xel7 raises 876 to 1176
mohatahsah16 calls 876
*** TURN *** [3d 7d 5h][Tc]
mohatahsah16 checks
P1xel7 bets 1684
mohatahsah16 calls 1684
*** RIVER *** [3d 7d 5h Tc][8s]
mohatahsah16 checks
P1xel7 checks
*** SHOW DOWN ***
mohatahsah16 shows [Ts Qc] (One pair : Tens)
P1xel7 shows [Ac Ad] (One pair : Aces)
P1xel7 collected 8180 from pot
*** SUMMARY ***
Total pot 8180 | No rake
Board: [3d 7d 5h Tc 8s]
Seat 2: P1xel7 (button) showed [Ac Ad] and won 8180 with One pair : Aces
Seat 6: mohatahsah16 showed [Ts Qc] and lost with One pair : Tens


Winamax Poker - Tournament "LE SUD VS LE RESTE DU MONDE" buyIn: 1.80€ + 0.20€ level: 3 - HandId: #3112700513242579041-38-1703621644 - Holdem no limit (35/150/300) - 2023/12/26 20:14:04 UTC
Table: 'LE SUD VS LE RESTE DU MONDE(724732064)#0096' 6-max (real money) Seat #3 is the button
Seat 1: RoiDuRisque (24310, 0.90€ bounty)
Seat 2: P1xel7 (23920, 0.90€ bounty)
Seat 3: Mokey04 (24942, 0.90€ bounty)
Seat 4: Junipika (10243, 0.90€ bounty)
Seat 5: KAMEKAME (32842, 1.80€ bounty)
Seat 6: mohatahsah16 (49032, 1.35€ bounty)
*** ANTE/BLINDS ***
Junipika posts ante 35
KAMEKAME posts ante 35
RoiDuRisque posts ante 35
P1xel7 posts ante 35
Mokey04 posts ante 35
mohatahsah16 posts ante 35
Junipika posts small blind 150
KAMEKAME posts big blind 300
Dealt to P1xel7 [9c 9d]
*** PRE-FLOP *** 
mohatahsah16 calls 300
RoiDuRisque folds
P1xel7 raises 900 to 1200
Mokey04 folds
Junipika calls 1050
KAMEKAME folds
mohatahsah16 calls 900
*** FLOP *** [8h 7d Td]
Junipika checks
mohatahsah16 checks
P1xel7 bets 1439
Junipika calls 1439
mohatahsah16 calls 1439
*** TURN *** [8h 7d Td][8d]
Junipika checks
mohatahsah16 bets 2949
P1xel7 calls 2949
Junipika calls 2949
*** RIVER *** [8h 7d Td 8d][Js]
Junipika checks
mohatahsah16 bets 43409 and is all-in
P1xel7 calls 18297 and is all-in
Junipika calls 4620 and is all-in
*** SHOW DOWN ***
P1xel7 shows [9c 9d] (Straight Jack high)
Junipika shows [As Ah] (Two pairs : Aces and 8)
mohatahsah16 shows [8s Jh] (Full of 8 and Jacks)
mohatahsah16 collected 83600 from pot
*** SUMMARY ***
Total pot 83600 | No rake
Board: [8h 7d Td 8d Js]
Seat 2: P1xel7 showed [9c 9d] and lost with Straight Jack high
Seat 4: Junipika (small blind) showed [As Ah] and lost with Two pairs : Aces and 8
Seat 6: mohatahsah16 showed [8s Jh] and won 83600 with Full of 8 and Jacks


Winamax Poker - Tournament "LE SUD VS LE RESTE DU MONDE" buyIn: 1.80€ + 0.20€ level: 1 - HandId: #3112700513242579145-4-1703621851 - Holdem no limit (35/150/300) - 2023/12/26 20:17:31 UTC
Table: 'LE SUD VS LE RESTE DU MONDE(724732064)#0200' 6-max (real money) Seat #6 is the button
Seat 1: Budslav (12356, 0.90€ bounty)
Seat 2: ManoNeraa (28895, 1.35€ bounty)
Seat 3: P1xel7 (20000, 0.90€ bounty)
Seat 4: Chappy47 (19965, 0.90€ bounty)
Seat 5: Rapha 51 (29737, 1.35€ bounty)
Seat 6: LandryStream (28917, 1.57€ bounty)
*** ANTE/BLINDS ***
Budslav posts ante 35
ManoNeraa posts ante 35
P1xel7 posts ante 35
Chappy47 posts ante 35
Rapha 51 posts ante 35
LandryStream posts ante 35
Budslav posts small blind 150
ManoNeraa posts big blind 300
Dealt to P1xel7 [3d 3h]
*** PRE-FLOP *** 
P1xel7 raises 600 to 900
Chappy47 raises 600 to 1500
Rapha 51 folds
LandryStream folds
Budslav folds
ManoNeraa folds
P1xel7 calls 600
*** FLOP *** [Jh 4h Jd]
P1xel7 checks
Chappy47 bets 1830
P1xel7 folds
Chappy47 collected 5490 from pot
*** SUMMARY ***
Total pot 5490 | No rake
Board: [Jh 4h Jd]
Seat 4: Chappy47 won 5490


Winamax Poker - Tournament "LE SUD VS LE RESTE DU MONDE" buyIn: 1.80€ + 0.20€ level: 4 - HandId: #3112700513242579145-5-1703621910 - Holdem no limit (40/175/350) - 2023/12/26 20:18:30 UTC
Table: 'LE SUD VS LE RESTE DU MONDE(724732064)#0200' 6-max (real money) Seat #1 is the button
Seat 1: Budslav (12171, 0.90€ bounty)
Seat 2: ManoNeraa (28560, 1.35€ bounty)
Seat 3: P1xel7 (18465, 0.90€ bounty)
Seat 4: Chappy47 (22090, 0.90€ bounty)
Seat 5: Rapha 51 (29702, 1.35€ bounty)
Seat 6: LandryStream (28882, 1.57€ bounty)
*** ANTE/BLINDS ***
ManoNeraa posts ante 40
P1xel7 posts ante 40
Budslav posts ante 40
Chappy47 posts ante 40
Rapha 51 posts ante 40
LandryStream posts ante 40
ManoNeraa posts small blind 175
P1xel7 posts big blind 350
Dealt to P1xel7 [Jh Qc]
*** PRE-FLOP *** 
Chappy47 folds
Rapha 51 calls 350
LandryStream folds
Budslav folds
ManoNeraa raises 1225 to 1575
P1xel7 calls 1225
Rapha 51 calls 1225
*** FLOP *** [Kd 4d 5h]
ManoNeraa checks
P1xel7 checks
Rapha 51 checks
*** TURN *** [Kd 4d 5h][2d]
ManoNeraa checks
P1xel7 bets 1738
Rapha 51 folds
ManoNeraa calls 1738
*** RIVER *** [Kd 4d 5h 2d][Tc]
ManoNeraa checks
P1xel7 bets 5487
ManoNeraa calls 5487
*** SHOW DOWN ***
ManoNeraa shows [9h Qh] (High card : King)
P1xel7 shows [Jh Qc] (High card : King)
P1xel7 collected 19415 from pot
*** SUMMARY ***
Total pot 19415 | No rake
Board: [Kd 4d 5h 2d Tc]
Seat 2: ManoNeraa (small blind) showed [9h Qh] and lost with High card : King
Seat 3: P1xel7 (big blind) showed [Jh Qc] and won 19415 with High card : King


Winamax Poker - Tournament "LE SUD VS LE RESTE DU MONDE" buyIn: 1.80€ + 0.20€ level: 4 - HandId: #3112700513242579145-6-1703621999 - Holdem no limit (40/175/350) - 2023/12/26 20:19:59 UTC
Table: 'LE SUD VS LE RESTE DU MONDE(724732064)#0200' 6-max (real money) Seat #2 is the button
Seat 1: Budslav (12131, 0.90€ bounty)
Seat 2: ManoNeraa (19720, 1.35€ bounty)
Seat 3: P1xel7 (29040, 0.90€ bounty)
Seat 4: Chappy47 (22050, 0.90€ bounty)
Seat 5: Rapha 51 (28087, 1.35€ bounty)
Seat 6: LandryStream (28842, 1.57€ bounty)
*** ANTE/BLINDS ***
P1xel7 posts ante 40
Chappy47 posts ante 40
Budslav posts ante 40
ManoNeraa posts ante 40
Rapha 51 posts ante 40
LandryStream posts ante 40
P1xel7 posts small blind 175
Chappy47 posts big blind 350
Dealt to P1xel7 [Ah 3h]
*** PRE-FLOP *** 
Rapha 51 folds
LandryStream folds
Budslav folds
ManoNeraa folds
P1xel7 raises 525 to 875
Chappy47 folds
P1xel7 collected 1465 from pot
*** SUMMARY ***
Total pot 1465 | No rake
Seat 3: P1xel7 (small blind) won 1465


Winamax Poker - Tournament "LE SUD VS LE RESTE DU MONDE" buyIn: 1.80€ + 0.20€ level: 4 - HandId: #3112700513242579145-7-1703622032 - Holdem no limit (40/175/350) - 2023/12/26 20:20:32 UTC
Table: 'LE SUD VS LE RESTE DU MONDE(724732064)#0200' 6-max (real money) Seat #3 is the button
Seat 1: Budslav (12091, 0.90€ bounty)
Seat 2: ManoNeraa (19680, 1.35€ bounty)
Seat 3: P1xel7 (29590, 0.90€ bounty)
Seat 4: Chappy47 (21660, 0.90€ bounty)
Seat 5: Rapha 51 (28047, 1.35€ bounty)
Seat 6: LandryStream (28802, 1.57€ bounty)
*** ANTE/BLINDS ***
Chappy47 posts ante 40
Rapha 51 posts ante 40
Budslav posts ante 40
ManoNeraa posts ante 40
P1xel7 posts ante 40
LandryStream posts ante 40
Chappy47 posts small blind 175
Rapha 51 posts big blind 350
Dealt to P1xel7 [9c As]
*** PRE-FLOP *** 
LandryStream raises 525 to 875
Budslav calls 875
ManoNeraa calls 875
P1xel7 folds
Chappy47 folds
Rapha 51 calls 525
*** FLOP *** [9d 4c 6d]
Rapha 51 checks
LandryStream checks
Budslav bets 1370
ManoNeraa folds
Rapha 51 calls 1370
LandryStream folds
*** TURN *** [9d 4c 6d][7c]
Rapha 51 checks
Budslav bets 4326
Rapha 51 calls 4326
*** RIVER *** [9d 4c 6d 7c][7h]
Rapha 51 checks
Budslav bets 5480 and is all-in
Rapha 51 folds
Budslav collected 20787 from pot
*** SUMMARY ***
Total pot 20787 | No rake
Board: [9d 4c 6d 7c 7h]
Seat 1: Budslav won 20787


Winamax Poker - Tournament "LE SUD VS LE RESTE DU MONDE" buyIn: 1.80€ + 0.20€ level: 4 - HandId: #3112700513242579145-8-1703622138 - Holdem no limit (40/175/350) - 2023/12/26 20:22:18 UTC
Table: 'LE SUD VS LE RESTE DU MONDE(724732064)#0200' 6-max (real money) Seat #4 is the button
Seat 1: Budslav (20787, 0.90€ bounty)
Seat 2: ManoNeraa (18765, 1.35€ bounty)
Seat 3: P1xel7 (29550, 0.90€ bounty)
Seat 4: Chappy47 (21445, 0.90€ bounty)
Seat 5: Rapha 51 (21436, 1.35€ bounty)
Seat 6: LandryStream (27887, 1.57€ bounty)
*** ANTE/BLINDS ***
Rapha 51 posts ante 40
LandryStream posts ante 40
Budslav posts ante 40
ManoNeraa posts ante 40
P1xel7 posts ante 40
Chappy47 posts ante 40
Rapha 51 posts small blind 175
LandryStream posts big blind 350
Dealt to P1xel7 [Qs 5c]
*** PRE-FLOP *** 
Budslav folds
ManoNeraa raises 525 to 875
P1xel7 folds
Chappy47 folds
Rapha 51 folds
LandryStream calls 525
*** FLOP *** [8c Ks 8h]
LandryStream checks
ManoNeraa checks
*** TURN *** [8c Ks 8h][9c]
LandryStream checks
ManoNeraa bets 1575
LandryStream folds
ManoNeraa collected 3740 from pot
*** SUMMARY ***
Total pot 3740 | No rake
Board: [8c Ks 8h 9c]
Seat 2: ManoNeraa won 3740


Winamax Poker - Tournament "LE SUD VS LE RESTE DU MONDE" buyIn: 1.80€ + 0.20€ level: 4 - HandId: #3112700513242579145-9-1703622207 - Holdem no limit (40/175/350) - 2023/12/26 20:23:27 UTC
Table: 'LE SUD VS LE RESTE DU MONDE(724732064)#0200' 6-max (real money) Seat #5 is the button
Seat 1: Budslav (20747, 0.90€ bounty)
Seat 2: ManoNeraa (20015, 1.35€ bounty)
Seat 3: P1xel7 (29510, 0.90€ bounty)
Seat 4: Chappy47 (21405, 0.90€ bounty)
Seat 5: Rapha 51 (21221, 1.35€ bounty)
Seat 6: LandryStream (26972, 1.57€ bounty)
*** ANTE/BLINDS ***
LandryStream posts ante 40
Budslav posts ante 40
ManoNeraa posts ante 40
P1xel7 posts ante 40
Chappy47 posts ante 40
Rapha 51 posts ante 40
LandryStream posts small blind 175
Budslav posts big blind 350
Dealt to P1xel7 [4d Qd]
*** PRE-FLOP *** 
ManoNeraa folds
P1xel7 folds
Chappy47 folds
Rapha 51 calls 350
LandryStream raises 1400 to 1750
Budslav folds
Rapha 51 calls 1400
*** FLOP *** [Tc Ac Jh]
LandryStream checks
Rapha 51 checks
*** TURN *** [Tc Ac Jh][As]
LandryStream checks
Rapha 51 bets 2659
LandryStream folds
Rapha 51 collected 6749 from pot
*** SUMMARY ***
Total pot 6749 | No rake
Board: [Tc Ac Jh As]
Seat 5: Rapha 51 (button) won 6749


Winamax Poker - Tournament "LE SUD VS LE RESTE DU MONDE" buyIn: 1.80€ + 0.20€ level: 5 - HandId: #3112700513242579145-10-1703622297 - Holdem no limit (50/200/400) - 2023/12/26 20:24:57 UTC
Table: 'LE SUD VS LE RESTE DU MONDE(724732064)#0200' 6-max (real money) Seat #6 is the button
Seat 1: Budslav (20357, 0.90€ bounty)
Seat 2: ManoNeraa (19975, 1.35€ bounty)
Seat 3: P1xel7 (29470, 0.90€ bounty)
Seat 4: Chappy47 (21365, 0.90€ bounty)
Seat 5: Rapha 51 (23521, 1.35€ bounty)
Seat 6: LandryStream (25182, 1.57€ bounty)
*** ANTE/BLINDS ***
Budslav posts ante 50
ManoNeraa posts ante 50
P1xel7 posts ante 50
Chappy47 posts ante 50
Rapha 51 posts ante 50
LandryStream posts ante 50
Budslav posts small blind 200
ManoNeraa posts big blind 400
Dealt to P1xel7 [2h 3h]
*** PRE-FLOP *** 
P1xel7 folds
Chappy47 raises 400 to 800
Rapha 51 folds
LandryStream raises 1600 to 2400
Budslav folds
ManoNeraa folds
Chappy47 calls 1600
*** FLOP *** [3s 6d Td]
Chappy47 checks
LandryStream checks
*** TURN *** [3s 6d Td][8h]
Chappy47 bets 1995
LandryStream calls 1995
*** RIVER *** [3s 6d Td 8h][Jh]
Chappy47 checks
LandryStream checks
*** SHOW DOWN ***
Chappy47 shows [Ac Qc] (High card : Ace)
LandryStream shows [Ks As] (High card : Ace)
LandryStream collected 9690 from pot
*** SUMMARY ***
Total pot 9690 | No rake
Board: [3s 6d Td 8h Jh]
Seat 4: Chappy47 showed [Ac Qc] and lost with High card : Ace
Seat 6: LandryStream (button) showed [Ks As] and won 9690 with High card : Ace


Winamax Poker - Tournament "LE SUD VS LE RESTE DU MONDE" buyIn: 1.80€ + 0.20€ level: 5 - HandId: #3112700513242579145-11-1703622395 - Holdem no limit (50/200/400) - 2023/12/26 20:26:35 UTC
Table: 'LE SUD VS LE RESTE DU MONDE(724732064)#0200' 6-max (real money) Seat #1 is the button
Seat 1: Budslav (20107, 0.90€ bounty)
Seat 2: ManoNeraa (19525, 1.35€ bounty)
Seat 3: P1xel7 (29420, 0.90€ bounty)
Seat 4: Chappy47 (16920, 0.90€ bounty)
Seat 5: Rapha 51 (23471, 1.35€ bounty)
Seat 6: LandryStream (30427, 1.57€ bounty)
*** ANTE/BLINDS ***
ManoNeraa posts ante 50
P1xel7 posts ante 50
Budslav posts ante 50
Chappy47 posts ante 50
Rapha 51 posts ante 50
LandryStream posts ante 50
ManoNeraa posts small blind 200
P1xel7 posts big blind 400
Dealt to P1xel7 [7s Qd]
*** PRE-FLOP *** 
Chappy47 raises 400 to 800
Rapha 51 folds
LandryStream folds
Budslav raises 1600 to 2400
ManoNeraa folds
P1xel7 folds
Chappy47 calls 1600
*** FLOP *** [9h Qc 3h]
Chappy47 checks
Budslav bets 1995
Chappy47 folds
Budslav collected 7695 from pot
*** SUMMARY ***
Total pot 7695 | No rake
Board: [9h Qc 3h]
Seat 1: Budslav (button) won 7695


Winamax Poker - Tournament "LE SUD VS LE RESTE DU MONDE" buyIn: 1.80€ + 0.20€ level: 5 - HandId: #3112700513242579145-12-1703622534 - Holdem no limit (50/200/400) - 2023/12/26 20:28:54 UTC
Table: 'LE SUD VS LE RESTE DU MONDE(724732064)#0200' 6-max (real money) Seat #2 is the button
Seat 1: Budslav (23357, 0.90€ bounty)
Seat 2: ManoNeraa (19275, 1.35€ bounty)
Seat 3: P1xel7 (28970, 0.90€ bounty)
Seat 4: Chappy47 (14470, 0.90€ bounty)
Seat 5: Rapha 51 (23421, 1.35€ bounty)
Seat 6: LandryStream (30377, 1.57€ bounty)
*** ANTE/BLINDS ***
P1xel7 posts ante 50
Chappy47 posts ante 50
Budslav posts ante 50
ManoNeraa posts ante 50
Rapha 51 posts ante 50
LandryStream posts ante 50
P1xel7 posts small blind 200
Chappy47 posts big blind 400
Dealt to P1xel7 [2d 3c]
*** PRE-FLOP *** 
Rapha 51 calls 400
LandryStream raises 1000 to 1400
Budslav folds
ManoNeraa folds
P1xel7 folds
Chappy47 raises 2800 to 4200
Rapha 51 folds
LandryStream folds
Chappy47 collected 6500 from pot
*** SUMMARY ***
Total pot 6500 | No rake
Seat 4: Chappy47 (big blind) won 6500


Winamax Poker - Tournament "LE SUD VS LE RESTE DU MONDE" buyIn: 1.80€ + 0.20€ level: 5 - HandId: #3112700513242579145-13-1703622575 - Holdem no limit (50/200/400) - 2023/12/26 20:29:35 UTC
Table: 'LE SUD VS LE RESTE DU MONDE(724732064)#0200' 6-max (real money) Seat #3 is the button
Seat 1: Budslav (23307, 0.90€ bounty)
Seat 2: ManoNeraa (19225, 1.35€ bounty)
Seat 3: P1xel7 (28720, 0.90€ bounty)
Seat 4: Chappy47 (16720, 0.90€ bounty)
Seat 5: Rapha 51 (22971, 1.35€ bounty)
Seat 6: LandryStream (28927, 1.57€ bounty)
*** ANTE/BLINDS ***
Chappy47 posts ante 50
Rapha 51 posts ante 50
Budslav posts ante 50
ManoNeraa posts ante 50
P1xel7 posts ante 50
LandryStream posts ante 50
Chappy47 posts small blind 200
Rapha 51 posts big blind 400
Dealt to P1xel7 [2d 9c]
*** PRE-FLOP *** 
LandryStream folds
Budslav folds
ManoNeraa folds
P1xel7 folds
Chappy47 folds
Rapha 51 collected 900 from pot
*** SUMMARY ***
Total pot 900 | No rake
Seat 5: Rapha 51 (big blind) won 900


Winamax Poker - Tournament "LE SUD VS LE RESTE DU MONDE" buyIn: 1.80€ + 0.20€ level: 5 - HandId: #3112700513242579145-14-1703622593 - Holdem no limit (50/200/400) - 2023/12/26 20:29:53 UTC
Table: 'LE SUD VS LE RESTE DU MONDE(724732064)#0200' 6-max (real money) Seat #4 is the button
Seat 1: Budslav (23257, 0.90€ bounty)
Seat 2: ManoNeraa (19175, 1.35€ bounty)
Seat 3: P1xel7 (28670, 0.90€ bounty)
Seat 4: Chappy47 (16470, 0.90€ bounty)
Seat 5: Rapha 51 (23421, 1.35€ bounty)
Seat 6: LandryStream (28877, 1.57€ bounty)
*** ANTE/BLINDS ***
Rapha 51 posts ante 50
LandryStream posts ante 50
Budslav posts ante 50
ManoNeraa posts ante 50
P1xel7 posts ante 50
Chappy47 posts ante 50
Rapha 51 posts small blind 200
LandryStream posts big blind 400
Dealt to P1xel7 [Qc 7h]
*** PRE-FLOP *** 
Budslav raises 800 to 1200
ManoNeraa calls 1200
P1xel7 folds
Chappy47 folds
Rapha 51 folds
LandryStream calls 800
*** FLOP *** [4c Ts 2c]
LandryStream checks
Budslav checks
ManoNeraa bets 2200
LandryStream calls 2200
Budslav calls 2200
*** TURN *** [4c Ts 2c][3h]
LandryStream bets 5350
Budslav folds
ManoNeraa raises 10375 to 15725 and is all-in
LandryStream calls 10375
*** RIVER *** [4c Ts 2c 3h][4h]
*** SHOW DOWN ***
ManoNeraa shows [Td Jc] (Two pairs : Tens and 4)
LandryStream shows [Js Tc] (Two pairs : Tens and 4)
LandryStream collected 21075 from pot
ManoNeraa collected 21075 from pot
*** SUMMARY ***
Total pot 42150 | No rake
Board: [4c Ts 2c 3h 4h]
Seat 2: ManoNeraa showed [Td Jc] and won 21075 with Two pairs : Tens and 4
Seat 6: LandryStream (big blind) showed [Js Tc] and won 21075 with Two pairs : Tens and 4


Winamax Poker - Tournament "LE SUD VS LE RESTE DU MONDE" buyIn: 1.80€ + 0.20€ level: 6 - HandId: #3112700513242579145-15-1703622715 - Holdem no limit (60/250/500) - 2023/12/26 20:31:55 UTC
Table: 'LE SUD VS LE RESTE DU MONDE(724732064)#0200' 6-max (real money) Seat #5 is the button
Seat 1: Budslav (19807, 0.90€ bounty)
Seat 2: ManoNeraa (21075, 1.35€ bounty)
Seat 3: P1xel7 (28620, 0.90€ bounty)
Seat 4: Chappy47 (16420, 0.90€ bounty)
Seat 5: Rapha 51 (23171, 1.35€ bounty)
Seat 6: LandryStream (30777, 1.57€ bounty)
*** ANTE/BLINDS ***
LandryStream posts ante 60
Budslav posts ante 60
ManoNeraa posts ante 60
P1xel7 posts ante 60
Chappy47 posts ante 60
Rapha 51 posts ante 60
LandryStream posts small blind 250
Budslav posts big blind 500
Dealt to P1xel7 [8h 3c]
*** PRE-FLOP *** 
ManoNeraa folds
P1xel7 folds
Chappy47 raises 500 to 1000
Rapha 51 calls 1000
LandryStream folds
Budslav calls 500
*** FLOP *** [3s Qs 4h]
Budslav checks
Chappy47 bets 1805
Rapha 51 folds
Budslav folds
Chappy47 collected 5415 from pot
*** SUMMARY ***
Total pot 5415 | No rake
Board: [3s Qs 4h]
Seat 4: Chappy47 won 5415


Winamax Poker - Tournament "LE SUD VS LE RESTE DU MONDE" buyIn: 1.80€ + 0.20€ level: 6 - HandId: #3112700513242579145-16-1703622770 - Holdem no limit (60/250/500) - 2023/12/26 20:32:50 UTC
Table: 'LE SUD VS LE RESTE DU MONDE(724732064)#0200' 6-max (real money) Seat #6 is the button
Seat 1: Budslav (18747, 0.90€ bounty)
Seat 2: ManoNeraa (21015, 1.35€ bounty)
Seat 3: P1xel7 (28560, 0.90€ bounty)
Seat 4: Chappy47 (18970, 0.90€ bounty)
Seat 5: Rapha 51 (22111, 1.35€ bounty)
Seat 6: LandryStream (30467, 1.57€ bounty)
*** ANTE/BLINDS ***
Budslav posts ante 60
ManoNeraa posts ante 60
P1xel7 posts ante 60
Chappy47 posts ante 60
Rapha 51 posts ante 60
LandryStream posts ante 60
Budslav posts small blind 250
ManoNeraa posts big blind 500
Dealt to P1xel7 [7c 2s]
*** PRE-FLOP *** 
P1xel7 folds
Chappy47 folds
Rapha 51 folds
LandryStream folds
Budslav calls 250
ManoNeraa checks
*** FLOP *** [Ts 3d 8h]
Budslav bets 500
ManoNeraa raises 1750 to 2250
Budslav folds
ManoNeraa collected 4110 from pot
*** SUMMARY ***
Total pot 4110 | No rake
Board: [Ts 3d 8h]
Seat 2: ManoNeraa (big blind) won 4110


Winamax Poker - Tournament "LE SUD VS LE RESTE DU MONDE" buyIn: 1.80€ + 0.20€ level: 6 - HandId: #3112700513242579145-17-1703622836 - Holdem no limit (60/250/500) - 2023/12/26 20:33:56 UTC
Table: 'LE SUD VS LE RESTE DU MONDE(724732064)#0200' 6-max (real money) Seat #1 is the button
Seat 1: Budslav (17687, 0.90€ bounty)
Seat 2: ManoNeraa (22315, 1.35€ bounty)
Seat 3: P1xel7 (28500, 0.90€ bounty)
Seat 4: Chappy47 (18910, 0.90€ bounty)
Seat 5: Rapha 51 (22051, 1.35€ bounty)
Seat 6: LandryStream (30407, 1.57€ bounty)
*** ANTE/BLINDS ***
ManoNeraa posts ante 60
P1xel7 posts ante 60
Budslav posts ante 60
Chappy47 posts ante 60
Rapha 51 posts ante 60
LandryStream posts ante 60
ManoNeraa posts small blind 250
P1xel7 posts big blind 500
Dealt to P1xel7 [Ts 6h]
*** PRE-FLOP *** 
Chappy47 folds
Rapha 51 folds
LandryStream folds
Budslav folds
ManoNeraa raises 1000 to 1500
P1xel7 folds
ManoNeraa collected 2360 from pot
*** SUMMARY ***
Total pot 2360 | No rake
Seat 2: ManoNeraa (small blind) won 2360


Winamax Poker - Tournament "LE SUD VS LE RESTE DU MONDE" buyIn: 1.80€ + 0.20€ level: 6 - HandId: #3112700513242579145-18-1703622892 - Holdem no limit (60/250/500) - 2023/12/26 20:34:52 UTC
Table: 'LE SUD VS LE RESTE DU MONDE(724732064)#0200' 6-max (real money) Seat #2 is the button
Seat 1: Budslav (17627, 0.90€ bounty)
Seat 2: ManoNeraa (23115, 1.35€ bounty)
Seat 3: P1xel7 (27940, 0.90€ bounty)
Seat 4: Chappy47 (18850, 0.90€ bounty)
Seat 5: Rapha 51 (21991, 1.35€ bounty)
Seat 6: LandryStream (30347, 1.57€ bounty)
*** ANTE/BLINDS ***
P1xel7 posts ante 60
Chappy47 posts ante 60
Budslav posts ante 60
ManoNeraa posts ante 60
Rapha 51 posts ante 60
LandryStream posts ante 60
P1xel7 posts small blind 250
Chappy47 posts big blind 500
Dealt to P1xel7 [6s Ks]
*** PRE-FLOP *** 
Rapha 51 calls 500
LandryStream folds
Budslav calls 500
ManoNeraa folds
P1xel7 folds
Chappy47 checks
*** FLOP *** [5s 7d 3s]
Chappy47 checks
Rapha 51 checks
Budslav bets 1055
Chappy47 folds
Rapha 51 folds
Budslav collected 3165 from pot
*** SUMMARY ***
Total pot 3165 | No rake
Board: [5s 7d 3s]
Seat 1: Budslav won 3165


Winamax Poker - Tournament "LE SUD VS LE RESTE DU MONDE" buyIn: 1.80€ + 0.20€ level: 6 - HandId: #3112700513242579145-19-1703622955 - Holdem no limit (60/250/500) - 2023/12/26 20:35:55 UTC
Table: 'LE SUD VS LE RESTE DU MONDE(724732064)#0200' 6-max (real money) Seat #3 is the button
Seat 1: Budslav (19177, 0.90€ bounty)
Seat 2: ManoNeraa (23055, 1.35€ bounty)
Seat 3: P1xel7 (27630, 0.90€ bounty)
Seat 4: Chappy47 (18290, 0.90€ bounty)
Seat 5: Rapha 51 (21431, 1.35€ bounty)
*** ANTE/BLINDS ***
Chappy47 posts ante 60
Rapha 51 posts ante 60
Budslav posts ante 60
ManoNeraa posts ante 60
P1xel7 posts ante 60
Chappy47 posts small blind 250
Rapha 51 posts big blind 500
Dealt to P1xel7 [Qd Kd]
*** PRE-FLOP *** 
Budslav folds
ManoNeraa raises 750 to 1250
P1xel7 calls 1250
Chappy47 calls 1000
Rapha 51 raises 20121 to 21371 and is all-in
ManoNeraa raises 1624 to 22995 and is all-in
P1xel7 folds
Chappy47 folds
*** FLOP *** [8h Qc Ts]
*** TURN *** [8h Qc Ts][7c]
*** RIVER *** [8h Qc Ts 7c][Kc]
*** SHOW DOWN ***
ManoNeraa shows [8s Jc] (One pair : 8)
Rapha 51 shows [Qs As] (One pair : Queens)
Rapha 51 collected 45542 from main pot
ManoNeraa collected 1624 from side pot 1
*** SUMMARY ***
Total pot 47166 | No rake
Board: [8h Qc Ts 7c Kc]
Seat 2: ManoNeraa showed [8s Jc] and won 1624 with One pair : 8
Seat 5: Rapha 51 (big blind) showed [Qs As] and won 45542 with One pair : Queens


Winamax Poker - Tournament "LE SUD VS LE RESTE DU MONDE" buyIn: 1.80€ + 0.20€ level: 7 - HandId: #3112700513242579145-20-1703623009 - Holdem no limit (70/300/600) - 2023/12/26 20:36:49 UTC
Table: 'LE SUD VS LE RESTE DU MONDE(724732064)#0200' 6-max (real money) Seat #4 is the button
Seat 1: Budslav (19117, 0.90€ bounty)
Seat 2: ManoNeraa (1624, 1.35€ bounty)
Seat 3: P1xel7 (26320, 0.90€ bounty)
Seat 4: Chappy47 (16980, 0.90€ bounty)
Seat 5: Rapha 51 (45542, 1.35€ bounty)
Seat 6: recom (20000, 0.90€ bounty)
*** ANTE/BLINDS ***
Rapha 51 posts ante 70
recom posts ante 70
Budslav posts ante 70
ManoNeraa posts ante 70
P1xel7 posts ante 70
Chappy47 posts ante 70
Rapha 51 posts small blind 300
recom posts big blind 600
Dealt to P1xel7 [3h 3d]
*** PRE-FLOP *** 
Budslav raises 900 to 1500
ManoNeraa raises 54 to 1554 and is all-in
P1xel7 calls 1554
Chappy47 calls 1554
Rapha 51 folds
recom calls 954
Budslav calls 54
*** FLOP *** [Ks Ac Qs]
recom bets 18376 and is all-in
Budslav calls 17493 and is all-in
P1xel7 folds
Chappy47 calls 15356 and is all-in
*** TURN *** [Ks Ac Qs][6c]
*** RIVER *** [Ks Ac Qs 6c][7h]
*** SHOW DOWN ***
ManoNeraa shows [2d 3c] (High card : Ace)
Chappy47 shows [Ad 5d] (One pair : Aces)
Budslav shows [Jh As] (One pair : Aces)
recom shows [Js 7s] (One pair : 7)
recom collected 883 from side pot 1
Budslav collected 58832 from main pot
*** SUMMARY ***
Total pot 59715 | No rake
Board: [Ks Ac Qs 6c 7h]
Seat 1: Budslav showed [Jh As] and won 58832 with One pair : Aces
Seat 2: ManoNeraa showed [2d 3c] and lost with High card : Ace
Seat 4: Chappy47 (button) showed [Ad 5d] and lost with One pair : Aces
Seat 6: recom (big blind) showed [Js 7s] and won 883 with One pair : 7


Winamax Poker - Tournament "LE SUD VS LE RESTE DU MONDE" buyIn: 1.80€ + 0.20€ level: 7 - HandId: #3112700513242579145-21-1703623046 - Holdem no limit (70/300/600) - 2023/12/26 20:37:26 UTC
Table: 'LE SUD VS LE RESTE DU MONDE(724732064)#0200' 6-max (real money) Seat #5 is the button
Seat 1: Budslav (58832, 2.02€ bounty)
Seat 3: P1xel7 (24696, 0.90€ bounty)
Seat 5: Rapha 51 (45172, 1.35€ bounty)
Seat 6: recom (883, 0.90€ bounty)
*** ANTE/BLINDS ***
recom posts ante 70
Budslav posts ante 70
P1xel7 posts ante 70
Rapha 51 posts ante 70
recom posts small blind 300
Budslav posts big blind 600
Dealt to P1xel7 [Qh 8s]
*** PRE-FLOP *** 
P1xel7 folds
Rapha 51 folds
recom raises 213 to 813 and is all-in
Budslav calls 213
*** FLOP *** [Ac Ah 6h]
*** TURN *** [Ac Ah 6h][6c]
*** RIVER *** [Ac Ah 6h 6c][Tc]
*** SHOW DOWN ***
recom shows [Jh 7d] (Two pairs : Aces and 6)
Budslav shows [6s Kd] (Full of 6 and Aces)
Budslav collected 1906 from pot
*** SUMMARY ***
Total pot 1906 | No rake
Board: [Ac Ah 6h 6c Tc]
Seat 1: Budslav (big blind) showed [6s Kd] and won 1906 with Full of 6 and Aces
Seat 6: recom (small blind) showed [Jh 7d] and lost with Two pairs : Aces and 6


Winamax Poker - Tournament "LE SUD VS LE RESTE DU MONDE" buyIn: 1.80€ + 0.20€ level: 7 - HandId: #3112700513242579145-22-1703623085 - Holdem no limit (70/300/600) - 2023/12/26 20:38:05 UTC
Table: 'LE SUD VS LE RESTE DU MONDE(724732064)#0200' 6-max (real money) Seat #6 is the button
Seat 1: Budslav (59855, 2.47€ bounty)
Seat 2: RALOGA (13288, 0.90€ bounty)
Seat 3: P1xel7 (24626, 0.90€ bounty)
Seat 4: bleuf aps (20000, 0.90€ bounty)
Seat 5: Rapha 51 (45102, 1.35€ bounty)
*** ANTE/BLINDS ***
Budslav posts ante 70
RALOGA posts ante 70
P1xel7 posts ante 70
bleuf aps posts ante 70
Rapha 51 posts ante 70
Budslav posts small blind 300
RALOGA posts big blind 600
Dealt to P1xel7 [7s Jd]
*** PRE-FLOP *** 
P1xel7 folds
bleuf aps folds
Rapha 51 raises 1200 to 1800
Budslav folds
RALOGA folds
Rapha 51 collected 3050 from pot
*** SUMMARY ***
Total pot 3050 | No rake
Seat 5: Rapha 51 won 3050


Winamax Poker - Tournament "LE SUD VS LE RESTE DU MONDE" buyIn: 1.80€ + 0.20€ level: 7 - HandId: #3112700513242579145-23-1703623157 - Holdem no limit (70/300/600) - 2023/12/26 20:39:17 UTC
Table: 'LE SUD VS LE RESTE DU MONDE(724732064)#0200' 6-max (real money) Seat #1 is the button
Seat 1: Budslav (59485, 2.47€ bounty)
Seat 2: RALOGA (12618, 0.90€ bounty)
Seat 3: P1xel7 (24556, 0.90€ bounty)
Seat 4: bleuf aps (19930, 0.90€ bounty)
Seat 5: Rapha 51 (46282, 1.35€ bounty)
Seat 6: 46johan58 (20000, 0.90€ bounty)
*** ANTE/BLINDS ***
RALOGA posts ante 70
P1xel7 posts ante 70
Budslav posts ante 70
bleuf aps posts ante 70
Rapha 51 posts ante 70
46johan58 posts ante 70
RALOGA posts small blind 300
P1xel7 posts big blind 600
Dealt to P1xel7 [6s Tc]
*** PRE-FLOP *** 
bleuf aps folds
Rapha 51 folds
46johan58 folds
Budslav folds
RALOGA folds
P1xel7 collected 1320 from pot
*** SUMMARY ***
Total pot 1320 | No rake
Seat 3: P1xel7 (big blind) won 1320


Winamax Poker - Tournament "LE SUD VS LE RESTE DU MONDE" buyIn: 1.80€ + 0.20€ level: 7 - HandId: #3112700513242579145-24-1703623175 - Holdem no limit (70/300/600) - 2023/12/26 20:39:35 UTC
Table: 'LE SUD VS LE RESTE DU MONDE(724732064)#0200' 6-max (real money) Seat #2 is the button
Seat 1: Budslav (59415, 2.47€ bounty)
Seat 2: RALOGA (12248, 0.90€ bounty)
Seat 3: P1xel7 (25206, 0.90€ bounty)
Seat 4: bleuf aps (19860, 0.90€ bounty)
Seat 5: Rapha 51 (46212, 1.35€ bounty)
Seat 6: 46johan58 (19930, 0.90€ bounty)
*** ANTE/BLINDS ***
P1xel7 posts ante 70
bleuf aps posts ante 70
Budslav posts ante 70
RALOGA posts ante 70
Rapha 51 posts ante 70
46johan58 posts ante 70
P1xel7 posts small blind 300
bleuf aps posts big blind 600
Dealt to P1xel7 [4c Js]
*** PRE-FLOP *** 
Rapha 51 calls 600
46johan58 folds
Budslav folds
RALOGA folds
P1xel7 folds
bleuf aps checks
*** FLOP *** [Qd As 9h]
bleuf aps checks
Rapha 51 checks
*** TURN *** [Qd As 9h][Kc]
bleuf aps bets 600
Rapha 51 calls 600
*** RIVER *** [Qd As 9h Kc][2d]
bleuf aps bets 600
Rapha 51 calls 600
*** SHOW DOWN ***
Rapha 51 shows [Jd 9d] (One pair : 9)
bleuf aps shows [7s Kh] (One pair : Kings)
bleuf aps collected 4320 from pot
*** SUMMARY ***
Total pot 4320 | No rake
Board: [Qd As 9h Kc 2d]
Seat 4: bleuf aps (big blind) showed [7s Kh] and won 4320 with One pair : Kings
Seat 5: Rapha 51 showed [Jd 9d] and lost with One pair : 9


Winamax Poker - Tournament "LE SUD VS LE RESTE DU MONDE" buyIn: 1.80€ + 0.20€ level: 7 - HandId: #3112700513242579145-25-1703623225 - Holdem no limit (70/300/600) - 2023/12/26 20:40:25 UTC
Table: 'LE SUD VS LE RESTE DU MONDE(724732064)#0200' 6-max (real money) Seat #3 is the button
Seat 1: Budslav (59345, 2.47€ bounty)
Seat 2: RALOGA (12178, 0.90€ bounty)
Seat 3: P1xel7 (24836, 0.90€ bounty)
Seat 4: bleuf aps (22310, 0.90€ bounty)
Seat 5: Rapha 51 (44342, 1.35€ bounty)
Seat 6: 46johan58 (19860, 0.90€ bounty)
*** ANTE/BLINDS ***
bleuf aps posts ante 70
Rapha 51 posts ante 70
Budslav posts ante 70
RALOGA posts ante 70
P1xel7 posts ante 70
46johan58 posts ante 70
bleuf aps posts small blind 300
Rapha 51 posts big blind 600
Dealt to P1xel7 [Ts 4c]
*** PRE-FLOP *** 
46johan58 raises 1920 to 2520
Budslav folds
RALOGA folds
P1xel7 folds
bleuf aps folds
Rapha 51 calls 1920
*** FLOP *** [8h Jh Kh]
Rapha 51 checks
46johan58 bets 17270 and is all-in
Rapha 51 folds
46johan58 collected 23030 from pot
*** SUMMARY ***
Total pot 23030 | No rake
Board: [8h Jh Kh]
Seat 6: 46johan58 won 23030


Winamax Poker - Tournament "LE SUD VS LE RESTE DU MONDE" buyIn: 1.80€ + 0.20€ level: 7 - HandId: #3112700513242579145-26-1703623289 - Holdem no limit (70/300/600) - 2023/12/26 20:41:29 UTC
Table: 'LE SUD VS LE RESTE DU MONDE(724732064)#0200' 6-max (real money) Seat #4 is the button
Seat 1: Budslav (59275, 2.47€ bounty)
Seat 2: RALOGA (12108, 0.90€ bounty)
Seat 3: P1xel7 (24766, 0.90€ bounty)
Seat 4: bleuf aps (21940, 0.90€ bounty)
Seat 5: Rapha 51 (41752, 1.35€ bounty)
Seat 6: 46johan58 (23030, 0.90€ bounty)
*** ANTE/BLINDS ***
Rapha 51 posts ante 70
46johan58 posts ante 70
Budslav posts ante 70
RALOGA posts ante 70
P1xel7 posts ante 70
bleuf aps posts ante 70
Rapha 51 posts small blind 300
46johan58 posts big blind 600
Dealt to P1xel7 [2d 8d]
*** PRE-FLOP *** 
Budslav folds
RALOGA folds
P1xel7 folds
bleuf aps raises 21270 to 21870 and is all-in
Rapha 51 folds
46johan58 folds
bleuf aps collected 23190 from pot
*** SUMMARY ***
Total pot 23190 | No rake
Seat 4: bleuf aps (button) won 23190


Winamax Poker - Tournament "LE SUD VS LE RESTE DU MONDE" buyIn: 1.80€ + 0.20€ level: 7 - HandId: #3112700513242579145-27-1703623322 - Holdem no limit (70/300/600) - 2023/12/26 20:42:02 UTC
Table: 'LE SUD VS LE RESTE DU MONDE(724732064)#0200' 6-max (real money) Seat #5 is the button
Seat 1: Budslav (59205, 2.47€ bounty)
Seat 2: RALOGA (12038, 0.90€ bounty)
Seat 3: P1xel7 (24696, 0.90€ bounty)
Seat 4: bleuf aps (23190, 0.90€ bounty)
Seat 5: Rapha 51 (41382, 1.35€ bounty)
Seat 6: 46johan58 (22360, 0.90€ bounty)
*** ANTE/BLINDS ***
46johan58 posts ante 70
Budslav posts ante 70
RALOGA posts ante 70
P1xel7 posts ante 70
bleuf aps posts ante 70
Rapha 51 posts ante 70
46johan58 posts small blind 300
Budslav posts big blind 600
Dealt to P1xel7 [3h 5s]
*** PRE-FLOP *** 
RALOGA folds
P1xel7 folds
bleuf aps folds
Rapha 51 folds
46johan58 folds
Budslav collected 1320 from pot
*** SUMMARY ***
Total pot 1320 | No rake
Seat 1: Budslav (big blind) won 1320


Winamax Poker - Tournament "LE SUD VS LE RESTE DU MONDE" buyIn: 1.80€ + 0.20€ level: 8 - HandId: #3112700513242579145-28-1703623357 - Holdem no limit (80/350/700) - 2023/12/26 20:42:37 UTC
Table: 'LE SUD VS LE RESTE DU MONDE(724732064)#0200' 6-max (real money) Seat #6 is the button
Seat 1: Budslav (59855, 2.47€ bounty)
Seat 2: RALOGA (11968, 0.90€ bounty)
Seat 3: P1xel7 (24626, 0.90€ bounty)
Seat 4: bleuf aps (23120, 0.90€ bounty)
Seat 5: Rapha 51 (41312, 1.35€ bounty)
Seat 6: 46johan58 (21990, 0.90€ bounty)
*** ANTE/BLINDS ***
Budslav posts ante 80
RALOGA posts ante 80
P1xel7 posts ante 80
bleuf aps posts ante 80
Rapha 51 posts ante 80
46johan58 posts ante 80
Budslav posts small blind 350
RALOGA posts big blind 700
Dealt to P1xel7 [2c Js]
*** PRE-FLOP *** 
P1xel7 folds
bleuf aps folds
Rapha 51 folds
46johan58 folds
Budslav raises 59075 to 59775 and is all-in
RALOGA folds
Budslav collected 60955 from pot
*** SUMMARY ***
Total pot 60955 | No rake
Seat 1: Budslav (small blind) won 60955


Winamax Poker - Tournament "LE SUD VS LE RESTE DU MONDE" buyIn: 1.80€ + 0.20€ level: 8 - HandId: #3112700513242579145-29-1703623380 - Holdem no limit (80/350/700) - 2023/12/26 20:43:00 UTC
Table: 'LE SUD VS LE RESTE DU MONDE(724732064)#0200' 6-max (real money) Seat #1 is the button
Seat 1: Budslav (60955, 2.47€ bounty)
Seat 2: RALOGA (11188, 0.90€ bounty)
Seat 3: P1xel7 (24546, 0.90€ bounty)
Seat 4: bleuf aps (23040, 0.90€ bounty)
Seat 5: Rapha 51 (41232, 1.35€ bounty)
Seat 6: 46johan58 (21910, 0.90€ bounty)
*** ANTE/BLINDS ***
RALOGA posts ante 80
P1xel7 posts ante 80
Budslav posts ante 80
bleuf aps posts ante 80
Rapha 51 posts ante 80
46johan58 posts ante 80
RALOGA posts small blind 350
P1xel7 posts big blind 700
Dealt to P1xel7 [8h 6h]
*** PRE-FLOP *** 
bleuf aps folds
Rapha 51 calls 700
46johan58 folds
Budslav raises 2100 to 2800
RALOGA folds
P1xel7 folds
Rapha 51 calls 2100
*** FLOP *** [Qd Qs Th]
Rapha 51 checks
Budslav bets 2496
Rapha 51 calls 2496
*** TURN *** [Qd Qs Th][4c]
Rapha 51 checks
Budslav bets 4243
Rapha 51 calls 4243
*** RIVER *** [Qd Qs Th 4c][5s]
Rapha 51 checks
Budslav checks
*** SHOW DOWN ***
Budslav shows [Jd Ah] (One pair : Queens)
Rapha 51 shows [7c 7d] (Two pairs : Queens and 7)
Rapha 51 collected 20608 from pot
*** SUMMARY ***
Total pot 20608 | No rake
Board: [Qd Qs Th 4c 5s]
Seat 1: Budslav (button) showed [Jd Ah] and lost with One pair : Queens
Seat 5: Rapha 51 showed [7c 7d] and won 20608 with Two pairs : Queens and 7


Winamax Poker - Tournament "LE SUD VS LE RESTE DU MONDE" buyIn: 1.80€ + 0.20€ level: 8 - HandId: #3112700513242579145-30-1703623481 - Holdem no limit (80/350/700) - 2023/12/26 20:44:41 UTC
Table: 'LE SUD VS LE RESTE DU MONDE(724732064)#0200' 6-max (real money) Seat #2 is the button
Seat 1: Budslav (51336, 2.47€ bounty)
Seat 2: RALOGA (10758, 0.90€ bounty)
Seat 3: P1xel7 (23766, 0.90€ bounty)
Seat 4: bleuf aps (22960, 0.90€ bounty)
Seat 5: Rapha 51 (52221, 1.35€ bounty)
Seat 6: 46johan58 (21830, 0.90€ bounty)
*** ANTE/BLINDS ***
P1xel7 posts ante 80
bleuf aps posts ante 80
Budslav posts ante 80
RALOGA posts ante 80
Rapha 51 posts ante 80
46johan58 posts ante 80
P1xel7 posts small blind 350
bleuf aps posts big blind 700
Dealt to P1xel7 [6d Kd]
*** PRE-FLOP *** 
Rapha 51 calls 700
46johan58 folds
Budslav folds
RALOGA folds
P1xel7 folds
bleuf aps checks
*** FLOP *** [7c 4s 3h]
bleuf aps checks
Rapha 51 checks
*** TURN *** [7c 4s 3h][7h]
bleuf aps bets 2230
Rapha 51 folds
bleuf aps collected 4460 from pot
*** SUMMARY ***
Total pot 4460 | No rake
Board: [7c 4s 3h 7h]
Seat 4: bleuf aps (big blind) won 4460


Winamax Poker - Tournament "LE SUD VS LE RESTE DU MONDE" buyIn: 1.80€ + 0.20€ level: 8 - HandId: #3112700513242579145-31-1703623549 - Holdem no limit (80/350/700) - 2023/12/26 20:45:49 UTC
Table: 'LE SUD VS LE RESTE DU MONDE(724732064)#0200' 6-max (real money) Seat #3 is the button
Seat 1: Budslav (51256, 2.47€ bounty)
Seat 2: RALOGA (10678, 0.90€ bounty)
Seat 3: P1xel7 (23336, 0.90€ bounty)
Seat 4: bleuf aps (24410, 0.90€ bounty)
Seat 5: Rapha 51 (51441, 1.35€ bounty)
Seat 6: 46johan58 (21750, 0.90€ bounty)
*** ANTE/BLINDS ***
bleuf aps posts ante 80
Rapha 51 posts ante 80
Budslav posts ante 80
RALOGA posts ante 80
P1xel7 posts ante 80
46johan58 posts ante 80
bleuf aps posts small blind 350
Rapha 51 posts big blind 700
Dealt to P1xel7 [8s 2d]
*** PRE-FLOP *** 
46johan58 folds
Budslav folds
RALOGA raises 9898 to 10598 and is all-in
P1xel7 folds
bleuf aps calls 10248
Rapha 51 folds
*** FLOP *** [3h 6d Kc]
*** TURN *** [3h 6d Kc][2h]
*** RIVER *** [3h 6d Kc 2h][Qd]
*** SHOW DOWN ***
bleuf aps shows [Ac 5d] (High card : Ace)
RALOGA shows [As Qh] (One pair : Queens)
RALOGA collected 22376 from pot
*** SUMMARY ***
Total pot 22376 | No rake
Board: [3h 6d Kc 2h Qd]
Seat 2: RALOGA showed [As Qh] and won 22376 with One pair : Queens
Seat 4: bleuf aps (small blind) showed [Ac 5d] and lost with High card : Ace


Winamax Poker - Tournament "LE SUD VS LE RESTE DU MONDE" buyIn: 1.80€ + 0.20€ level: 8 - HandId: #3112700513242579145-32-1703623594 - Holdem no limit (80/350/700) - 2023/12/26 20:46:34 UTC
Table: 'LE SUD VS LE RESTE DU MONDE(724732064)#0200' 6-max (real money) Seat #4 is the button
Seat 1: Budslav (51176, 2.47€ bounty)
Seat 2: RALOGA (22376, 0.90€ bounty)
Seat 3: P1xel7 (23256, 0.90€ bounty)
Seat 4: bleuf aps (13732, 0.90€ bounty)
Seat 5: Rapha 51 (50661, 1.35€ bounty)
Seat 6: 46johan58 (21670, 0.90€ bounty)
*** ANTE/BLINDS ***
Rapha 51 posts ante 80
46johan58 posts ante 80
Budslav posts ante 80
RALOGA posts ante 80
P1xel7 posts ante 80
bleuf aps posts ante 80
Rapha 51 posts small blind 350
46johan58 posts big blind 700
Dealt to P1xel7 [2c Qc]
*** PRE-FLOP *** 
Budslav folds
RALOGA raises 21596 to 22296 and is all-in
P1xel7 folds
bleuf aps calls 13652 and is all-in
Rapha 51 folds
46johan58 folds
*** FLOP *** [Th Kh 6d]
*** TURN *** [Th Kh 6d][4s]
*** RIVER *** [Th Kh 6d 4s][6s]
*** SHOW DOWN ***
bleuf aps shows [4d 7d] (Two pairs : 6 and 4)
RALOGA shows [Kd As] (Two pairs : Kings and 6)
RALOGA collected 37478 from pot
*** SUMMARY ***
Total pot 37478 | No rake
Board: [Th Kh 6d 4s 6s]
Seat 2: RALOGA showed [Kd As] and won 37478 with Two pairs : Kings and 6
Seat 4: bleuf aps (button) showed [4d 7d] and lost with Two pairs : 6 and 4


Winamax Poker - Tournament "LE SUD VS LE RESTE DU MONDE" buyIn: 1.80€ + 0.20€ level: 8 - HandId: #3112700513242579145-33-1703623618 - Holdem no limit (80/350/700) - 2023/12/26 20:46:58 UTC
Table: 'LE SUD VS LE RESTE DU MONDE(724732064)#0200' 6-max (real money) Seat #5 is the button
Seat 1: Budslav (51096, 2.47€ bounty)
Seat 2: RALOGA (37478, 1.35€ bounty)
Seat 3: P1xel7 (23176, 0.90€ bounty)
Seat 5: Rapha 51 (50231, 1.35€ bounty)
Seat 6: 46johan58 (20890, 0.90€ bounty)
*** ANTE/BLINDS ***
46johan58 posts ante 80
Budslav posts ante 80
RALOGA posts ante 80
P1xel7 posts ante 80
Rapha 51 posts ante 80
46johan58 posts small blind 350
Budslav posts big blind 700
Dealt to P1xel7 [Qd Kc]
*** PRE-FLOP *** 
RALOGA folds
P1xel7 raises 1050 to 1750
Rapha 51 folds
46johan58 folds
Budslav folds
P1xel7 collected 3200 from pot
*** SUMMARY ***
Total pot 3200 | No rake
Seat 3: P1xel7 won 3200


Winamax Poker - Tournament "LE SUD VS LE RESTE DU MONDE" buyIn: 1.80€ + 0.20€ level: 8 - HandId: #3112700513242579145-34-1703623668 - Holdem no limit (80/350/700) - 2023/12/26 20:47:48 UTC
Table: 'LE SUD VS LE RESTE DU MONDE(724732064)#0200' 6-max (real money) Seat #6 is the button
Seat 1: Budslav (50316, 2.47€ bounty)
Seat 2: RALOGA (37398, 1.35€ bounty)
Seat 3: P1xel7 (24546, 0.90€ bounty)
Seat 4: Kcdse_35 (20000, 0.90€ bounty)
Seat 5: Rapha 51 (50151, 1.35€ bounty)
Seat 6: 46johan58 (20460, 0.90€ bounty)
*** ANTE/BLINDS ***
Budslav posts ante 80
RALOGA posts ante 80
P1xel7 posts ante 80
Kcdse_35 posts ante 80
Rapha 51 posts ante 80
46johan58 posts ante 80
Budslav posts small blind 350
RALOGA posts big blind 700
Dealt to P1xel7 [Tc Th]
*** PRE-FLOP *** 
P1xel7 raises 840 to 1540
Kcdse_35 folds
Rapha 51 folds
46johan58 folds
Budslav calls 1190
RALOGA folds
*** FLOP *** [6d 2h Jd]
Budslav checks
P1xel7 bets 1491
Budslav calls 1491
*** TURN *** [6d 2h Jd][Ks]
Budslav checks
P1xel7 bets 2535
Budslav calls 2535
*** RIVER *** [6d 2h Jd Ks][Jc]
Budslav checks
P1xel7 checks
*** SHOW DOWN ***
Budslav shows [Qh Ah] (One pair : Jacks)
P1xel7 shows [Tc Th] (Two pairs : Jacks and Tens)
P1xel7 collected 12312 from pot
*** SUMMARY ***
Total pot 12312 | No rake
Board: [6d 2h Jd Ks Jc]
Seat 1: Budslav (small blind) showed [Qh Ah] and lost with One pair : Jacks
Seat 3: P1xel7 showed [Tc Th] and won 12312 with Two pairs : Jacks and Tens


Winamax Poker - Tournament "LE SUD VS LE RESTE DU MONDE" buyIn: 1.80€ + 0.20€ level: 9 - HandId: #3112700513242579145-35-1703623710 - Holdem no limit (100/400/800) - 2023/12/26 20:48:30 UTC
Table: 'LE SUD VS LE RESTE DU MONDE(724732064)#0200' 6-max (real money) Seat #1 is the button
Seat 1: Budslav (44670, 2.47€ bounty)
Seat 2: RALOGA (36618, 1.35€ bounty)
Seat 3: P1xel7 (31212, 0.90€ bounty)
Seat 4: Kcdse_35 (19920, 0.90€ bounty)
Seat 5: Rapha 51 (50071, 1.35€ bounty)
Seat 6: 46johan58 (20380, 0.90€ bounty)
*** ANTE/BLINDS ***
RALOGA posts ante 100
P1xel7 posts ante 100
Budslav posts ante 100
Kcdse_35 posts ante 100
Rapha 51 posts ante 100
46johan58 posts ante 100
RALOGA posts small blind 400
P1xel7 posts big blind 800
Dealt to P1xel7 [5h 3h]
*** PRE-FLOP *** 
Kcdse_35 folds
Rapha 51 folds
46johan58 folds
Budslav raises 1600 to 2400
RALOGA folds
P1xel7 folds
Budslav collected 4200 from pot
*** SUMMARY ***
Total pot 4200 | No rake
Seat 1: Budslav (button) won 4200


Winamax Poker - Tournament "LE SUD VS LE RESTE DU MONDE" buyIn: 1.80€ + 0.20€ level: 9 - HandId: #3112700513242579145-36-1703623737 - Holdem no limit (100/400/800) - 2023/12/26 20:48:57 UTC
Table: 'LE SUD VS LE RESTE DU MONDE(724732064)#0200' 6-max (real money) Seat #2 is the button
Seat 1: Budslav (46370, 2.47€ bounty)
Seat 2: RALOGA (36118, 1.35€ bounty)
Seat 3: P1xel7 (30312, 0.90€ bounty)
Seat 4: Kcdse_35 (19820, 0.90€ bounty)
Seat 5: Rapha 51 (49971, 1.35€ bounty)
Seat 6: 46johan58 (20280, 0.90€ bounty)
*** ANTE/BLINDS ***
P1xel7 posts ante 100
Kcdse_35 posts ante 100
Budslav posts ante 100
RALOGA posts ante 100
Rapha 51 posts ante 100
46johan58 posts ante 100
P1xel7 posts small blind 400
Kcdse_35 posts big blind 800
Dealt to P1xel7 [4d 8d]
*** PRE-FLOP *** 
Rapha 51 folds
46johan58 folds
Budslav raises 1200 to 2000
RALOGA folds
P1xel7 folds
Kcdse_35 calls 1200
*** FLOP *** [Ah Qh Jh]
Kcdse_35 checks
Budslav bets 44270 and is all-in
Kcdse_35 folds
Budslav collected 49270 from pot
*** SUMMARY ***
Total pot 49270 | No rake
Board: [Ah Qh Jh]
Seat 1: Budslav won 49270


Winamax Poker - Tournament "LE SUD VS LE RESTE DU MONDE" buyIn: 1.80€ + 0.20€ level: 9 - HandId: #3112700513242579145-37-1703623786 - Holdem no limit (100/400/800) - 2023/12/26 20:49:46 UTC
Table: 'LE SUD VS LE RESTE DU MONDE(724732064)#0200' 6-max (real money) Seat #3 is the button
Seat 1: Budslav (49270, 2.47€ bounty)
Seat 2: RALOGA (36018, 1.35€ bounty)
Seat 3: P1xel7 (29812, 0.90€ bounty)
Seat 4: Kcdse_35 (17720, 0.90€ bounty)
Seat 5: Rapha 51 (49871, 1.35€ bounty)
Seat 6: 46johan58 (20180, 0.90€ bounty)
*** ANTE/BLINDS ***
Kcdse_35 posts ante 100
Rapha 51 posts ante 100
Budslav posts ante 100
RALOGA posts ante 100
P1xel7 posts ante 100
46johan58 posts ante 100
Kcdse_35 posts small blind 400
Rapha 51 posts big blind 800
Dealt to P1xel7 [7d Ac]
*** PRE-FLOP *** 
46johan58 folds
Budslav folds
RALOGA folds
P1xel7 raises 960 to 1760
Kcdse_35 folds
Rapha 51 raises 3520 to 5280
P1xel7 folds
Rapha 51 collected 8040 from pot
*** SUMMARY ***
Total pot 8040 | No rake
Seat 5: Rapha 51 (big blind) won 8040


Winamax Poker - Tournament "LE SUD VS LE RESTE DU MONDE" buyIn: 1.80€ + 0.20€ level: 9 - HandId: #3112700513242579145-38-1703623839 - Holdem no limit (100/400/800) - 2023/12/26 20:50:39 UTC
Table: 'LE SUD VS LE RESTE DU MONDE(724732064)#0200' 6-max (real money) Seat #4 is the button
Seat 1: Budslav (49170, 2.47€ bounty)
Seat 2: RALOGA (35918, 1.35€ bounty)
Seat 3: P1xel7 (27952, 0.90€ bounty)
Seat 4: Kcdse_35 (17220, 0.90€ bounty)
Seat 5: Rapha 51 (52531, 1.35€ bounty)
Seat 6: 46johan58 (20080, 0.90€ bounty)
*** ANTE/BLINDS ***
Rapha 51 posts ante 100
46johan58 posts ante 100
Budslav posts ante 100
RALOGA posts ante 100
P1xel7 posts ante 100
Kcdse_35 posts ante 100
Rapha 51 posts small blind 400
46johan58 posts big blind 800
Dealt to P1xel7 [4c 9s]
*** PRE-FLOP *** 
Budslav raises 800 to 1600
RALOGA folds
P1xel7 folds
Kcdse_35 calls 1600
Rapha 51 folds
46johan58 folds
*** FLOP *** [Ah 2c 8s]
Budslav bets 2500
Kcdse_35 calls 2500
*** TURN *** [Ah 2c 8s][Qc]
Budslav checks
Kcdse_35 checks
*** RIVER *** [Ah 2c 8s Qc][Qs]
Budslav checks
Kcdse_35 bets 10000
Budslav folds
Kcdse_35 collected 20000 from pot
*** SUMMARY ***
Total pot 20000 | No rake
Board: [Ah 2c 8s Qc Qs]
Seat 4: Kcdse_35 (button) won 20000


Winamax Poker - Tournament "LE SUD VS LE RESTE DU MONDE" buyIn: 1.80€ + 0.20€ level: 9 - HandId: #3112700513242579145-39-1703623938 - Holdem no limit (100/400/800) - 2023/12/26 20:52:18 UTC
Table: 'LE SUD VS LE RESTE DU MONDE(724732064)#0200' 6-max (real money) Seat #5 is the button
Seat 1: Budslav (44970, 2.47€ bounty)
Seat 2: RALOGA (35818, 1.35€ bounty)
Seat 3: P1xel7 (27852, 0.90€ bounty)
Seat 4: Kcdse_35 (23020, 0.90€ bounty)
Seat 5: Rapha 51 (52031, 1.35€ bounty)
Seat 6: 46johan58 (19180, 0.90€ bounty)
*** ANTE/BLINDS ***
46johan58 posts ante 100
Budslav posts ante 100
RALOGA posts ante 100
P1xel7 posts ante 100
Kcdse_35 posts ante 100
Rapha 51 posts ante 100
46johan58 posts small blind 400
Budslav posts big blind 800
Dealt to P1xel7 [9s 5s]
*** PRE-FLOP *** 
RALOGA raises 1000 to 1800
P1xel7 folds
Kcdse_35 folds
Rapha 51 folds
46johan58 folds
Budslav calls 1000
*** FLOP *** [Jc Qd 8d]
Budslav checks
RALOGA bets 1150
Budslav calls 1150
*** TURN *** [Jc Qd 8d][5c]
Budslav checks
RALOGA bets 1725
Budslav raises 6124 to 7849
RALOGA calls 6124
*** RIVER *** [Jc Qd 8d 5c][Kh]
Budslav checks
RALOGA checks
*** SHOW DOWN ***
RALOGA shows [Ah Ac] (One pair : Aces)
Budslav shows [Ts 9c] (Straight King high)
Budslav collected 22598 from pot
*** SUMMARY ***
Total pot 22598 | No rake
Board: [Jc Qd 8d 5c Kh]
Seat 1: Budslav (big blind) showed [Ts 9c] and won 22598 with Straight King high
Seat 2: RALOGA showed [Ah Ac] and lost with One pair : Aces


Winamax Poker - Tournament "LE SUD VS LE RESTE DU MONDE" buyIn: 1.80€ + 0.20€ level: 9 - HandId: #3112700513242579145-40-1703624022 - Holdem no limit (100/400/800) - 2023/12/26 20:53:42 UTC
Table: 'LE SUD VS LE RESTE DU MONDE(724732064)#0200' 6-max (real money) Seat #6 is the button
Seat 1: Budslav (56669, 2.47€ bounty)
Seat 2: RALOGA (24919, 1.35€ bounty)
Seat 3: P1xel7 (27752, 0.90€ bounty)
Seat 4: Kcdse_35 (22920, 0.90€ bounty)
Seat 5: Rapha 51 (51931, 1.35€ bounty)
Seat 6: 46johan58 (18680, 0.90€ bounty)
*** ANTE/BLINDS ***
Budslav posts ante 100
RALOGA posts ante 100
P1xel7 posts ante 100
Kcdse_35 posts ante 100
Rapha 51 posts ante 100
46johan58 posts ante 100
Budslav posts small blind 400
RALOGA posts big blind 800
Dealt to P1xel7 [3h Ts]
*** PRE-FLOP *** 
P1xel7 folds
Kcdse_35 raises 1200 to 2000
Rapha 51 folds
46johan58 folds
Budslav calls 1600
RALOGA calls 1200
*** FLOP *** [Qs As 5h]
Budslav checks
RALOGA checks
Kcdse_35 bets 2310
Budslav calls 2310
RALOGA folds
*** TURN *** [Qs As 5h][9h]
Budslav checks
Kcdse_35 bets 3927
Budslav calls 3927
*** RIVER *** [Qs As 5h 9h][Kh]
Budslav bets 48332 and is all-in
Kcdse_35 calls 14583 and is all-in
*** SHOW DOWN ***
Kcdse_35 shows [Ah Ac] (Trips of Aces)
Budslav shows [Qh 6h] (Flush King high)
Budslav collected 81989 from pot
*** SUMMARY ***
Total pot 81989 | No rake
Board: [Qs As 5h 9h Kh]
Seat 1: Budslav (small blind) showed [Qh 6h] and won 81989 with Flush King high
Seat 4: Kcdse_35 showed [Ah Ac] and lost with Trips of Aces


Winamax Poker - Tournament "LE SUD VS LE RESTE DU MONDE" buyIn: 1.80€ + 0.20€ level: 10 - HandId: #3112700513242579145-41-1703624080 - Holdem no limit (120/500/1000) - 2023/12/26 20:54:40 UTC
Table: 'LE SUD VS LE RESTE DU MONDE(724732064)#0200' 6-max (real money) Seat #1 is the button
Seat 1: Budslav (81989, 2.92€ bounty)
Seat 2: RALOGA (22819, 1.35€ bounty)
Seat 3: P1xel7 (27652, 0.90€ bounty)
Seat 5: Rapha 51 (51831, 1.35€ bounty)
Seat 6: 46johan58 (18580, 0.90€ bounty)
*** ANTE/BLINDS ***
RALOGA posts ante 120
P1xel7 posts ante 120
Budslav posts ante 120
Rapha 51 posts ante 120
46johan58 posts ante 120
RALOGA posts small blind 500
P1xel7 posts big blind 1000
Dealt to P1xel7 [8h 3d]
*** PRE-FLOP *** 
Rapha 51 calls 1000
46johan58 folds
Budslav folds
RALOGA folds
P1xel7 checks
*** FLOP *** [8c Ts 2d]
P1xel7 checks
Rapha 51 bets 2015
P1xel7 raises 3929 to 5944
Rapha 51 calls 3929
*** TURN *** [8c Ts 2d][5s]
P1xel7 checks
Rapha 51 checks
*** RIVER *** [8c Ts 2d 5s][6s]
P1xel7 bets 5246
Rapha 51 calls 5246
*** SHOW DOWN ***
P1xel7 shows [8h 3d] (One pair : 8)
Rapha 51 shows [Td Jd] (One pair : Tens)
Rapha 51 collected 25480 from pot
*** SUMMARY ***
Total pot 25480 | No rake
Board: [8c Ts 2d 5s 6s]
Seat 3: P1xel7 (big blind) showed [8h 3d] and lost with One pair : 8
Seat 5: Rapha 51 showed [Td Jd] and won 25480 with One pair : Tens


Winamax Poker - Tournament "LE SUD VS LE RESTE DU MONDE" buyIn: 1.80€ + 0.20€ level: 10 - HandId: #3112700513242579145-42-1703624462 - Holdem no limit (120/500/1000) - 2023/12/26 21:01:02 UTC
Table: 'LE SUD VS LE RESTE DU MONDE(724732064)#0200' 6-max (real money) Seat #2 is the button
Seat 1: Budslav (81869, 2.92€ bounty)
Seat 2: RALOGA (22199, 1.35€ bounty)
Seat 3: P1xel7 (15342, 0.90€ bounty)
Seat 4: pifpafpoufff (20000, 0.90€ bounty)
Seat 5: Rapha 51 (65001, 1.35€ bounty)
Seat 6: 46johan58 (18460, 0.90€ bounty)
*** ANTE/BLINDS ***
P1xel7 posts ante 120
pifpafpoufff posts ante 120
Budslav posts ante 120
RALOGA posts ante 120
Rapha 51 posts ante 120
46johan58 posts ante 120
P1xel7 posts small blind 500
pifpafpoufff posts big blind 1000
Dealt to P1xel7 [Ac 3c]
*** PRE-FLOP *** 
Rapha 51 folds
46johan58 folds
Budslav folds
RALOGA folds
P1xel7 raises 14222 to 15222 and is all-in
pifpafpoufff raises 4658 to 19880 and is all-in
*** FLOP *** [2s 9c 3s]
*** TURN *** [2s 9c 3s][4h]
*** RIVER *** [2s 9c 3s 4h][Ts]
*** SHOW DOWN ***
P1xel7 shows [Ac 3c] (One pair : 3)
pifpafpoufff shows [Ad Td] (One pair : Tens)
pifpafpoufff collected 35822 from pot
*** SUMMARY ***
Total pot 35822 | No rake
Board: [2s 9c 3s 4h Ts]
Seat 3: P1xel7 (small blind) showed [Ac 3c] and lost with One pair : 3
Seat 4: pifpafpoufff (big blind) showed [Ad Td] and won 35822 with One pair : Tens


