Winamax Poker - Tournament "Expresso Nitro" buyIn: 1.86€ + 0.14€ level: 1 - HandId: #3142522386734120961-1-1702571984 - Holdem no limit (10/20) - 2023/12/14 16:39:44 UTC
Table: 'Expresso Nitro(731675510)#0' 3-max (real money) Seat #1 is the button
Seat 1: bodza1389 (300)
Seat 2: P1xel7 (300)
Seat 3: Rozana (300)
*** ANTE/BLINDS ***
P1xel7 posts small blind 10
Rozana posts big blind 20
Dealt to P1xel7 [Ad 5c]
*** PRE-FLOP *** 
bodza1389 folds
P1xel7 raises 20 to 40
Rozana calls 20
*** FLOP *** [Qc Td Kd]
P1xel7 checks
Rozana checks
*** TURN *** [Qc Td Kd][6s]
P1xel7 checks
Rozana bets 40
P1xel7 folds
Rozana collected 120 from pot
*** SUMMARY ***
Total pot 120 | No rake
Board: [Qc Td Kd 6s]
Seat 3: Rozana (big blind) won 120


Winamax Poker - Tournament "Expresso Nitro" buyIn: 1.86€ + 0.14€ level: 1 - HandId: #3142522386734120961-2-1702572027 - Holdem no limit (10/20) - 2023/12/14 16:40:27 UTC
Table: 'Expresso Nitro(731675510)#0' 3-max (real money) Seat #2 is the button
Seat 1: bodza1389 (300)
Seat 2: P1xel7 (260)
Seat 3: Rozana (340)
*** ANTE/BLINDS ***
Rozana posts small blind 10
bodza1389 posts big blind 20
Dealt to P1xel7 [Ts 7c]
*** PRE-FLOP *** 
P1xel7 folds
Rozana raises 30 to 50
bodza1389 calls 30
*** FLOP *** [Qd 8d Qs]
Rozana bets 50
bodza1389 calls 50
*** TURN *** [Qd 8d Qs][Qc]
Rozana bets 100
bodza1389 calls 100
*** RIVER *** [Qd 8d Qs Qc][Ac]
Rozana bets 140 and is all-in
bodza1389 calls 100 and is all-in
*** SHOW DOWN ***
bodza1389 shows [5s 5d] (Full of Queens and 5)
Rozana shows [Ah Th] (Full of Queens and Aces)
Rozana collected 640 from pot
*** SUMMARY ***
Total pot 640 | No rake
Board: [Qd 8d Qs Qc Ac]
Seat 1: bodza1389 (big blind) showed [5s 5d] and lost with Full of Queens and 5
Seat 3: Rozana (small blind) showed [Ah Th] and won 640 with Full of Queens and Aces


Winamax Poker - Tournament "Expresso Nitro" buyIn: 1.86€ + 0.14€ level: 2 - HandId: #3142522386734120961-3-1702572070 - Holdem no limit (15/30) - 2023/12/14 16:41:10 UTC
Table: 'Expresso Nitro(731675510)#0' 3-max (real money) Seat #2 is the button
Seat 2: P1xel7 (260)
Seat 3: Rozana (640)
*** ANTE/BLINDS ***
P1xel7 posts small blind 15
Rozana posts big blind 30
Dealt to P1xel7 [Jh Qc]
*** PRE-FLOP *** 
P1xel7 raises 38 to 68
Rozana calls 38
*** FLOP *** [4h 2d 6c]
Rozana checks
P1xel7 checks
*** TURN *** [4h 2d 6c][6d]
Rozana bets 572 and is all-in
P1xel7 folds
Rozana collected 708 from pot
*** SUMMARY ***
Total pot 708 | No rake
Board: [4h 2d 6c 6d]
Seat 3: Rozana (big blind) won 708


Winamax Poker - Tournament "Expresso Nitro" buyIn: 1.86€ + 0.14€ level: 2 - HandId: #3142522386734120961-4-1702572093 - Holdem no limit (15/30) - 2023/12/14 16:41:33 UTC
Table: 'Expresso Nitro(731675510)#0' 3-max (real money) Seat #3 is the button
Seat 2: P1xel7 (192)
Seat 3: Rozana (708)
*** ANTE/BLINDS ***
Rozana posts small blind 15
P1xel7 posts big blind 30
Dealt to P1xel7 [3c 9s]
*** PRE-FLOP *** 
Rozana folds
P1xel7 collected 45 from pot
*** SUMMARY ***
Total pot 45 | No rake
Seat 2: P1xel7 (big blind) won 45


Winamax Poker - Tournament "Expresso Nitro" buyIn: 1.86€ + 0.14€ level: 2 - HandId: #3142522386734120961-5-1702572098 - Holdem no limit (15/30) - 2023/12/14 16:41:38 UTC
Table: 'Expresso Nitro(731675510)#0' 3-max (real money) Seat #2 is the button
Seat 2: P1xel7 (207)
Seat 3: Rozana (693)
*** ANTE/BLINDS ***
P1xel7 posts small blind 15
Rozana posts big blind 30
Dealt to P1xel7 [Ks 7h]
*** PRE-FLOP *** 
P1xel7 raises 177 to 207 and is all-in
Rozana folds
P1xel7 collected 237 from pot
*** SUMMARY ***
Total pot 237 | No rake
Seat 2: P1xel7 (small blind) (button) won 237


Winamax Poker - Tournament "Expresso Nitro" buyIn: 1.86€ + 0.14€ level: 3 - HandId: #3142522386734120961-6-1702572106 - Holdem no limit (20/40) - 2023/12/14 16:41:46 UTC
Table: 'Expresso Nitro(731675510)#0' 3-max (real money) Seat #3 is the button
Seat 2: P1xel7 (237)
Seat 3: Rozana (663)
*** ANTE/BLINDS ***
Rozana posts small blind 20
P1xel7 posts big blind 40
Dealt to P1xel7 [9s 7c]
*** PRE-FLOP *** 
Rozana raises 623 to 663 and is all-in
P1xel7 folds
Rozana collected 703 from pot
*** SUMMARY ***
Total pot 703 | No rake
Seat 3: Rozana (small blind) (button) won 703


Winamax Poker - Tournament "Expresso Nitro" buyIn: 1.86€ + 0.14€ level: 3 - HandId: #3142522386734120961-7-1702572112 - Holdem no limit (20/40) - 2023/12/14 16:41:52 UTC
Table: 'Expresso Nitro(731675510)#0' 3-max (real money) Seat #2 is the button
Seat 2: P1xel7 (197)
Seat 3: Rozana (703)
*** ANTE/BLINDS ***
P1xel7 posts small blind 20
Rozana posts big blind 40
Dealt to P1xel7 [7c 7h]
*** PRE-FLOP *** 
P1xel7 raises 157 to 197 and is all-in
Rozana calls 157
*** FLOP *** [Kc 6d As]
*** TURN *** [Kc 6d As][4s]
*** RIVER *** [Kc 6d As 4s][3s]
*** SHOW DOWN ***
Rozana shows [Th Qs] (High card : Ace)
P1xel7 shows [7c 7h] (One pair : 7)
P1xel7 collected 394 from pot
*** SUMMARY ***
Total pot 394 | No rake
Board: [Kc 6d As 4s 3s]
Seat 2: P1xel7 (small blind) (button) showed [7c 7h] and won 394 with One pair : 7
Seat 3: Rozana (big blind) showed [Th Qs] and lost with High card : Ace


Winamax Poker - Tournament "Expresso Nitro" buyIn: 1.86€ + 0.14€ level: 3 - HandId: #3142522386734120961-8-1702572128 - Holdem no limit (20/40) - 2023/12/14 16:42:08 UTC
Table: 'Expresso Nitro(731675510)#0' 3-max (real money) Seat #3 is the button
Seat 2: P1xel7 (394)
Seat 3: Rozana (506)
*** ANTE/BLINDS ***
Rozana posts small blind 20
P1xel7 posts big blind 40
Dealt to P1xel7 [Js Jc]
*** PRE-FLOP *** 
Rozana folds
P1xel7 collected 60 from pot
*** SUMMARY ***
Total pot 60 | No rake
Seat 2: P1xel7 (big blind) won 60


Winamax Poker - Tournament "Expresso Nitro" buyIn: 1.86€ + 0.14€ level: 3 - HandId: #3142522386734120961-9-1702572132 - Holdem no limit (20/40) - 2023/12/14 16:42:12 UTC
Table: 'Expresso Nitro(731675510)#0' 3-max (real money) Seat #2 is the button
Seat 2: P1xel7 (414)
Seat 3: Rozana (486)
*** ANTE/BLINDS ***
P1xel7 posts small blind 20
Rozana posts big blind 40
Dealt to P1xel7 [Qd Qs]
*** PRE-FLOP *** 
P1xel7 raises 40 to 80
Rozana raises 406 to 486 and is all-in
P1xel7 calls 334 and is all-in
*** FLOP *** [2s 3s 6d]
*** TURN *** [2s 3s 6d][8d]
*** RIVER *** [2s 3s 6d 8d][8c]
*** SHOW DOWN ***
P1xel7 shows [Qd Qs] (Two pairs : Queens and 8)
Rozana shows [Ad Td] (One pair : 8)
Rozana collected 72 from side pot 1
P1xel7 collected 828 from main pot
*** SUMMARY ***
Total pot 900 | No rake
Board: [2s 3s 6d 8d 8c]
Seat 2: P1xel7 (small blind) (button) showed [Qd Qs] and won 828 with Two pairs : Queens and 8
Seat 3: Rozana (big blind) showed [Ad Td] and won 72 with One pair : 8


Winamax Poker - Tournament "Expresso Nitro" buyIn: 1.86€ + 0.14€ level: 3 - HandId: #3142522386734120961-10-1702572148 - Holdem no limit (20/40) - 2023/12/14 16:42:28 UTC
Table: 'Expresso Nitro(731675510)#0' 3-max (real money) Seat #3 is the button
Seat 2: P1xel7 (828)
Seat 3: Rozana (72)
*** ANTE/BLINDS ***
Rozana posts small blind 20
P1xel7 posts big blind 40
Dealt to P1xel7 [2s 3h]
*** PRE-FLOP *** 
Rozana raises 32 to 72 and is all-in
P1xel7 calls 32
*** FLOP *** [Ac 2c Jd]
*** TURN *** [Ac 2c Jd][9c]
*** RIVER *** [Ac 2c Jd 9c][8h]
*** SHOW DOWN ***
Rozana shows [Qh Ks] (High card : Ace)
P1xel7 shows [2s 3h] (One pair : 2)
P1xel7 collected 144 from pot
*** SUMMARY ***
Total pot 144 | No rake
Board: [Ac 2c Jd 9c 8h]
Seat 2: P1xel7 (big blind) showed [2s 3h] and won 144 with One pair : 2
Seat 3: Rozana (small blind) (button) showed [Qh Ks] and lost with High card : Ace


