Winamax Poker - Tournament "Trident" buyIn: 1.80€ + 0.20€ level: 1 - HandId: #3102743877107318863-1-1703016968 - Holdem no limit (3/10/20) - 2023/12/19 20:16:08 UTC
Table: 'Trident(722413854)#0078' 3-max (real money) Seat #3 is the button
Seat 2: morgane.12 (497, 0.90€ bounty)
Seat 3: P1xel7 (500, 0.90€ bounty)
*** ANTE/BLINDS ***
P1xel7 posts ante 3
morgane.12 posts ante 3
P1xel7 posts small blind 10
morgane.12 posts big blind 20
Dealt to P1xel7 [Kc Jd]
*** PRE-FLOP *** 
P1xel7 raises 30 to 50
morgane.12 folds
P1xel7 collected 76 from pot
*** SUMMARY ***
Total pot 76 | No rake
Seat 3: P1xel7 (small blind) (button) won 76


Winamax Poker - Tournament "Trident" buyIn: 1.80€ + 0.20€ level: 1 - HandId: #3102743877107318863-2-1703016977 - Holdem no limit (3/10/20) - 2023/12/19 20:16:17 UTC
Table: 'Trident(722413854)#0078' 3-max (real money) Seat #2 is the button
Seat 1: Clo71 (500, 0.90€ bounty)
Seat 2: morgane.12 (474, 0.90€ bounty)
Seat 3: P1xel7 (523, 0.90€ bounty)
*** ANTE/BLINDS ***
morgane.12 posts ante 3
P1xel7 posts ante 3
morgane.12 posts small blind 10
P1xel7 posts big blind 20
Dealt to P1xel7 [Jc 7s]
*** PRE-FLOP *** 
morgane.12 folds
P1xel7 collected 36 from pot
*** SUMMARY ***
Total pot 36 | No rake
Seat 3: P1xel7 (big blind) won 36


Winamax Poker - Tournament "Trident" buyIn: 1.80€ + 0.20€ level: 1 - HandId: #3102743877107318863-3-1703016980 - Holdem no limit (3/10/20) - 2023/12/19 20:16:20 UTC
Table: 'Trident(722413854)#0078' 3-max (real money) Seat #2 is the button
Seat 1: Clo71 (500, 0.90€ bounty)
Seat 2: morgane.12 (461, 0.90€ bounty)
Seat 3: P1xel7 (536, 0.90€ bounty)
*** ANTE/BLINDS ***
P1xel7 posts ante 3
Clo71 posts ante 3
morgane.12 posts ante 3
P1xel7 posts small blind 10
Clo71 posts big blind 20
Dealt to P1xel7 [Jd 2c]
*** PRE-FLOP *** 
morgane.12 calls 20
P1xel7 folds
Clo71 checks
*** FLOP *** [Qc 5d 6s]
Clo71 checks
morgane.12 checks
*** TURN *** [Qc 5d 6s][2d]
Clo71 checks
morgane.12 checks
*** RIVER *** [Qc 5d 6s 2d][6h]
Clo71 bets 38
morgane.12 calls 38
*** SHOW DOWN ***
morgane.12 shows [Kc Ac] (One pair : 6)
Clo71 shows [8s Qd] (Two pairs : Queens and 6)
Clo71 collected 135 from pot
*** SUMMARY ***
Total pot 135 | No rake
Board: [Qc 5d 6s 2d 6h]
Seat 1: Clo71 (big blind) showed [8s Qd] and won 135 with Two pairs : Queens and 6
Seat 2: morgane.12 (button) showed [Kc Ac] and lost with One pair : 6


Winamax Poker - Tournament "Trident" buyIn: 1.80€ + 0.20€ level: 1 - HandId: #3102743877107318863-4-1703016995 - Holdem no limit (3/10/20) - 2023/12/19 20:16:35 UTC
Table: 'Trident(722413854)#0078' 3-max (real money) Seat #3 is the button
Seat 1: Clo71 (574, 0.90€ bounty)
Seat 2: morgane.12 (400, 0.90€ bounty)
Seat 3: P1xel7 (523, 0.90€ bounty)
*** ANTE/BLINDS ***
Clo71 posts ante 3
morgane.12 posts ante 3
P1xel7 posts ante 3
Clo71 posts small blind 10
morgane.12 posts big blind 20
Dealt to P1xel7 [9c Ad]
*** PRE-FLOP *** 
P1xel7 raises 20 to 40
Clo71 folds
morgane.12 folds
P1xel7 collected 79 from pot
*** SUMMARY ***
Total pot 79 | No rake
Seat 3: P1xel7 (button) won 79


Winamax Poker - Tournament "Trident" buyIn: 1.80€ + 0.20€ level: 1 - HandId: #3102743877107318863-5-1703017004 - Holdem no limit (3/10/20) - 2023/12/19 20:16:44 UTC
Table: 'Trident(722413854)#0078' 3-max (real money) Seat #1 is the button
Seat 1: Clo71 (561, 0.90€ bounty)
Seat 2: morgane.12 (377, 0.90€ bounty)
Seat 3: P1xel7 (559, 0.90€ bounty)
*** ANTE/BLINDS ***
morgane.12 posts ante 3
P1xel7 posts ante 3
Clo71 posts ante 3
morgane.12 posts small blind 10
P1xel7 posts big blind 20
Dealt to P1xel7 [Ts 5d]
*** PRE-FLOP *** 
Clo71 folds
morgane.12 folds
P1xel7 collected 39 from pot
*** SUMMARY ***
Total pot 39 | No rake
Seat 3: P1xel7 (big blind) won 39


Winamax Poker - Tournament "Trident" buyIn: 1.80€ + 0.20€ level: 1 - HandId: #3102743877107318863-6-1703017008 - Holdem no limit (3/10/20) - 2023/12/19 20:16:48 UTC
Table: 'Trident(722413854)#0078' 3-max (real money) Seat #2 is the button
Seat 1: Clo71 (558, 0.90€ bounty)
Seat 2: morgane.12 (364, 0.90€ bounty)
Seat 3: P1xel7 (575, 0.90€ bounty)
*** ANTE/BLINDS ***
P1xel7 posts ante 3
Clo71 posts ante 3
morgane.12 posts ante 3
P1xel7 posts small blind 10
Clo71 posts big blind 20
Dealt to P1xel7 [Js 4d]
*** PRE-FLOP *** 
morgane.12 folds
P1xel7 folds
Clo71 collected 39 from pot
*** SUMMARY ***
Total pot 39 | No rake
Seat 1: Clo71 (big blind) won 39


Winamax Poker - Tournament "Trident" buyIn: 1.80€ + 0.20€ level: 1 - HandId: #3102743877107318863-7-1703017013 - Holdem no limit (3/10/20) - 2023/12/19 20:16:53 UTC
Table: 'Trident(722413854)#0078' 3-max (real money) Seat #3 is the button
Seat 1: Clo71 (574, 0.90€ bounty)
Seat 2: morgane.12 (361, 0.90€ bounty)
Seat 3: P1xel7 (562, 0.90€ bounty)
*** ANTE/BLINDS ***
Clo71 posts ante 3
morgane.12 posts ante 3
P1xel7 posts ante 3
Clo71 posts small blind 10
morgane.12 posts big blind 20
Dealt to P1xel7 [Kc 2c]
*** PRE-FLOP *** 
P1xel7 folds
Clo71 folds
morgane.12 collected 39 from pot
*** SUMMARY ***
Total pot 39 | No rake
Seat 2: morgane.12 (big blind) won 39


Winamax Poker - Tournament "Trident" buyIn: 1.80€ + 0.20€ level: 1 - HandId: #3102743877107318863-8-1703017017 - Holdem no limit (3/10/20) - 2023/12/19 20:16:57 UTC
Table: 'Trident(722413854)#0078' 3-max (real money) Seat #1 is the button
Seat 1: Clo71 (561, 0.90€ bounty)
Seat 2: morgane.12 (377, 0.90€ bounty)
Seat 3: P1xel7 (559, 0.90€ bounty)
*** ANTE/BLINDS ***
morgane.12 posts ante 3
P1xel7 posts ante 3
Clo71 posts ante 3
morgane.12 posts small blind 10
P1xel7 posts big blind 20
Dealt to P1xel7 [Qh 6c]
*** PRE-FLOP *** 
Clo71 raises 538 to 558 and is all-in
morgane.12 calls 364 and is all-in
P1xel7 folds
*** FLOP *** [4h 3h 7h]
*** TURN *** [4h 3h 7h][Qs]
*** RIVER *** [4h 3h 7h Qs][Jh]
*** SHOW DOWN ***
morgane.12 shows [9s 9c] (One pair : 9)
Clo71 shows [8d 8h] (Flush Jack high)
Clo71 collected 961 from pot
*** SUMMARY ***
Total pot 961 | No rake
Board: [4h 3h 7h Qs Jh]
Seat 1: Clo71 (button) showed [8d 8h] and won 961 with Flush Jack high
Seat 2: morgane.12 (small blind) showed [9s 9c] and lost with One pair : 9


Winamax Poker - Tournament "Trident" buyIn: 1.80€ + 0.20€ level: 1 - HandId: #3102743877107318863-9-1703017033 - Holdem no limit (3/10/20) - 2023/12/19 20:17:13 UTC
Table: 'Trident(722413854)#0078' 3-max (real money) Seat #3 is the button
Seat 1: Clo71 (961, 1.35€ bounty)
Seat 3: P1xel7 (536, 0.90€ bounty)
*** ANTE/BLINDS ***
P1xel7 posts ante 3
Clo71 posts ante 3
P1xel7 posts small blind 10
Clo71 posts big blind 20
Dealt to P1xel7 [Kh 4s]
*** PRE-FLOP *** 
P1xel7 folds
Clo71 collected 36 from pot
*** SUMMARY ***
Total pot 36 | No rake
Seat 1: Clo71 (big blind) won 36


Winamax Poker - Tournament "Trident" buyIn: 1.80€ + 0.20€ level: 1 - HandId: #3102743877107318863-10-1703017037 - Holdem no limit (3/10/20) - 2023/12/19 20:17:17 UTC
Table: 'Trident(722413854)#0078' 3-max (real money) Seat #1 is the button
Seat 1: Clo71 (974, 1.35€ bounty)
Seat 3: P1xel7 (523, 0.90€ bounty)
*** ANTE/BLINDS ***
Clo71 posts ante 3
P1xel7 posts ante 3
Clo71 posts small blind 10
P1xel7 posts big blind 20
Dealt to P1xel7 [As 4c]
*** PRE-FLOP *** 
Clo71 folds
P1xel7 collected 36 from pot
*** SUMMARY ***
Total pot 36 | No rake
Seat 3: P1xel7 (big blind) won 36


Winamax Poker - Tournament "Trident" buyIn: 1.80€ + 0.20€ level: 1 - HandId: #3102743877107318863-11-1703017041 - Holdem no limit (3/10/20) - 2023/12/19 20:17:21 UTC
Table: 'Trident(722413854)#0078' 3-max (real money) Seat #3 is the button
Seat 1: Clo71 (961, 1.35€ bounty)
Seat 2: dav69dav (500, 0.90€ bounty)
Seat 3: P1xel7 (536, 0.90€ bounty)
*** ANTE/BLINDS ***
P1xel7 posts ante 3
Clo71 posts ante 3
P1xel7 posts small blind 10
Clo71 posts big blind 20
Dealt to P1xel7 [4h 8d]
*** PRE-FLOP *** 
P1xel7 folds
Clo71 collected 36 from pot
*** SUMMARY ***
Total pot 36 | No rake
Seat 1: Clo71 (big blind) won 36


Winamax Poker - Tournament "Trident" buyIn: 1.80€ + 0.20€ level: 1 - HandId: #3102743877107318863-12-1703017045 - Holdem no limit (3/10/20) - 2023/12/19 20:17:25 UTC
Table: 'Trident(722413854)#0078' 3-max (real money) Seat #3 is the button
Seat 1: Clo71 (974, 1.35€ bounty)
Seat 2: dav69dav (500, 0.90€ bounty)
Seat 3: P1xel7 (523, 0.90€ bounty)
*** ANTE/BLINDS ***
Clo71 posts ante 3
dav69dav posts ante 3
P1xel7 posts ante 3
Clo71 posts small blind 10
dav69dav posts big blind 20
Dealt to P1xel7 [Ac 8h]
*** PRE-FLOP *** 
P1xel7 raises 20 to 40
Clo71 calls 30
dav69dav calls 20
*** FLOP *** [9h Qd 6h]
Clo71 checks
dav69dav checks
P1xel7 bets 45
Clo71 folds
dav69dav calls 45
*** TURN *** [9h Qd 6h][4d]
dav69dav checks
P1xel7 bets 77
dav69dav calls 77
*** RIVER *** [9h Qd 6h 4d][8c]
dav69dav checks
P1xel7 checks
*** SHOW DOWN ***
P1xel7 shows [Ac 8h] (One pair : 8)
dav69dav shows [9d 5c] (One pair : 9)
dav69dav collected 373 from pot
*** SUMMARY ***
Total pot 373 | No rake
Board: [9h Qd 6h 4d 8c]
Seat 2: dav69dav (big blind) showed [9d 5c] and won 373 with One pair : 9
Seat 3: P1xel7 (button) showed [Ac 8h] and lost with One pair : 8


Winamax Poker - Tournament "Trident" buyIn: 1.80€ + 0.20€ level: 2 - HandId: #3102743877107318863-13-1703017076 - Holdem no limit (3/12/25) - 2023/12/19 20:17:56 UTC
Table: 'Trident(722413854)#0078' 3-max (real money) Seat #1 is the button
Seat 1: Clo71 (931, 1.35€ bounty)
Seat 2: dav69dav (708, 0.90€ bounty)
Seat 3: P1xel7 (358, 0.90€ bounty)
*** ANTE/BLINDS ***
dav69dav posts ante 3
P1xel7 posts ante 3
Clo71 posts ante 3
dav69dav posts small blind 12
P1xel7 posts big blind 25
Dealt to P1xel7 [6c Qs]
*** PRE-FLOP *** 
Clo71 calls 25
dav69dav calls 13
P1xel7 checks
*** FLOP *** [As Qc 3c]
dav69dav checks
P1xel7 bets 29
Clo71 calls 29
dav69dav folds
*** TURN *** [As Qc 3c][4h]
P1xel7 bets 50
Clo71 calls 50
*** RIVER *** [As Qc 3c 4h][4c]
P1xel7 checks
Clo71 bets 824 and is all-in
P1xel7 calls 251 and is all-in
*** SHOW DOWN ***
P1xel7 shows [6c Qs] (Two pairs : Queens and 4)
Clo71 shows [Kc 9c] (Flush King high)
Clo71 collected 1317 from pot
*** SUMMARY ***
Total pot 1317 | No rake
Board: [As Qc 3c 4h 4c]
Seat 1: Clo71 (button) showed [Kc 9c] and won 1317 with Flush King high
Seat 3: P1xel7 (big blind) showed [6c Qs] and lost with Two pairs : Queens and 4


Winamax Poker - Tournament "Trident" buyIn: 1.80€ + 0.20€ level: 2 - HandId: #3102743877107318826-10-1703017145 - Holdem no limit (3/12/25) - 2023/12/19 20:19:05 UTC
Table: 'Trident(722413854)#0041' 3-max (real money) Seat #1 is the button
Seat 1: 100K to 0 (596, 0.90€ bounty)
Seat 2: Rusko (904, 1.35€ bounty)
Seat 3: P1xel7 (500, 0.90€ bounty)
*** ANTE/BLINDS ***
Rusko posts ante 3
P1xel7 posts ante 3
100K to 0 posts ante 3
Rusko posts small blind 12
P1xel7 posts big blind 25
Dealt to P1xel7 [8s 2s]
*** PRE-FLOP *** 
100K to 0 raises 25 to 50
Rusko folds
P1xel7 folds
100K to 0 collected 96 from pot
*** SUMMARY ***
Total pot 96 | No rake
Seat 1: 100K to 0 (button) won 96


Winamax Poker - Tournament "Trident" buyIn: 1.80€ + 0.20€ level: 2 - HandId: #3102743877107318826-11-1703017154 - Holdem no limit (3/12/25) - 2023/12/19 20:19:14 UTC
Table: 'Trident(722413854)#0041' 3-max (real money) Seat #2 is the button
Seat 1: 100K to 0 (639, 0.90€ bounty)
Seat 2: Rusko (889, 1.35€ bounty)
Seat 3: P1xel7 (472, 0.90€ bounty)
*** ANTE/BLINDS ***
P1xel7 posts ante 3
100K to 0 posts ante 3
Rusko posts ante 3
P1xel7 posts small blind 12
100K to 0 posts big blind 25
Dealt to P1xel7 [9s 4h]
*** PRE-FLOP *** 
Rusko folds
P1xel7 folds
100K to 0 collected 46 from pot
*** SUMMARY ***
Total pot 46 | No rake
Seat 1: 100K to 0 (big blind) won 46


Winamax Poker - Tournament "Trident" buyIn: 1.80€ + 0.20€ level: 2 - HandId: #3102743877107318826-12-1703017161 - Holdem no limit (3/12/25) - 2023/12/19 20:19:21 UTC
Table: 'Trident(722413854)#0041' 3-max (real money) Seat #3 is the button
Seat 1: 100K to 0 (657, 0.90€ bounty)
Seat 2: Rusko (886, 1.35€ bounty)
Seat 3: P1xel7 (457, 0.90€ bounty)
*** ANTE/BLINDS ***
100K to 0 posts ante 3
Rusko posts ante 3
P1xel7 posts ante 3
100K to 0 posts small blind 12
Rusko posts big blind 25
Dealt to P1xel7 [Jd 7c]
*** PRE-FLOP *** 
P1xel7 folds
100K to 0 raises 40 to 65
Rusko calls 40
*** FLOP *** [Ks 7s Ad]
100K to 0 bets 46
Rusko calls 46
*** TURN *** [Ks 7s Ad][Qd]
100K to 0 checks
Rusko checks
*** RIVER *** [Ks 7s Ad Qd][3d]
100K to 0 bets 152
Rusko folds
100K to 0 collected 383 from pot
*** SUMMARY ***
Total pot 383 | No rake
Board: [Ks 7s Ad Qd 3d]
Seat 1: 100K to 0 (small blind) won 383


Winamax Poker - Tournament "Trident" buyIn: 1.80€ + 0.20€ level: 3 - HandId: #3102743877107318826-13-1703017209 - Holdem no limit (4/15/30) - 2023/12/19 20:20:09 UTC
Table: 'Trident(722413854)#0041' 3-max (real money) Seat #1 is the button
Seat 1: 100K to 0 (774, 0.90€ bounty)
Seat 2: Rusko (772, 1.35€ bounty)
Seat 3: P1xel7 (454, 0.90€ bounty)
*** ANTE/BLINDS ***
Rusko posts ante 4
P1xel7 posts ante 4
100K to 0 posts ante 4
Rusko posts small blind 15
P1xel7 posts big blind 30
Dealt to P1xel7 [7h Qc]
*** PRE-FLOP *** 
100K to 0 raises 30 to 60
Rusko folds
P1xel7 folds
100K to 0 collected 117 from pot
*** SUMMARY ***
Total pot 117 | No rake
Seat 1: 100K to 0 (button) won 117


Winamax Poker - Tournament "Trident" buyIn: 1.80€ + 0.20€ level: 3 - HandId: #3102743877107318826-14-1703017222 - Holdem no limit (4/15/30) - 2023/12/19 20:20:22 UTC
Table: 'Trident(722413854)#0041' 3-max (real money) Seat #2 is the button
Seat 1: 100K to 0 (827, 0.90€ bounty)
Seat 2: Rusko (753, 1.35€ bounty)
Seat 3: P1xel7 (420, 0.90€ bounty)
*** ANTE/BLINDS ***
P1xel7 posts ante 4
100K to 0 posts ante 4
Rusko posts ante 4
P1xel7 posts small blind 15
100K to 0 posts big blind 30
Dealt to P1xel7 [6c Qh]
*** PRE-FLOP *** 
Rusko folds
P1xel7 folds
100K to 0 collected 57 from pot
*** SUMMARY ***
Total pot 57 | No rake
Seat 1: 100K to 0 (big blind) won 57


Winamax Poker - Tournament "Trident" buyIn: 1.80€ + 0.20€ level: 3 - HandId: #3102743877107318826-15-1703017227 - Holdem no limit (4/15/30) - 2023/12/19 20:20:27 UTC
Table: 'Trident(722413854)#0041' 3-max (real money) Seat #3 is the button
Seat 1: 100K to 0 (850, 0.90€ bounty)
Seat 2: Rusko (749, 1.35€ bounty)
Seat 3: P1xel7 (401, 0.90€ bounty)
*** ANTE/BLINDS ***
100K to 0 posts ante 4
Rusko posts ante 4
P1xel7 posts ante 4
100K to 0 posts small blind 15
Rusko posts big blind 30
Dealt to P1xel7 [3h Th]
*** PRE-FLOP *** 
P1xel7 folds
100K to 0 calls 15
Rusko raises 60 to 90
100K to 0 calls 60
*** FLOP *** [2h 5d 8s]
100K to 0 checks
Rusko bets 67
100K to 0 raises 112 to 179
Rusko calls 112
*** TURN *** [2h 5d 8s][4c]
100K to 0 checks
Rusko bets 195
100K to 0 raises 382 to 577 and is all-in
Rusko calls 281 and is all-in
*** RIVER *** [2h 5d 8s 4c][7c]
*** SHOW DOWN ***
Rusko shows [5c 9d] (One pair : 5)
100K to 0 shows [Qd 8d] (One pair : 8)
100K to 0 collected 1603 from pot
*** SUMMARY ***
Total pot 1603 | No rake
Board: [2h 5d 8s 4c 7c]
Seat 1: 100K to 0 (small blind) showed [Qd 8d] and won 1603 with One pair : 8
Seat 2: Rusko (big blind) showed [5c 9d] and lost with One pair : 5


Winamax Poker - Tournament "Trident" buyIn: 1.80€ + 0.20€ level: 3 - HandId: #3102743877107318826-16-1703017319 - Holdem no limit (4/15/30) - 2023/12/19 20:21:59 UTC
Table: 'Trident(722413854)#0041' 3-max (real money) Seat #3 is the button
Seat 1: 100K to 0 (1603, 1.57€ bounty)
Seat 3: P1xel7 (397, 0.90€ bounty)
*** ANTE/BLINDS ***
P1xel7 posts ante 4
100K to 0 posts ante 4
P1xel7 posts small blind 15
100K to 0 posts big blind 30
Dealt to P1xel7 [9s Qs]
*** PRE-FLOP *** 
P1xel7 raises 30 to 60
100K to 0 calls 30
*** FLOP *** [5h 8d Qc]
100K to 0 checks
P1xel7 bets 45
100K to 0 raises 1494 to 1539 and is all-in
P1xel7 calls 288 and is all-in
*** TURN *** [5h 8d Qc][3c]
*** RIVER *** [5h 8d Qc 3c][4d]
*** SHOW DOWN ***
100K to 0 shows [8s Jd] (One pair : 8)
P1xel7 shows [9s Qs] (One pair : Queens)
P1xel7 collected 794 from main pot
100K to 0 collected 1206 from side pot 1
*** SUMMARY ***
Total pot 2000 | No rake
Board: [5h 8d Qc 3c 4d]
Seat 1: 100K to 0 (big blind) showed [8s Jd] and won 1206 with One pair : 8
Seat 3: P1xel7 (small blind) (button) showed [9s Qs] and won 794 with One pair : Queens


Winamax Poker - Tournament "Trident" buyIn: 1.80€ + 0.20€ level: 3 - HandId: #3102743877107318826-17-1703017344 - Holdem no limit (4/15/30) - 2023/12/19 20:22:24 UTC
Table: 'Trident(722413854)#0041' 3-max (real money) Seat #3 is the button
Seat 1: 100K to 0 (1206, 1.57€ bounty)
Seat 2: BUDY35 (500, 0.90€ bounty)
Seat 3: P1xel7 (794, 0.90€ bounty)
*** ANTE/BLINDS ***
100K to 0 posts ante 4
BUDY35 posts ante 4
P1xel7 posts ante 4
100K to 0 posts small blind 15
BUDY35 posts big blind 30
Dealt to P1xel7 [5c 6s]
*** PRE-FLOP *** 
P1xel7 folds
100K to 0 raises 1172 to 1202 and is all-in
BUDY35 folds
100K to 0 collected 1244 from pot
*** SUMMARY ***
Total pot 1244 | No rake
Seat 1: 100K to 0 (small blind) won 1244


Winamax Poker - Tournament "Trident" buyIn: 1.80€ + 0.20€ level: 4 - HandId: #3102743877107318826-18-1703017378 - Holdem no limit (4/17/35) - 2023/12/19 20:22:58 UTC
Table: 'Trident(722413854)#0041' 3-max (real money) Seat #1 is the button
Seat 1: 100K to 0 (1244, 1.57€ bounty)
Seat 2: BUDY35 (466, 0.90€ bounty)
Seat 3: P1xel7 (790, 0.90€ bounty)
*** ANTE/BLINDS ***
BUDY35 posts ante 4
P1xel7 posts ante 4
100K to 0 posts ante 4
BUDY35 posts small blind 17
P1xel7 posts big blind 35
Dealt to P1xel7 [4c Td]
*** PRE-FLOP *** 
100K to 0 folds
BUDY35 raises 82 to 117
P1xel7 folds
BUDY35 collected 164 from pot
*** SUMMARY ***
Total pot 164 | No rake
Seat 2: BUDY35 (small blind) won 164


Winamax Poker - Tournament "Trident" buyIn: 1.80€ + 0.20€ level: 4 - HandId: #3102743877107318826-19-1703017388 - Holdem no limit (4/17/35) - 2023/12/19 20:23:08 UTC
Table: 'Trident(722413854)#0041' 3-max (real money) Seat #2 is the button
Seat 1: 100K to 0 (1240, 1.57€ bounty)
Seat 2: BUDY35 (509, 0.90€ bounty)
Seat 3: P1xel7 (751, 0.90€ bounty)
*** ANTE/BLINDS ***
P1xel7 posts ante 4
100K to 0 posts ante 4
BUDY35 posts ante 4
P1xel7 posts small blind 17
100K to 0 posts big blind 35
Dealt to P1xel7 [7c 7s]
*** PRE-FLOP *** 
BUDY35 folds
P1xel7 raises 35 to 70
100K to 0 folds
P1xel7 collected 117 from pot
*** SUMMARY ***
Total pot 117 | No rake
Seat 3: P1xel7 (small blind) won 117


Winamax Poker - Tournament "Trident" buyIn: 1.80€ + 0.20€ level: 4 - HandId: #3102743877107318826-20-1703017397 - Holdem no limit (4/17/35) - 2023/12/19 20:23:17 UTC
Table: 'Trident(722413854)#0041' 3-max (real money) Seat #3 is the button
Seat 1: 100K to 0 (1201, 1.57€ bounty)
Seat 2: BUDY35 (505, 0.90€ bounty)
Seat 3: P1xel7 (794, 0.90€ bounty)
*** ANTE/BLINDS ***
100K to 0 posts ante 4
BUDY35 posts ante 4
P1xel7 posts ante 4
100K to 0 posts small blind 17
BUDY35 posts big blind 35
Dealt to P1xel7 [5s Qh]
*** PRE-FLOP *** 
P1xel7 folds
100K to 0 folds
BUDY35 collected 64 from pot
*** SUMMARY ***
Total pot 64 | No rake
Seat 2: BUDY35 (big blind) won 64


Winamax Poker - Tournament "Trident" buyIn: 1.80€ + 0.20€ level: 4 - HandId: #3102743877107318826-21-1703017403 - Holdem no limit (4/17/35) - 2023/12/19 20:23:23 UTC
Table: 'Trident(722413854)#0041' 3-max (real money) Seat #1 is the button
Seat 1: 100K to 0 (1180, 1.57€ bounty)
Seat 2: BUDY35 (530, 0.90€ bounty)
Seat 3: P1xel7 (790, 0.90€ bounty)
*** ANTE/BLINDS ***
BUDY35 posts ante 4
P1xel7 posts ante 4
100K to 0 posts ante 4
BUDY35 posts small blind 17
P1xel7 posts big blind 35
Dealt to P1xel7 [Qs 5h]
*** PRE-FLOP *** 
100K to 0 folds
BUDY35 raises 82 to 117
P1xel7 folds
BUDY35 collected 164 from pot
*** SUMMARY ***
Total pot 164 | No rake
Seat 2: BUDY35 (small blind) won 164


Winamax Poker - Tournament "Trident" buyIn: 1.80€ + 0.20€ level: 4 - HandId: #3102743877107318826-22-1703017415 - Holdem no limit (4/17/35) - 2023/12/19 20:23:35 UTC
Table: 'Trident(722413854)#0041' 3-max (real money) Seat #2 is the button
Seat 1: 100K to 0 (1176, 1.57€ bounty)
Seat 2: BUDY35 (573, 0.90€ bounty)
Seat 3: P1xel7 (751, 0.90€ bounty)
*** ANTE/BLINDS ***
P1xel7 posts ante 4
100K to 0 posts ante 4
BUDY35 posts ante 4
P1xel7 posts small blind 17
100K to 0 posts big blind 35
Dealt to P1xel7 [Jd Ac]
*** PRE-FLOP *** 
BUDY35 folds
P1xel7 raises 712 to 747 and is all-in
100K to 0 calls 712
*** FLOP *** [3c 8c 7s]
*** TURN *** [3c 8c 7s][4c]
*** RIVER *** [3c 8c 7s 4c][Qs]
*** SHOW DOWN ***
100K to 0 shows [Ad 9d] (High card : Ace)
P1xel7 shows [Jd Ac] (High card : Ace)
P1xel7 collected 1506 from pot
*** SUMMARY ***
Total pot 1506 | No rake
Board: [3c 8c 7s 4c Qs]
Seat 1: 100K to 0 (big blind) showed [Ad 9d] and lost with High card : Ace
Seat 3: P1xel7 (small blind) showed [Jd Ac] and won 1506 with High card : Ace


Winamax Poker - Tournament "Trident" buyIn: 1.80€ + 0.20€ level: 4 - HandId: #3102743877107318826-23-1703017434 - Holdem no limit (4/17/35) - 2023/12/19 20:23:54 UTC
Table: 'Trident(722413854)#0041' 3-max (real money) Seat #3 is the button
Seat 1: 100K to 0 (425, 1.57€ bounty)
Seat 2: BUDY35 (569, 0.90€ bounty)
Seat 3: P1xel7 (1506, 0.90€ bounty)
*** ANTE/BLINDS ***
100K to 0 posts ante 4
BUDY35 posts ante 4
P1xel7 posts ante 4
100K to 0 posts small blind 17
BUDY35 posts big blind 35
Dealt to P1xel7 [2c Qd]
*** PRE-FLOP *** 
P1xel7 folds
100K to 0 folds
BUDY35 collected 64 from pot
*** SUMMARY ***
Total pot 64 | No rake
Seat 2: BUDY35 (big blind) won 64


Winamax Poker - Tournament "Trident" buyIn: 1.80€ + 0.20€ level: 4 - HandId: #3102743877107318826-24-1703017443 - Holdem no limit (4/17/35) - 2023/12/19 20:24:03 UTC
Table: 'Trident(722413854)#0041' 3-max (real money) Seat #1 is the button
Seat 1: 100K to 0 (404, 1.57€ bounty)
Seat 2: BUDY35 (594, 0.90€ bounty)
Seat 3: P1xel7 (1502, 0.90€ bounty)
*** ANTE/BLINDS ***
BUDY35 posts ante 4
P1xel7 posts ante 4
100K to 0 posts ante 4
BUDY35 posts small blind 17
P1xel7 posts big blind 35
Dealt to P1xel7 [7s Tc]
*** PRE-FLOP *** 
100K to 0 raises 365 to 400 and is all-in
BUDY35 folds
P1xel7 folds
100K to 0 collected 464 from pot
*** SUMMARY ***
Total pot 464 | No rake
Seat 1: 100K to 0 (button) won 464


Winamax Poker - Tournament "Trident" buyIn: 1.80€ + 0.20€ level: 4 - HandId: #3102743877107318826-25-1703017453 - Holdem no limit (4/17/35) - 2023/12/19 20:24:13 UTC
Table: 'Trident(722413854)#0041' 3-max (real money) Seat #2 is the button
Seat 1: 100K to 0 (464, 1.57€ bounty)
Seat 2: BUDY35 (573, 0.90€ bounty)
Seat 3: P1xel7 (1463, 0.90€ bounty)
*** ANTE/BLINDS ***
P1xel7 posts ante 4
100K to 0 posts ante 4
BUDY35 posts ante 4
P1xel7 posts small blind 17
100K to 0 posts big blind 35
Dealt to P1xel7 [Qs Kd]
*** PRE-FLOP *** 
BUDY35 folds
P1xel7 raises 1424 to 1459 and is all-in
100K to 0 calls 425 and is all-in
*** FLOP *** [8d Tc 3h]
*** TURN *** [8d Tc 3h][8c]
*** RIVER *** [8d Tc 3h 8c][3s]
*** SHOW DOWN ***
100K to 0 shows [4h Qh] (Two pairs : 8 and 3)
P1xel7 shows [Qs Kd] (Two pairs : 8 and 3)
P1xel7 collected 1931 from pot
*** SUMMARY ***
Total pot 1931 | No rake
Board: [8d Tc 3h 8c 3s]
Seat 1: 100K to 0 (big blind) showed [4h Qh] and lost with Two pairs : 8 and 3
Seat 3: P1xel7 (small blind) showed [Qs Kd] and won 1931 with Two pairs : 8 and 3


Winamax Poker - Tournament "Trident" buyIn: 1.80€ + 0.20€ level: 4 - HandId: #3102743877107318826-26-1703017470 - Holdem no limit (4/17/35) - 2023/12/19 20:24:30 UTC
Table: 'Trident(722413854)#0041' 3-max (real money) Seat #2 is the button
Seat 2: BUDY35 (569, 0.90€ bounty)
Seat 3: P1xel7 (1931, 1.68€ bounty)
*** ANTE/BLINDS ***
BUDY35 posts ante 4
P1xel7 posts ante 4
BUDY35 posts small blind 17
P1xel7 posts big blind 35
Dealt to P1xel7 [2c Jd]
*** PRE-FLOP *** 
BUDY35 folds
P1xel7 collected 60 from pot
*** SUMMARY ***
Total pot 60 | No rake
Seat 3: P1xel7 (big blind) won 60


Winamax Poker - Tournament "Trident" buyIn: 1.80€ + 0.20€ level: 4 - HandId: #3102743877107318826-27-1703017475 - Holdem no limit (4/17/35) - 2023/12/19 20:24:35 UTC
Table: 'Trident(722413854)#0041' 3-max (real money) Seat #3 is the button
Seat 2: BUDY35 (548, 0.90€ bounty)
Seat 3: P1xel7 (1952, 1.68€ bounty)
*** ANTE/BLINDS ***
P1xel7 posts ante 4
BUDY35 posts ante 4
P1xel7 posts small blind 17
BUDY35 posts big blind 35
Dealt to P1xel7 [2h Qs]
*** PRE-FLOP *** 
P1xel7 folds
BUDY35 collected 60 from pot
*** SUMMARY ***
Total pot 60 | No rake
Seat 2: BUDY35 (big blind) won 60


Winamax Poker - Tournament "Trident" buyIn: 1.80€ + 0.20€ level: 4 - HandId: #3102743877107318826-28-1703017484 - Holdem no limit (4/17/35) - 2023/12/19 20:24:44 UTC
Table: 'Trident(722413854)#0041' 3-max (real money) Seat #2 is the button
Seat 1: BFox06 (500, 0.90€ bounty)
Seat 2: BUDY35 (569, 0.90€ bounty)
Seat 3: P1xel7 (1931, 1.68€ bounty)
*** ANTE/BLINDS ***
BUDY35 posts ante 4
P1xel7 posts ante 4
BUDY35 posts small blind 17
P1xel7 posts big blind 35
Dealt to P1xel7 [7h Jd]
*** PRE-FLOP *** 
BUDY35 folds
P1xel7 collected 60 from pot
*** SUMMARY ***
Total pot 60 | No rake
Seat 3: P1xel7 (big blind) won 60


Winamax Poker - Tournament "Trident" buyIn: 1.80€ + 0.20€ level: 4 - HandId: #3102743877107318826-29-1703017491 - Holdem no limit (4/17/35) - 2023/12/19 20:24:51 UTC
Table: 'Trident(722413854)#0041' 3-max (real money) Seat #2 is the button
Seat 1: BFox06 (500, 0.90€ bounty)
Seat 2: BUDY35 (548, 0.90€ bounty)
Seat 3: P1xel7 (1952, 1.68€ bounty)
*** ANTE/BLINDS ***
P1xel7 posts ante 4
BFox06 posts ante 4
BUDY35 posts ante 4
P1xel7 posts small blind 17
BFox06 posts big blind 35
Dealt to P1xel7 [Ks 4s]
*** PRE-FLOP *** 
BUDY35 folds
P1xel7 folds
BFox06 collected 64 from pot
*** SUMMARY ***
Total pot 64 | No rake
Seat 1: BFox06 (big blind) won 64


Winamax Poker - Tournament "Trident" buyIn: 1.80€ + 0.20€ level: 5 - HandId: #3102743877107318826-30-1703017501 - Holdem no limit (5/20/40) - 2023/12/19 20:25:01 UTC
Table: 'Trident(722413854)#0041' 3-max (real money) Seat #3 is the button
Seat 1: BFox06 (525, 0.90€ bounty)
Seat 2: BUDY35 (544, 0.90€ bounty)
Seat 3: P1xel7 (1931, 1.68€ bounty)
*** ANTE/BLINDS ***
BFox06 posts ante 5
BUDY35 posts ante 5
P1xel7 posts ante 5
BFox06 posts small blind 20
BUDY35 posts big blind 40
Dealt to P1xel7 [Ah Td]
*** PRE-FLOP *** 
P1xel7 raises 48 to 88
BFox06 folds
BUDY35 folds
P1xel7 collected 163 from pot
*** SUMMARY ***
Total pot 163 | No rake
Seat 3: P1xel7 (button) won 163


Winamax Poker - Tournament "Trident" buyIn: 1.80€ + 0.20€ level: 5 - HandId: #3102743877107318826-31-1703017514 - Holdem no limit (5/20/40) - 2023/12/19 20:25:14 UTC
Table: 'Trident(722413854)#0041' 3-max (real money) Seat #1 is the button
Seat 1: BFox06 (500, 0.90€ bounty)
Seat 2: BUDY35 (499, 0.90€ bounty)
Seat 3: P1xel7 (2001, 1.68€ bounty)
*** ANTE/BLINDS ***
BUDY35 posts ante 5
P1xel7 posts ante 5
BFox06 posts ante 5
BUDY35 posts small blind 20
P1xel7 posts big blind 40
Dealt to P1xel7 [Kc 3d]
*** PRE-FLOP *** 
BFox06 folds
BUDY35 folds
P1xel7 collected 75 from pot
*** SUMMARY ***
Total pot 75 | No rake
Seat 3: P1xel7 (big blind) won 75


Winamax Poker - Tournament "Trident" buyIn: 1.80€ + 0.20€ level: 5 - HandId: #3102743877107318826-32-1703017521 - Holdem no limit (5/20/40) - 2023/12/19 20:25:21 UTC
Table: 'Trident(722413854)#0041' 3-max (real money) Seat #2 is the button
Seat 1: BFox06 (495, 0.90€ bounty)
Seat 2: BUDY35 (474, 0.90€ bounty)
Seat 3: P1xel7 (2031, 1.68€ bounty)
*** ANTE/BLINDS ***
P1xel7 posts ante 5
BFox06 posts ante 5
BUDY35 posts ante 5
P1xel7 posts small blind 20
BFox06 posts big blind 40
Dealt to P1xel7 [Jc 5s]
*** PRE-FLOP *** 
BUDY35 folds
P1xel7 folds
BFox06 collected 75 from pot
*** SUMMARY ***
Total pot 75 | No rake
Seat 1: BFox06 (big blind) won 75


Winamax Poker - Tournament "Trident" buyIn: 1.80€ + 0.20€ level: 5 - HandId: #3102743877107318826-33-1703017531 - Holdem no limit (5/20/40) - 2023/12/19 20:25:31 UTC
Table: 'Trident(722413854)#0041' 3-max (real money) Seat #3 is the button
Seat 1: BFox06 (525, 0.90€ bounty)
Seat 2: BUDY35 (469, 0.90€ bounty)
Seat 3: P1xel7 (2006, 1.68€ bounty)
*** ANTE/BLINDS ***
BFox06 posts ante 5
BUDY35 posts ante 5
P1xel7 posts ante 5
BFox06 posts small blind 20
BUDY35 posts big blind 40
Dealt to P1xel7 [5d 9s]
*** PRE-FLOP *** 
P1xel7 folds
BFox06 folds
BUDY35 collected 75 from pot
*** SUMMARY ***
Total pot 75 | No rake
Seat 2: BUDY35 (big blind) won 75


Winamax Poker - Tournament "Trident" buyIn: 1.80€ + 0.20€ level: 5 - HandId: #3102743877107318826-34-1703017539 - Holdem no limit (5/20/40) - 2023/12/19 20:25:39 UTC
Table: 'Trident(722413854)#0041' 3-max (real money) Seat #1 is the button
Seat 1: BFox06 (500, 0.90€ bounty)
Seat 2: BUDY35 (499, 0.90€ bounty)
Seat 3: P1xel7 (2001, 1.68€ bounty)
*** ANTE/BLINDS ***
BUDY35 posts ante 5
P1xel7 posts ante 5
BFox06 posts ante 5
BUDY35 posts small blind 20
P1xel7 posts big blind 40
Dealt to P1xel7 [2d 4h]
*** PRE-FLOP *** 
BFox06 folds
BUDY35 folds
P1xel7 collected 75 from pot
*** SUMMARY ***
Total pot 75 | No rake
Seat 3: P1xel7 (big blind) won 75


Winamax Poker - Tournament "Trident" buyIn: 1.80€ + 0.20€ level: 5 - HandId: #3102743877107318826-35-1703017547 - Holdem no limit (5/20/40) - 2023/12/19 20:25:47 UTC
Table: 'Trident(722413854)#0041' 3-max (real money) Seat #2 is the button
Seat 1: BFox06 (495, 0.90€ bounty)
Seat 2: BUDY35 (474, 0.90€ bounty)
Seat 3: P1xel7 (2031, 1.68€ bounty)
*** ANTE/BLINDS ***
P1xel7 posts ante 5
BFox06 posts ante 5
BUDY35 posts ante 5
P1xel7 posts small blind 20
BFox06 posts big blind 40
Dealt to P1xel7 [Qh 9h]
*** PRE-FLOP *** 
BUDY35 folds
P1xel7 raises 1986 to 2026 and is all-in
BFox06 folds
P1xel7 collected 2081 from pot
*** SUMMARY ***
Total pot 2081 | No rake
Seat 3: P1xel7 (small blind) won 2081


Winamax Poker - Tournament "Trident" buyIn: 1.80€ + 0.20€ level: 5 - HandId: #3102743877107318826-36-1703017557 - Holdem no limit (5/20/40) - 2023/12/19 20:25:57 UTC
Table: 'Trident(722413854)#0041' 3-max (real money) Seat #3 is the button
Seat 1: BFox06 (450, 0.90€ bounty)
Seat 2: BUDY35 (469, 0.90€ bounty)
Seat 3: P1xel7 (2081, 1.68€ bounty)
*** ANTE/BLINDS ***
BFox06 posts ante 5
BUDY35 posts ante 5
P1xel7 posts ante 5
BFox06 posts small blind 20
BUDY35 posts big blind 40
Dealt to P1xel7 [4s Jd]
*** PRE-FLOP *** 
P1xel7 folds
BFox06 folds
BUDY35 collected 75 from pot
*** SUMMARY ***
Total pot 75 | No rake
Seat 2: BUDY35 (big blind) won 75


Winamax Poker - Tournament "Trident" buyIn: 1.80€ + 0.20€ level: 5 - HandId: #3102743877107318813-29-1703017580 - Holdem no limit (5/20/40) - 2023/12/19 20:26:20 UTC
Table: 'Trident(722413854)#0028' 3-max (real money) Seat #2 is the button
Seat 2: KikasLecudki (1835, 2.02€ bounty)
Seat 3: P1xel7 (2076, 1.68€ bounty)
*** ANTE/BLINDS ***
KikasLecudki posts ante 5
P1xel7 posts ante 5
KikasLecudki posts small blind 20
P1xel7 posts big blind 40
Dealt to P1xel7 [5c Ts]
*** PRE-FLOP *** 
KikasLecudki folds
P1xel7 collected 70 from pot
*** SUMMARY ***
Total pot 70 | No rake
Seat 3: P1xel7 (big blind) won 70


Winamax Poker - Tournament "Trident" buyIn: 1.80€ + 0.20€ level: 5 - HandId: #3102743877107318813-30-1703017589 - Holdem no limit (5/20/40) - 2023/12/19 20:26:29 UTC
Table: 'Trident(722413854)#0028' 3-max (real money) Seat #3 is the button
Seat 2: KikasLecudki (1810, 2.02€ bounty)
Seat 3: P1xel7 (2101, 1.68€ bounty)
*** ANTE/BLINDS ***
P1xel7 posts ante 5
KikasLecudki posts ante 5
P1xel7 posts small blind 20
KikasLecudki posts big blind 40
Dealt to P1xel7 [Ac 2h]
*** PRE-FLOP *** 
P1xel7 raises 40 to 80
KikasLecudki calls 40
*** FLOP *** [8c 3h 3s]
KikasLecudki checks
P1xel7 checks
*** TURN *** [8c 3h 3s][Kd]
KikasLecudki checks
P1xel7 bets 60
KikasLecudki calls 60
*** RIVER *** [8c 3h 3s Kd][Qh]
KikasLecudki checks
P1xel7 checks
*** SHOW DOWN ***
P1xel7 shows [Ac 2h] (One pair : 3)
KikasLecudki shows [8s 6d] (Two pairs : 8 and 3)
KikasLecudki collected 290 from pot
*** SUMMARY ***
Total pot 290 | No rake
Board: [8c 3h 3s Kd Qh]
Seat 2: KikasLecudki (big blind) showed [8s 6d] and won 290 with Two pairs : 8 and 3
Seat 3: P1xel7 (small blind) (button) showed [Ac 2h] and lost with One pair : 3


Winamax Poker - Tournament "Trident" buyIn: 1.80€ + 0.20€ level: 5 - HandId: #3102743877107318813-31-1703017624 - Holdem no limit (5/20/40) - 2023/12/19 20:27:04 UTC
Table: 'Trident(722413854)#0028' 3-max (real money) Seat #2 is the button
Seat 1: chriscalif85 (2843, 2.47€ bounty)
Seat 2: KikasLecudki (1955, 2.02€ bounty)
Seat 3: P1xel7 (1956, 1.68€ bounty)
*** ANTE/BLINDS ***
KikasLecudki posts ante 5
P1xel7 posts ante 5
KikasLecudki posts small blind 20
P1xel7 posts big blind 40
Dealt to P1xel7 [9d Kc]
*** PRE-FLOP *** 
KikasLecudki folds
P1xel7 collected 70 from pot
*** SUMMARY ***
Total pot 70 | No rake
Seat 3: P1xel7 (big blind) won 70


Winamax Poker - Tournament "Trident" buyIn: 1.80€ + 0.20€ level: 5 - HandId: #3102743877107318813-32-1703017631 - Holdem no limit (5/20/40) - 2023/12/19 20:27:11 UTC
Table: 'Trident(722413854)#0028' 3-max (real money) Seat #2 is the button
Seat 1: chriscalif85 (2843, 2.47€ bounty)
Seat 2: KikasLecudki (1930, 2.02€ bounty)
Seat 3: P1xel7 (1981, 1.68€ bounty)
*** ANTE/BLINDS ***
P1xel7 posts ante 5
chriscalif85 posts ante 5
KikasLecudki posts ante 5
P1xel7 posts small blind 20
chriscalif85 posts big blind 40
Dealt to P1xel7 [As Th]
*** PRE-FLOP *** 
KikasLecudki raises 40 to 80
P1xel7 calls 60
chriscalif85 folds
*** FLOP *** [4d Jc 9h]
P1xel7 checks
KikasLecudki bets 75
P1xel7 calls 75
*** TURN *** [4d Jc 9h][Kd]
P1xel7 checks
KikasLecudki checks
*** RIVER *** [4d Jc 9h Kd][7h]
P1xel7 checks
KikasLecudki checks
*** SHOW DOWN ***
P1xel7 shows [As Th] (High card : Ace)
KikasLecudki shows [Qd Qs] (One pair : Queens)
KikasLecudki collected 365 from pot
*** SUMMARY ***
Total pot 365 | No rake
Board: [4d Jc 9h Kd 7h]
Seat 2: KikasLecudki (button) showed [Qd Qs] and won 365 with One pair : Queens
Seat 3: P1xel7 (small blind) showed [As Th] and lost with High card : Ace


Winamax Poker - Tournament "Trident" buyIn: 1.80€ + 0.20€ level: 6 - HandId: #3102743877107318813-33-1703017685 - Holdem no limit (6/25/50) - 2023/12/19 20:28:05 UTC
Table: 'Trident(722413854)#0028' 3-max (real money) Seat #3 is the button
Seat 1: chriscalif85 (2798, 2.47€ bounty)
Seat 2: KikasLecudki (2135, 2.02€ bounty)
Seat 3: P1xel7 (1821, 1.68€ bounty)
*** ANTE/BLINDS ***
chriscalif85 posts ante 6
KikasLecudki posts ante 6
P1xel7 posts ante 6
chriscalif85 posts small blind 25
KikasLecudki posts big blind 50
Dealt to P1xel7 [Qh 8s]
*** PRE-FLOP *** 
P1xel7 folds
chriscalif85 folds
KikasLecudki collected 93 from pot
*** SUMMARY ***
Total pot 93 | No rake
Seat 2: KikasLecudki (big blind) won 93


Winamax Poker - Tournament "Trident" buyIn: 1.80€ + 0.20€ level: 6 - HandId: #3102743877107318813-34-1703017693 - Holdem no limit (6/25/50) - 2023/12/19 20:28:13 UTC
Table: 'Trident(722413854)#0028' 3-max (real money) Seat #1 is the button
Seat 1: chriscalif85 (2767, 2.47€ bounty)
Seat 2: KikasLecudki (2172, 2.02€ bounty)
Seat 3: P1xel7 (1815, 1.68€ bounty)
*** ANTE/BLINDS ***
KikasLecudki posts ante 6
P1xel7 posts ante 6
chriscalif85 posts ante 6
KikasLecudki posts small blind 25
P1xel7 posts big blind 50
Dealt to P1xel7 [Tc As]
*** PRE-FLOP *** 
chriscalif85 calls 50
KikasLecudki folds
P1xel7 raises 75 to 125
chriscalif85 folds
P1xel7 collected 218 from pot
*** SUMMARY ***
Total pot 218 | No rake
Seat 3: P1xel7 (big blind) won 218


Winamax Poker - Tournament "Trident" buyIn: 1.80€ + 0.20€ level: 6 - HandId: #3102743877107318813-35-1703017704 - Holdem no limit (6/25/50) - 2023/12/19 20:28:24 UTC
Table: 'Trident(722413854)#0028' 3-max (real money) Seat #2 is the button
Seat 1: chriscalif85 (2711, 2.47€ bounty)
Seat 2: KikasLecudki (2141, 2.02€ bounty)
Seat 3: P1xel7 (1902, 1.68€ bounty)
*** ANTE/BLINDS ***
P1xel7 posts ante 6
chriscalif85 posts ante 6
KikasLecudki posts ante 6
P1xel7 posts small blind 25
chriscalif85 posts big blind 50
Dealt to P1xel7 [2h Jd]
*** PRE-FLOP *** 
KikasLecudki raises 50 to 100
P1xel7 folds
chriscalif85 folds
KikasLecudki collected 193 from pot
*** SUMMARY ***
Total pot 193 | No rake
Seat 2: KikasLecudki (button) won 193


Winamax Poker - Tournament "Trident" buyIn: 1.80€ + 0.20€ level: 6 - HandId: #3102743877107318813-36-1703017710 - Holdem no limit (6/25/50) - 2023/12/19 20:28:30 UTC
Table: 'Trident(722413854)#0028' 3-max (real money) Seat #3 is the button
Seat 1: chriscalif85 (2655, 2.47€ bounty)
Seat 2: KikasLecudki (2228, 2.02€ bounty)
Seat 3: P1xel7 (1871, 1.68€ bounty)
*** ANTE/BLINDS ***
chriscalif85 posts ante 6
KikasLecudki posts ante 6
P1xel7 posts ante 6
chriscalif85 posts small blind 25
KikasLecudki posts big blind 50
Dealt to P1xel7 [Ah Qh]
*** PRE-FLOP *** 
P1xel7 raises 60 to 110
chriscalif85 folds
KikasLecudki folds
P1xel7 collected 203 from pot
*** SUMMARY ***
Total pot 203 | No rake
Seat 3: P1xel7 (button) won 203


Winamax Poker - Tournament "Trident" buyIn: 1.80€ + 0.20€ level: 6 - HandId: #3102743877107318813-37-1703017719 - Holdem no limit (6/25/50) - 2023/12/19 20:28:39 UTC
Table: 'Trident(722413854)#0028' 3-max (real money) Seat #1 is the button
Seat 1: chriscalif85 (2624, 2.47€ bounty)
Seat 2: KikasLecudki (2172, 2.02€ bounty)
Seat 3: P1xel7 (1958, 1.68€ bounty)
*** ANTE/BLINDS ***
KikasLecudki posts ante 6
P1xel7 posts ante 6
chriscalif85 posts ante 6
KikasLecudki posts small blind 25
P1xel7 posts big blind 50
Dealt to P1xel7 [7d 9c]
*** PRE-FLOP *** 
chriscalif85 folds
KikasLecudki raises 75 to 125
P1xel7 folds
KikasLecudki collected 193 from pot
*** SUMMARY ***
Total pot 193 | No rake
Seat 2: KikasLecudki (small blind) won 193


Winamax Poker - Tournament "Trident" buyIn: 1.80€ + 0.20€ level: 6 - HandId: #3102743877107318813-38-1703017727 - Holdem no limit (6/25/50) - 2023/12/19 20:28:47 UTC
Table: 'Trident(722413854)#0028' 3-max (real money) Seat #2 is the button
Seat 1: chriscalif85 (2618, 2.47€ bounty)
Seat 2: KikasLecudki (2234, 2.02€ bounty)
Seat 3: P1xel7 (1902, 1.68€ bounty)
*** ANTE/BLINDS ***
P1xel7 posts ante 6
chriscalif85 posts ante 6
KikasLecudki posts ante 6
P1xel7 posts small blind 25
chriscalif85 posts big blind 50
Dealt to P1xel7 [Jd Kc]
*** PRE-FLOP *** 
KikasLecudki folds
P1xel7 raises 50 to 100
chriscalif85 folds
P1xel7 collected 168 from pot
*** SUMMARY ***
Total pot 168 | No rake
Seat 3: P1xel7 (small blind) won 168


Winamax Poker - Tournament "Trident" buyIn: 1.80€ + 0.20€ level: 6 - HandId: #3102743877107318813-39-1703017736 - Holdem no limit (6/25/50) - 2023/12/19 20:28:56 UTC
Table: 'Trident(722413854)#0028' 3-max (real money) Seat #3 is the button
Seat 1: chriscalif85 (2562, 2.47€ bounty)
Seat 2: KikasLecudki (2228, 2.02€ bounty)
Seat 3: P1xel7 (1964, 1.68€ bounty)
*** ANTE/BLINDS ***
chriscalif85 posts ante 6
KikasLecudki posts ante 6
P1xel7 posts ante 6
chriscalif85 posts small blind 25
KikasLecudki posts big blind 50
Dealt to P1xel7 [5d Ts]
*** PRE-FLOP *** 
P1xel7 folds
chriscalif85 calls 25
KikasLecudki checks
*** FLOP *** [2c 9c 5h]
chriscalif85 checks
KikasLecudki checks
*** TURN *** [2c 9c 5h][8d]
chriscalif85 checks
KikasLecudki bets 50
chriscalif85 folds
KikasLecudki collected 168 from pot
*** SUMMARY ***
Total pot 168 | No rake
Board: [2c 9c 5h 8d]
Seat 2: KikasLecudki (big blind) won 168


Winamax Poker - Tournament "Trident" buyIn: 1.80€ + 0.20€ level: 6 - HandId: #3102743877107318813-40-1703017761 - Holdem no limit (6/25/50) - 2023/12/19 20:29:21 UTC
Table: 'Trident(722413854)#0028' 3-max (real money) Seat #1 is the button
Seat 1: chriscalif85 (2506, 2.47€ bounty)
Seat 2: KikasLecudki (2290, 2.02€ bounty)
Seat 3: P1xel7 (1958, 1.68€ bounty)
*** ANTE/BLINDS ***
KikasLecudki posts ante 6
P1xel7 posts ante 6
chriscalif85 posts ante 6
KikasLecudki posts small blind 25
P1xel7 posts big blind 50
Dealt to P1xel7 [4c Qh]
*** PRE-FLOP *** 
chriscalif85 folds
KikasLecudki raises 75 to 125
P1xel7 calls 75
*** FLOP *** [8h 8c Ts]
KikasLecudki bets 67
P1xel7 calls 67
*** TURN *** [8h 8c Ts][2s]
KikasLecudki bets 261
P1xel7 folds
KikasLecudki collected 663 from pot
*** SUMMARY ***
Total pot 663 | No rake
Board: [8h 8c Ts 2s]
Seat 2: KikasLecudki (small blind) won 663


Winamax Poker - Tournament "Trident" buyIn: 1.80€ + 0.20€ level: 6 - HandId: #3102743877107318813-41-1703017792 - Holdem no limit (6/25/50) - 2023/12/19 20:29:52 UTC
Table: 'Trident(722413854)#0028' 3-max (real money) Seat #2 is the button
Seat 1: chriscalif85 (2500, 2.47€ bounty)
Seat 2: KikasLecudki (2494, 2.02€ bounty)
Seat 3: P1xel7 (1760, 1.68€ bounty)
*** ANTE/BLINDS ***
P1xel7 posts ante 6
chriscalif85 posts ante 6
KikasLecudki posts ante 6
P1xel7 posts small blind 25
chriscalif85 posts big blind 50
Dealt to P1xel7 [Qd Jc]
*** PRE-FLOP *** 
KikasLecudki folds
P1xel7 raises 50 to 100
chriscalif85 folds
P1xel7 collected 168 from pot
*** SUMMARY ***
Total pot 168 | No rake
Seat 3: P1xel7 (small blind) won 168


Winamax Poker - Tournament "Trident" buyIn: 1.80€ + 0.20€ level: 6 - HandId: #3102743877107318813-42-1703017798 - Holdem no limit (6/25/50) - 2023/12/19 20:29:58 UTC
Table: 'Trident(722413854)#0028' 3-max (real money) Seat #3 is the button
Seat 1: chriscalif85 (2444, 2.47€ bounty)
Seat 2: KikasLecudki (2488, 2.02€ bounty)
Seat 3: P1xel7 (1822, 1.68€ bounty)
*** ANTE/BLINDS ***
chriscalif85 posts ante 6
KikasLecudki posts ante 6
P1xel7 posts ante 6
chriscalif85 posts small blind 25
KikasLecudki posts big blind 50
Dealt to P1xel7 [Ad Ks]
*** PRE-FLOP *** 
P1xel7 raises 50 to 100
chriscalif85 folds
KikasLecudki calls 50
*** FLOP *** [6h 3h Td]
KikasLecudki checks
P1xel7 checks
*** TURN *** [6h 3h Td][9s]
KikasLecudki checks
P1xel7 checks
*** RIVER *** [6h 3h Td 9s][Ah]
KikasLecudki checks
P1xel7 bets 85
KikasLecudki folds
P1xel7 collected 328 from pot
*** SUMMARY ***
Total pot 328 | No rake
Board: [6h 3h Td 9s Ah]
Seat 3: P1xel7 (button) won 328


Winamax Poker - Tournament "Trident" buyIn: 1.80€ + 0.20€ level: 7 - HandId: #3102743877107318813-43-1703017839 - Holdem no limit (7/30/60) - 2023/12/19 20:30:39 UTC
Table: 'Trident(722413854)#0028' 3-max (real money) Seat #1 is the button
Seat 1: chriscalif85 (2413, 2.47€ bounty)
Seat 2: KikasLecudki (2382, 2.02€ bounty)
Seat 3: P1xel7 (1959, 1.68€ bounty)
*** ANTE/BLINDS ***
KikasLecudki posts ante 7
P1xel7 posts ante 7
chriscalif85 posts ante 7
KikasLecudki posts small blind 30
P1xel7 posts big blind 60
Dealt to P1xel7 [7s Ah]
*** PRE-FLOP *** 
chriscalif85 folds
KikasLecudki raises 90 to 150
P1xel7 calls 90
*** FLOP *** [8h 2h Kd]
KikasLecudki bets 112
P1xel7 folds
KikasLecudki collected 433 from pot
*** SUMMARY ***
Total pot 433 | No rake
Board: [8h 2h Kd]
Seat 2: KikasLecudki (small blind) won 433


Winamax Poker - Tournament "Trident" buyIn: 1.80€ + 0.20€ level: 7 - HandId: #3102743877107318813-44-1703017856 - Holdem no limit (7/30/60) - 2023/12/19 20:30:56 UTC
Table: 'Trident(722413854)#0028' 3-max (real money) Seat #2 is the button
Seat 1: chriscalif85 (2406, 2.47€ bounty)
Seat 2: KikasLecudki (2546, 2.02€ bounty)
Seat 3: P1xel7 (1802, 1.68€ bounty)
*** ANTE/BLINDS ***
P1xel7 posts ante 7
chriscalif85 posts ante 7
KikasLecudki posts ante 7
P1xel7 posts small blind 30
chriscalif85 posts big blind 60
Dealt to P1xel7 [7d Ts]
*** PRE-FLOP *** 
KikasLecudki folds
P1xel7 folds
chriscalif85 collected 111 from pot
*** SUMMARY ***
Total pot 111 | No rake
Seat 1: chriscalif85 (big blind) won 111


Winamax Poker - Tournament "Trident" buyIn: 1.80€ + 0.20€ level: 7 - HandId: #3102743877107318813-45-1703017867 - Holdem no limit (7/30/60) - 2023/12/19 20:31:07 UTC
Table: 'Trident(722413854)#0028' 3-max (real money) Seat #3 is the button
Seat 1: chriscalif85 (2450, 2.47€ bounty)
Seat 2: KikasLecudki (2539, 2.02€ bounty)
Seat 3: P1xel7 (1765, 1.68€ bounty)
*** ANTE/BLINDS ***
chriscalif85 posts ante 7
KikasLecudki posts ante 7
P1xel7 posts ante 7
chriscalif85 posts small blind 30
KikasLecudki posts big blind 60
Dealt to P1xel7 [Ts Qs]
*** PRE-FLOP *** 
P1xel7 raises 60 to 120
chriscalif85 folds
KikasLecudki calls 60
*** FLOP *** [7d Tc Kh]
KikasLecudki checks
P1xel7 bets 146
KikasLecudki folds
P1xel7 collected 437 from pot
*** SUMMARY ***
Total pot 437 | No rake
Board: [7d Tc Kh]
Seat 3: P1xel7 (button) won 437


Winamax Poker - Tournament "Trident" buyIn: 1.80€ + 0.20€ level: 7 - HandId: #3102743877107318813-46-1703017883 - Holdem no limit (7/30/60) - 2023/12/19 20:31:23 UTC
Table: 'Trident(722413854)#0028' 3-max (real money) Seat #1 is the button
Seat 1: chriscalif85 (2413, 2.47€ bounty)
Seat 2: KikasLecudki (2412, 2.02€ bounty)
Seat 3: P1xel7 (1929, 1.68€ bounty)
*** ANTE/BLINDS ***
KikasLecudki posts ante 7
P1xel7 posts ante 7
chriscalif85 posts ante 7
KikasLecudki posts small blind 30
P1xel7 posts big blind 60
Dealt to P1xel7 [Js 6h]
*** PRE-FLOP *** 
chriscalif85 folds
KikasLecudki folds
P1xel7 collected 111 from pot
*** SUMMARY ***
Total pot 111 | No rake
Seat 3: P1xel7 (big blind) won 111


Winamax Poker - Tournament "Trident" buyIn: 1.80€ + 0.20€ level: 7 - HandId: #3102743877107318813-47-1703017889 - Holdem no limit (7/30/60) - 2023/12/19 20:31:29 UTC
Table: 'Trident(722413854)#0028' 3-max (real money) Seat #2 is the button
Seat 1: chriscalif85 (2406, 2.47€ bounty)
Seat 2: KikasLecudki (2375, 2.02€ bounty)
Seat 3: P1xel7 (1973, 1.68€ bounty)
*** ANTE/BLINDS ***
P1xel7 posts ante 7
chriscalif85 posts ante 7
KikasLecudki posts ante 7
P1xel7 posts small blind 30
chriscalif85 posts big blind 60
Dealt to P1xel7 [2d 6s]
*** PRE-FLOP *** 
KikasLecudki folds
P1xel7 folds
chriscalif85 collected 111 from pot
*** SUMMARY ***
Total pot 111 | No rake
Seat 1: chriscalif85 (big blind) won 111


Winamax Poker - Tournament "Trident" buyIn: 1.80€ + 0.20€ level: 7 - HandId: #3102743877107318813-48-1703017894 - Holdem no limit (7/30/60) - 2023/12/19 20:31:34 UTC
Table: 'Trident(722413854)#0028' 3-max (real money) Seat #3 is the button
Seat 1: chriscalif85 (2450, 2.47€ bounty)
Seat 2: KikasLecudki (2368, 2.02€ bounty)
Seat 3: P1xel7 (1936, 1.68€ bounty)
*** ANTE/BLINDS ***
chriscalif85 posts ante 7
KikasLecudki posts ante 7
P1xel7 posts ante 7
chriscalif85 posts small blind 30
KikasLecudki posts big blind 60
Dealt to P1xel7 [7s 3h]
*** PRE-FLOP *** 
P1xel7 folds
chriscalif85 folds
KikasLecudki collected 111 from pot
*** SUMMARY ***
Total pot 111 | No rake
Seat 2: KikasLecudki (big blind) won 111


Winamax Poker - Tournament "Trident" buyIn: 1.80€ + 0.20€ level: 7 - HandId: #3102743877107318813-49-1703017900 - Holdem no limit (7/30/60) - 2023/12/19 20:31:40 UTC
Table: 'Trident(722413854)#0028' 3-max (real money) Seat #1 is the button
Seat 1: chriscalif85 (2413, 2.47€ bounty)
Seat 2: KikasLecudki (2412, 2.02€ bounty)
Seat 3: P1xel7 (1929, 1.68€ bounty)
*** ANTE/BLINDS ***
KikasLecudki posts ante 7
P1xel7 posts ante 7
chriscalif85 posts ante 7
KikasLecudki posts small blind 30
P1xel7 posts big blind 60
Dealt to P1xel7 [Js 5h]
*** PRE-FLOP *** 
chriscalif85 calls 60
KikasLecudki folds
P1xel7 checks
*** FLOP *** [4d 9h 6c]
P1xel7 checks
chriscalif85 checks
*** TURN *** [4d 9h 6c][Td]
P1xel7 checks
chriscalif85 checks
*** RIVER *** [4d 9h 6c Td][4h]
P1xel7 bets 90
chriscalif85 folds
P1xel7 collected 261 from pot
*** SUMMARY ***
Total pot 261 | No rake
Board: [4d 9h 6c Td 4h]
Seat 3: P1xel7 (big blind) won 261


Winamax Poker - Tournament "Trident" buyIn: 1.80€ + 0.20€ level: 7 - HandId: #3102743877107318813-50-1703017913 - Holdem no limit (7/30/60) - 2023/12/19 20:31:53 UTC
Table: 'Trident(722413854)#0028' 3-max (real money) Seat #2 is the button
Seat 1: chriscalif85 (2346, 2.47€ bounty)
Seat 2: KikasLecudki (2375, 2.02€ bounty)
Seat 3: P1xel7 (2033, 1.68€ bounty)
*** ANTE/BLINDS ***
P1xel7 posts ante 7
chriscalif85 posts ante 7
KikasLecudki posts ante 7
P1xel7 posts small blind 30
chriscalif85 posts big blind 60
Dealt to P1xel7 [As Qs]
*** PRE-FLOP *** 
KikasLecudki folds
P1xel7 raises 60 to 120
chriscalif85 calls 60
*** FLOP *** [9h 4s 7d]
P1xel7 bets 91
chriscalif85 folds
P1xel7 collected 352 from pot
*** SUMMARY ***
Total pot 352 | No rake
Board: [9h 4s 7d]
Seat 3: P1xel7 (small blind) won 352


Winamax Poker - Tournament "Trident" buyIn: 1.80€ + 0.20€ level: 7 - HandId: #3102743877107318813-51-1703017924 - Holdem no limit (7/30/60) - 2023/12/19 20:32:04 UTC
Table: 'Trident(722413854)#0028' 3-max (real money) Seat #3 is the button
Seat 1: chriscalif85 (2219, 2.47€ bounty)
Seat 2: KikasLecudki (2368, 2.02€ bounty)
Seat 3: P1xel7 (2167, 1.68€ bounty)
*** ANTE/BLINDS ***
chriscalif85 posts ante 7
KikasLecudki posts ante 7
P1xel7 posts ante 7
chriscalif85 posts small blind 30
KikasLecudki posts big blind 60
Dealt to P1xel7 [6h 6s]
*** PRE-FLOP *** 
P1xel7 raises 60 to 120
chriscalif85 folds
KikasLecudki raises 300 to 420
P1xel7 raises 1740 to 2160 and is all-in
KikasLecudki folds
P1xel7 collected 2631 from pot
*** SUMMARY ***
Total pot 2631 | No rake
Seat 3: P1xel7 (button) won 2631


Winamax Poker - Tournament "Trident" buyIn: 1.80€ + 0.20€ level: 7 - HandId: #3102743877107318813-52-1703017938 - Holdem no limit (7/30/60) - 2023/12/19 20:32:18 UTC
Table: 'Trident(722413854)#0028' 3-max (real money) Seat #1 is the button
Seat 1: chriscalif85 (2182, 2.47€ bounty)
Seat 2: KikasLecudki (1941, 2.02€ bounty)
Seat 3: P1xel7 (2631, 1.68€ bounty)
*** ANTE/BLINDS ***
KikasLecudki posts ante 7
P1xel7 posts ante 7
chriscalif85 posts ante 7
KikasLecudki posts small blind 30
P1xel7 posts big blind 60
Dealt to P1xel7 [Kd 6d]
*** PRE-FLOP *** 
chriscalif85 calls 60
KikasLecudki folds
P1xel7 checks
*** FLOP *** [9c Td 2c]
P1xel7 checks
chriscalif85 bets 60
P1xel7 folds
chriscalif85 collected 231 from pot
*** SUMMARY ***
Total pot 231 | No rake
Board: [9c Td 2c]
Seat 1: chriscalif85 (button) won 231


Winamax Poker - Tournament "Trident" buyIn: 1.80€ + 0.20€ level: 7 - HandId: #3102743877107318813-53-1703017950 - Holdem no limit (7/30/60) - 2023/12/19 20:32:30 UTC
Table: 'Trident(722413854)#0028' 3-max (real money) Seat #2 is the button
Seat 1: chriscalif85 (2286, 2.47€ bounty)
Seat 2: KikasLecudki (1904, 2.02€ bounty)
Seat 3: P1xel7 (2564, 1.68€ bounty)
*** ANTE/BLINDS ***
P1xel7 posts ante 7
chriscalif85 posts ante 7
KikasLecudki posts ante 7
P1xel7 posts small blind 30
chriscalif85 posts big blind 60
Dealt to P1xel7 [Qc 8c]
*** PRE-FLOP *** 
KikasLecudki raises 60 to 120
P1xel7 calls 90
chriscalif85 calls 60
*** FLOP *** [As 6s Ad]
P1xel7 checks
chriscalif85 checks
KikasLecudki checks
*** TURN *** [As 6s Ad][6c]
P1xel7 bets 133
chriscalif85 folds
KikasLecudki calls 133
*** RIVER *** [As 6s Ad 6c][3s]
P1xel7 bets 421
KikasLecudki calls 421
*** SHOW DOWN ***
P1xel7 shows [Qc 8c] (Two pairs : Aces and 6)
KikasLecudki shows [Kc Ts] (Two pairs : Aces and 6)
KikasLecudki collected 1489 from pot
*** SUMMARY ***
Total pot 1489 | No rake
Board: [As 6s Ad 6c 3s]
Seat 2: KikasLecudki (button) showed [Kc Ts] and won 1489 with Two pairs : Aces and 6
Seat 3: P1xel7 (small blind) showed [Qc 8c] and lost with Two pairs : Aces and 6


Winamax Poker - Tournament "Trident" buyIn: 1.80€ + 0.20€ level: 8 - HandId: #3102743877107318813-54-1703017988 - Holdem no limit (8/35/70) - 2023/12/19 20:33:08 UTC
Table: 'Trident(722413854)#0028' 3-max (real money) Seat #3 is the button
Seat 1: chriscalif85 (2159, 2.47€ bounty)
Seat 2: KikasLecudki (2712, 2.02€ bounty)
Seat 3: P1xel7 (1883, 1.68€ bounty)
*** ANTE/BLINDS ***
chriscalif85 posts ante 8
KikasLecudki posts ante 8
P1xel7 posts ante 8
chriscalif85 posts small blind 35
KikasLecudki posts big blind 70
Dealt to P1xel7 [Th Qc]
*** PRE-FLOP *** 
P1xel7 raises 70 to 140
chriscalif85 folds
KikasLecudki folds
P1xel7 collected 269 from pot
*** SUMMARY ***
Total pot 269 | No rake
Seat 3: P1xel7 (button) won 269


Winamax Poker - Tournament "Trident" buyIn: 1.80€ + 0.20€ level: 8 - HandId: #3102743877107318813-55-1703017995 - Holdem no limit (8/35/70) - 2023/12/19 20:33:15 UTC
Table: 'Trident(722413854)#0028' 3-max (real money) Seat #1 is the button
Seat 1: chriscalif85 (2116, 2.47€ bounty)
Seat 2: KikasLecudki (2634, 2.02€ bounty)
Seat 3: P1xel7 (2004, 1.68€ bounty)
*** ANTE/BLINDS ***
KikasLecudki posts ante 8
P1xel7 posts ante 8
chriscalif85 posts ante 8
KikasLecudki posts small blind 35
P1xel7 posts big blind 70
Dealt to P1xel7 [9d 4c]
*** PRE-FLOP *** 
chriscalif85 folds
KikasLecudki raises 105 to 175
P1xel7 folds
KikasLecudki collected 269 from pot
*** SUMMARY ***
Total pot 269 | No rake
Seat 2: KikasLecudki (small blind) won 269


Winamax Poker - Tournament "Trident" buyIn: 1.80€ + 0.20€ level: 8 - HandId: #3102743877107318813-56-1703018004 - Holdem no limit (8/35/70) - 2023/12/19 20:33:24 UTC
Table: 'Trident(722413854)#0028' 3-max (real money) Seat #2 is the button
Seat 1: chriscalif85 (2108, 2.47€ bounty)
Seat 2: KikasLecudki (2720, 2.02€ bounty)
Seat 3: P1xel7 (1926, 1.68€ bounty)
*** ANTE/BLINDS ***
P1xel7 posts ante 8
chriscalif85 posts ante 8
KikasLecudki posts ante 8
P1xel7 posts small blind 35
chriscalif85 posts big blind 70
Dealt to P1xel7 [Ac Ad]
*** PRE-FLOP *** 
KikasLecudki raises 70 to 140
P1xel7 raises 210 to 350
chriscalif85 folds
KikasLecudki calls 210
*** FLOP *** [Jh 5s As]
P1xel7 checks
KikasLecudki checks
*** TURN *** [Jh 5s As][9s]
P1xel7 checks
KikasLecudki checks
*** RIVER *** [Jh 5s As 9s][3d]
P1xel7 bets 516
KikasLecudki calls 516
*** SHOW DOWN ***
KikasLecudki shows [Jc Ts] (One pair : Jacks)
P1xel7 shows [Ac Ad] (Trips of Aces)
P1xel7 collected 1826 from pot
*** SUMMARY ***
Total pot 1826 | No rake
Board: [Jh 5s As 9s 3d]
Seat 2: KikasLecudki (button) showed [Jc Ts] and lost with One pair : Jacks
Seat 3: P1xel7 (small blind) showed [Ac Ad] and won 1826 with Trips of Aces


Winamax Poker - Tournament "Trident" buyIn: 1.80€ + 0.20€ level: 8 - HandId: #3102743877107318813-57-1703018032 - Holdem no limit (8/35/70) - 2023/12/19 20:33:52 UTC
Table: 'Trident(722413854)#0028' 3-max (real money) Seat #3 is the button
Seat 1: chriscalif85 (2030, 2.47€ bounty)
Seat 2: KikasLecudki (1846, 2.02€ bounty)
Seat 3: P1xel7 (2878, 1.68€ bounty)
*** ANTE/BLINDS ***
chriscalif85 posts ante 8
KikasLecudki posts ante 8
P1xel7 posts ante 8
chriscalif85 posts small blind 35
KikasLecudki posts big blind 70
Dealt to P1xel7 [7c Jh]
*** PRE-FLOP *** 
P1xel7 folds
chriscalif85 calls 35
KikasLecudki checks
*** FLOP *** [6d Js Kd]
chriscalif85 bets 70
KikasLecudki folds
chriscalif85 collected 234 from pot
*** SUMMARY ***
Total pot 234 | No rake
Board: [6d Js Kd]
Seat 1: chriscalif85 (small blind) won 234


Winamax Poker - Tournament "Trident" buyIn: 1.80€ + 0.20€ level: 8 - HandId: #3102743877107318813-58-1703018053 - Holdem no limit (8/35/70) - 2023/12/19 20:34:13 UTC
Table: 'Trident(722413854)#0028' 3-max (real money) Seat #1 is the button
Seat 1: chriscalif85 (2116, 2.47€ bounty)
Seat 2: KikasLecudki (1768, 2.02€ bounty)
Seat 3: P1xel7 (2870, 1.68€ bounty)
*** ANTE/BLINDS ***
KikasLecudki posts ante 8
P1xel7 posts ante 8
chriscalif85 posts ante 8
KikasLecudki posts small blind 35
P1xel7 posts big blind 70
Dealt to P1xel7 [7d 6s]
*** PRE-FLOP *** 
chriscalif85 folds
KikasLecudki raises 105 to 175
P1xel7 folds
KikasLecudki collected 269 from pot
*** SUMMARY ***
Total pot 269 | No rake
Seat 2: KikasLecudki (small blind) won 269


Winamax Poker - Tournament "Trident" buyIn: 1.80€ + 0.20€ level: 8 - HandId: #3102743877107318813-59-1703018061 - Holdem no limit (8/35/70) - 2023/12/19 20:34:21 UTC
Table: 'Trident(722413854)#0028' 3-max (real money) Seat #2 is the button
Seat 1: chriscalif85 (2108, 2.47€ bounty)
Seat 2: KikasLecudki (1854, 2.02€ bounty)
Seat 3: P1xel7 (2792, 1.68€ bounty)
*** ANTE/BLINDS ***
P1xel7 posts ante 8
chriscalif85 posts ante 8
KikasLecudki posts ante 8
P1xel7 posts small blind 35
chriscalif85 posts big blind 70
Dealt to P1xel7 [3h Ad]
*** PRE-FLOP *** 
KikasLecudki raises 70 to 140
P1xel7 folds
chriscalif85 folds
KikasLecudki collected 269 from pot
*** SUMMARY ***
Total pot 269 | No rake
Seat 2: KikasLecudki (button) won 269


Winamax Poker - Tournament "Trident" buyIn: 1.80€ + 0.20€ level: 8 - HandId: #3102743877107318813-60-1703018072 - Holdem no limit (8/35/70) - 2023/12/19 20:34:32 UTC
Table: 'Trident(722413854)#0028' 3-max (real money) Seat #3 is the button
Seat 1: chriscalif85 (2030, 2.47€ bounty)
Seat 2: KikasLecudki (1975, 2.02€ bounty)
Seat 3: P1xel7 (2749, 1.68€ bounty)
*** ANTE/BLINDS ***
chriscalif85 posts ante 8
KikasLecudki posts ante 8
P1xel7 posts ante 8
chriscalif85 posts small blind 35
KikasLecudki posts big blind 70
Dealt to P1xel7 [Qd 9s]
*** PRE-FLOP *** 
P1xel7 raises 70 to 140
chriscalif85 folds
KikasLecudki folds
P1xel7 collected 269 from pot
*** SUMMARY ***
Total pot 269 | No rake
Seat 3: P1xel7 (button) won 269


Winamax Poker - Tournament "Trident" buyIn: 1.80€ + 0.20€ level: 8 - HandId: #3102743877107318813-61-1703018085 - Holdem no limit (8/35/70) - 2023/12/19 20:34:45 UTC
Table: 'Trident(722413854)#0028' 3-max (real money) Seat #1 is the button
Seat 1: chriscalif85 (1987, 2.47€ bounty)
Seat 2: KikasLecudki (1897, 2.02€ bounty)
Seat 3: P1xel7 (2870, 1.68€ bounty)
*** ANTE/BLINDS ***
KikasLecudki posts ante 8
P1xel7 posts ante 8
chriscalif85 posts ante 8
KikasLecudki posts small blind 35
P1xel7 posts big blind 70
Dealt to P1xel7 [Jh 9h]
*** PRE-FLOP *** 
chriscalif85 folds
KikasLecudki folds
P1xel7 collected 129 from pot
*** SUMMARY ***
Total pot 129 | No rake
Seat 3: P1xel7 (big blind) won 129


Winamax Poker - Tournament "Trident" buyIn: 1.80€ + 0.20€ level: 8 - HandId: #3102743877107318813-62-1703018090 - Holdem no limit (8/35/70) - 2023/12/19 20:34:50 UTC
Table: 'Trident(722413854)#0028' 3-max (real money) Seat #2 is the button
Seat 1: chriscalif85 (1979, 2.47€ bounty)
Seat 2: KikasLecudki (1854, 2.02€ bounty)
Seat 3: P1xel7 (2921, 1.68€ bounty)
*** ANTE/BLINDS ***
P1xel7 posts ante 8
chriscalif85 posts ante 8
KikasLecudki posts ante 8
P1xel7 posts small blind 35
chriscalif85 posts big blind 70
Dealt to P1xel7 [5c 3d]
*** PRE-FLOP *** 
KikasLecudki folds
P1xel7 folds
chriscalif85 collected 129 from pot
*** SUMMARY ***
Total pot 129 | No rake
Seat 1: chriscalif85 (big blind) won 129


Winamax Poker - Tournament "Trident" buyIn: 1.80€ + 0.20€ level: 8 - HandId: #3102743877107318813-63-1703018096 - Holdem no limit (8/35/70) - 2023/12/19 20:34:56 UTC
Table: 'Trident(722413854)#0028' 3-max (real money) Seat #3 is the button
Seat 1: chriscalif85 (2030, 2.47€ bounty)
Seat 2: KikasLecudki (1846, 2.02€ bounty)
Seat 3: P1xel7 (2878, 1.68€ bounty)
*** ANTE/BLINDS ***
chriscalif85 posts ante 8
KikasLecudki posts ante 8
P1xel7 posts ante 8
chriscalif85 posts small blind 35
KikasLecudki posts big blind 70
Dealt to P1xel7 [4s As]
*** PRE-FLOP *** 
P1xel7 raises 70 to 140
chriscalif85 folds
KikasLecudki calls 70
*** FLOP *** [6d 3c 2d]
KikasLecudki checks
P1xel7 bets 220
KikasLecudki raises 395 to 615
P1xel7 calls 395
*** TURN *** [6d 3c 2d][Th]
KikasLecudki bets 1083 and is all-in
P1xel7 folds
KikasLecudki collected 2652 from pot
*** SUMMARY ***
Total pot 2652 | No rake
Board: [6d 3c 2d Th]
Seat 2: KikasLecudki (big blind) won 2652


Winamax Poker - Tournament "Trident" buyIn: 1.80€ + 0.20€ level: 9 - HandId: #3102743877107318827-57-1703018147 - Holdem no limit (10/40/80) - 2023/12/19 20:35:47 UTC
Table: 'Trident(722413854)#0042' 3-max (real money) Seat #3 is the button
Seat 1: StephTapis (4128, 4.72€ bounty)
Seat 3: P1xel7 (2115, 1.68€ bounty)
*** ANTE/BLINDS ***
P1xel7 posts ante 10
StephTapis posts ante 10
P1xel7 posts small blind 40
StephTapis posts big blind 80
Dealt to P1xel7 [6h Jc]
*** PRE-FLOP *** 
P1xel7 folds
StephTapis collected 140 from pot
*** SUMMARY ***
Total pot 140 | No rake
Seat 1: StephTapis (big blind) won 140


Winamax Poker - Tournament "Trident" buyIn: 1.80€ + 0.20€ level: 9 - HandId: #3102743877107318827-58-1703018151 - Holdem no limit (10/40/80) - 2023/12/19 20:35:51 UTC
Table: 'Trident(722413854)#0042' 3-max (real money) Seat #1 is the button
Seat 1: StephTapis (4178, 4.72€ bounty)
Seat 3: P1xel7 (2065, 1.68€ bounty)
*** ANTE/BLINDS ***
StephTapis posts ante 10
P1xel7 posts ante 10
StephTapis posts small blind 40
P1xel7 posts big blind 80
Dealt to P1xel7 [6s 9d]
*** PRE-FLOP *** 
StephTapis raises 180 to 260
P1xel7 folds
StephTapis collected 360 from pot
*** SUMMARY ***
Total pot 360 | No rake
Seat 1: StephTapis (small blind) (button) won 360


Winamax Poker - Tournament "Trident" buyIn: 1.80€ + 0.20€ level: 9 - HandId: #3102743877107318827-59-1703018160 - Holdem no limit (10/40/80) - 2023/12/19 20:36:00 UTC
Table: 'Trident(722413854)#0042' 3-max (real money) Seat #3 is the button
Seat 1: StephTapis (4268, 4.72€ bounty)
Seat 3: P1xel7 (1975, 1.68€ bounty)
*** ANTE/BLINDS ***
P1xel7 posts ante 10
StephTapis posts ante 10
P1xel7 posts small blind 40
StephTapis posts big blind 80
Dealt to P1xel7 [4s 6c]
*** PRE-FLOP *** 
P1xel7 folds
StephTapis collected 140 from pot
*** SUMMARY ***
Total pot 140 | No rake
Seat 1: StephTapis (big blind) won 140


Winamax Poker - Tournament "Trident" buyIn: 1.80€ + 0.20€ level: 9 - HandId: #3102743877107318827-60-1703018165 - Holdem no limit (10/40/80) - 2023/12/19 20:36:05 UTC
Table: 'Trident(722413854)#0042' 3-max (real money) Seat #1 is the button
Seat 1: StephTapis (4318, 4.72€ bounty)
Seat 3: P1xel7 (1925, 1.68€ bounty)
*** ANTE/BLINDS ***
StephTapis posts ante 10
P1xel7 posts ante 10
StephTapis posts small blind 40
P1xel7 posts big blind 80
Dealt to P1xel7 [Jh As]
*** PRE-FLOP *** 
StephTapis raises 4228 to 4308 and is all-in
P1xel7 calls 1835 and is all-in
*** FLOP *** [Jc 9h 8h]
*** TURN *** [Jc 9h 8h][6h]
*** RIVER *** [Jc 9h 8h 6h][2h]
*** SHOW DOWN ***
StephTapis shows [Th Ad] (Flush Ten high)
P1xel7 shows [Jh As] (Flush Jack high)
P1xel7 collected 3850 from main pot
StephTapis collected 2393 from side pot 1
*** SUMMARY ***
Total pot 6243 | No rake
Board: [Jc 9h 8h 6h 2h]
Seat 1: StephTapis (small blind) (button) showed [Th Ad] and won 2393 with Flush Ten high
Seat 3: P1xel7 (big blind) showed [Jh As] and won 3850 with Flush Jack high


Winamax Poker - Tournament "Trident" buyIn: 1.80€ + 0.20€ level: 9 - HandId: #3102743877107318827-61-1703018179 - Holdem no limit (10/40/80) - 2023/12/19 20:36:19 UTC
Table: 'Trident(722413854)#0042' 3-max (real money) Seat #3 is the button
Seat 1: StephTapis (2393, 4.72€ bounty)
Seat 3: P1xel7 (3850, 1.68€ bounty)
*** ANTE/BLINDS ***
P1xel7 posts ante 10
StephTapis posts ante 10
P1xel7 posts small blind 40
StephTapis posts big blind 80
Dealt to P1xel7 [Qh 7h]
*** PRE-FLOP *** 
P1xel7 raises 80 to 160
StephTapis calls 80
*** FLOP *** [4d Ad Tc]
StephTapis checks
P1xel7 bets 119
StephTapis folds
P1xel7 collected 459 from pot
*** SUMMARY ***
Total pot 459 | No rake
Board: [4d Ad Tc]
Seat 3: P1xel7 (small blind) (button) won 459


Winamax Poker - Tournament "Trident" buyIn: 1.80€ + 0.20€ level: 9 - HandId: #3102743877107318827-62-1703018192 - Holdem no limit (10/40/80) - 2023/12/19 20:36:32 UTC
Table: 'Trident(722413854)#0042' 3-max (real money) Seat #1 is the button
Seat 1: StephTapis (2223, 4.72€ bounty)
Seat 3: P1xel7 (4020, 1.68€ bounty)
*** ANTE/BLINDS ***
StephTapis posts ante 10
P1xel7 posts ante 10
StephTapis posts small blind 40
P1xel7 posts big blind 80
Dealt to P1xel7 [6h 4d]
*** PRE-FLOP *** 
StephTapis calls 40
P1xel7 checks
*** FLOP *** [5h Ts 5d]
P1xel7 checks
StephTapis checks
*** TURN *** [5h Ts 5d][Jd]
P1xel7 checks
StephTapis checks
*** RIVER *** [5h Ts 5d Jd][6c]
P1xel7 bets 80
StephTapis calls 80
*** SHOW DOWN ***
P1xel7 shows [6h 4d] (Two pairs : 6 and 5)
StephTapis shows [Jc 7s] (Two pairs : Jacks and 5)
StephTapis collected 340 from pot
*** SUMMARY ***
Total pot 340 | No rake
Board: [5h Ts 5d Jd 6c]
Seat 1: StephTapis (small blind) (button) showed [Jc 7s] and won 340 with Two pairs : Jacks and 5
Seat 3: P1xel7 (big blind) showed [6h 4d] and lost with Two pairs : 6 and 5


Winamax Poker - Tournament "Trident" buyIn: 1.80€ + 0.20€ level: 9 - HandId: #3102743877107318827-63-1703018212 - Holdem no limit (10/40/80) - 2023/12/19 20:36:52 UTC
Table: 'Trident(722413854)#0042' 3-max (real money) Seat #3 is the button
Seat 1: StephTapis (2393, 4.72€ bounty)
Seat 3: P1xel7 (3850, 1.68€ bounty)
*** ANTE/BLINDS ***
P1xel7 posts ante 10
StephTapis posts ante 10
P1xel7 posts small blind 40
StephTapis posts big blind 80
Dealt to P1xel7 [9h As]
*** PRE-FLOP *** 
P1xel7 raises 80 to 160
StephTapis calls 80
*** FLOP *** [Kh 7s 2c]
StephTapis bets 340
P1xel7 folds
StephTapis collected 680 from pot
*** SUMMARY ***
Total pot 680 | No rake
Board: [Kh 7s 2c]
Seat 1: StephTapis (big blind) won 680


Winamax Poker - Tournament "Trident" buyIn: 1.80€ + 0.20€ level: 9 - HandId: #3102743877107318827-64-1703018226 - Holdem no limit (10/40/80) - 2023/12/19 20:37:06 UTC
Table: 'Trident(722413854)#0042' 3-max (real money) Seat #3 is the button
Seat 1: StephTapis (2563, 4.72€ bounty)
Seat 2: jlcollet81 (500, 0.90€ bounty)
Seat 3: P1xel7 (3680, 1.68€ bounty)
*** ANTE/BLINDS ***
StephTapis posts ante 10
jlcollet81 posts ante 10
P1xel7 posts ante 10
StephTapis posts small blind 40
jlcollet81 posts big blind 80
Dealt to P1xel7 [5s Js]
*** PRE-FLOP *** 
P1xel7 folds
StephTapis calls 40
jlcollet81 checks
*** FLOP *** [4d 4s 8s]
StephTapis checks
jlcollet81 bets 410 and is all-in
StephTapis calls 410
*** TURN *** [4d 4s 8s][8h]
*** RIVER *** [4d 4s 8s 8h][Qc]
*** SHOW DOWN ***
jlcollet81 shows [Ks 2h] (Two pairs : 8 and 4)
StephTapis shows [Jd 4h] (Full of 4 and 8)
StephTapis collected 1010 from pot
*** SUMMARY ***
Total pot 1010 | No rake
Board: [4d 4s 8s 8h Qc]
Seat 1: StephTapis (small blind) showed [Jd 4h] and won 1010 with Full of 4 and 8
Seat 2: jlcollet81 (big blind) showed [Ks 2h] and lost with Two pairs : 8 and 4


Winamax Poker - Tournament "Trident" buyIn: 1.80€ + 0.20€ level: 9 - HandId: #3102743877107318827-65-1703018245 - Holdem no limit (10/40/80) - 2023/12/19 20:37:25 UTC
Table: 'Trident(722413854)#0042' 3-max (real money) Seat #3 is the button
Seat 1: StephTapis (3073, 5.17€ bounty)
Seat 3: P1xel7 (3670, 1.68€ bounty)
*** ANTE/BLINDS ***
P1xel7 posts ante 10
StephTapis posts ante 10
P1xel7 posts small blind 40
StephTapis posts big blind 80
Dealt to P1xel7 [9s Jh]
*** PRE-FLOP *** 
P1xel7 raises 80 to 160
StephTapis calls 80
*** FLOP *** [Kd Ts 5s]
StephTapis checks
P1xel7 bets 119
StephTapis calls 119
*** TURN *** [Kd Ts 5s][Kc]
StephTapis bets 578
P1xel7 folds
StephTapis collected 1156 from pot
*** SUMMARY ***
Total pot 1156 | No rake
Board: [Kd Ts 5s Kc]
Seat 1: StephTapis (big blind) won 1156


Winamax Poker - Tournament "Trident" buyIn: 1.80€ + 0.20€ level: 10 - HandId: #3102743877107318827-66-1703018268 - Holdem no limit (12/50/100) - 2023/12/19 20:37:48 UTC
Table: 'Trident(722413854)#0042' 3-max (real money) Seat #3 is the button
Seat 1: StephTapis (3362, 5.17€ bounty)
Seat 2: xRED DEVILx (500, 0.90€ bounty)
Seat 3: P1xel7 (3381, 1.68€ bounty)
*** ANTE/BLINDS ***
StephTapis posts ante 12
xRED DEVILx posts ante 12
P1xel7 posts ante 12
StephTapis posts small blind 50
xRED DEVILx posts big blind 100
Dealt to P1xel7 [Qd Ts]
*** PRE-FLOP *** 
P1xel7 raises 100 to 200
StephTapis calls 150
xRED DEVILx calls 100
*** FLOP *** [5c As 9c]
StephTapis checks
xRED DEVILx bets 288 and is all-in
P1xel7 calls 288
StephTapis folds
*** TURN *** [5c As 9c][8c]
*** RIVER *** [5c As 9c 8c][Ad]
*** SHOW DOWN ***
P1xel7 shows [Qd Ts] (One pair : Aces)
xRED DEVILx shows [8h 9h] (Two pairs : Aces and 9)
xRED DEVILx collected 1212 from pot
*** SUMMARY ***
Total pot 1212 | No rake
Board: [5c As 9c 8c Ad]
Seat 2: xRED DEVILx (big blind) showed [8h 9h] and won 1212 with Two pairs : Aces and 9
Seat 3: P1xel7 (button) showed [Qd Ts] and lost with One pair : Aces


Winamax Poker - Tournament "Trident" buyIn: 1.80€ + 0.20€ level: 10 - HandId: #3102743877107318827-67-1703018292 - Holdem no limit (12/50/100) - 2023/12/19 20:38:12 UTC
Table: 'Trident(722413854)#0042' 3-max (real money) Seat #1 is the button
Seat 1: StephTapis (3150, 5.17€ bounty)
Seat 2: xRED DEVILx (1212, 0.90€ bounty)
Seat 3: P1xel7 (2881, 1.68€ bounty)
*** ANTE/BLINDS ***
xRED DEVILx posts ante 12
P1xel7 posts ante 12
StephTapis posts ante 12
xRED DEVILx posts small blind 50
P1xel7 posts big blind 100
Dealt to P1xel7 [Js 8h]
*** PRE-FLOP *** 
StephTapis raises 286 to 386
xRED DEVILx folds
P1xel7 folds
StephTapis collected 572 from pot
*** SUMMARY ***
Total pot 572 | No rake
Seat 1: StephTapis (button) won 572


Winamax Poker - Tournament "Trident" buyIn: 1.80€ + 0.20€ level: 10 - HandId: #3102743877107318827-68-1703018302 - Holdem no limit (12/50/100) - 2023/12/19 20:38:22 UTC
Table: 'Trident(722413854)#0042' 3-max (real money) Seat #2 is the button
Seat 1: StephTapis (3324, 5.17€ bounty)
Seat 2: xRED DEVILx (1150, 0.90€ bounty)
Seat 3: P1xel7 (2769, 1.68€ bounty)
*** ANTE/BLINDS ***
P1xel7 posts ante 12
StephTapis posts ante 12
xRED DEVILx posts ante 12
P1xel7 posts small blind 50
StephTapis posts big blind 100
Dealt to P1xel7 [4d 3d]
*** PRE-FLOP *** 
xRED DEVILx folds
P1xel7 raises 100 to 200
StephTapis calls 100
*** FLOP *** [As 7c Qc]
P1xel7 checks
StephTapis checks
*** TURN *** [As 7c Qc][2d]
P1xel7 checks
StephTapis bets 100
P1xel7 folds
StephTapis collected 536 from pot
*** SUMMARY ***
Total pot 536 | No rake
Board: [As 7c Qc 2d]
Seat 1: StephTapis (big blind) won 536


Winamax Poker - Tournament "Trident" buyIn: 1.80€ + 0.20€ level: 10 - HandId: #3102743877107318827-69-1703018320 - Holdem no limit (12/50/100) - 2023/12/19 20:38:40 UTC
Table: 'Trident(722413854)#0042' 3-max (real money) Seat #3 is the button
Seat 1: StephTapis (3548, 5.17€ bounty)
Seat 2: xRED DEVILx (1138, 0.90€ bounty)
Seat 3: P1xel7 (2557, 1.68€ bounty)
*** ANTE/BLINDS ***
StephTapis posts ante 12
xRED DEVILx posts ante 12
P1xel7 posts ante 12
StephTapis posts small blind 50
xRED DEVILx posts big blind 100
Dealt to P1xel7 [6s 5c]
*** PRE-FLOP *** 
P1xel7 folds
StephTapis raises 236 to 336
xRED DEVILx folds
StephTapis collected 472 from pot
*** SUMMARY ***
Total pot 472 | No rake
Seat 1: StephTapis (small blind) won 472


Winamax Poker - Tournament "Trident" buyIn: 1.80€ + 0.20€ level: 10 - HandId: #3102743877107318827-70-1703018330 - Holdem no limit (12/50/100) - 2023/12/19 20:38:50 UTC
Table: 'Trident(722413854)#0042' 3-max (real money) Seat #1 is the button
Seat 1: StephTapis (3672, 5.17€ bounty)
Seat 2: xRED DEVILx (1026, 0.90€ bounty)
Seat 3: P1xel7 (2545, 1.68€ bounty)
*** ANTE/BLINDS ***
xRED DEVILx posts ante 12
P1xel7 posts ante 12
StephTapis posts ante 12
xRED DEVILx posts small blind 50
P1xel7 posts big blind 100
Dealt to P1xel7 [7s 6d]
*** PRE-FLOP *** 
StephTapis calls 100
xRED DEVILx folds
P1xel7 checks
*** FLOP *** [9d 7c Js]
P1xel7 bets 143
StephTapis calls 143
*** TURN *** [9d 7c Js][6s]
P1xel7 checks
StephTapis bets 572
P1xel7 calls 572
*** RIVER *** [9d 7c Js 6s][Qd]
P1xel7 bets 1718 and is all-in
StephTapis calls 1718
*** SHOW DOWN ***
StephTapis shows [Jc Th] (One pair : Jacks)
P1xel7 shows [7s 6d] (Two pairs : 7 and 6)
P1xel7 collected 5152 from pot
*** SUMMARY ***
Total pot 5152 | No rake
Board: [9d 7c Js 6s Qd]
Seat 1: StephTapis (button) showed [Jc Th] and lost with One pair : Jacks
Seat 3: P1xel7 (big blind) showed [7s 6d] and won 5152 with Two pairs : 7 and 6


Winamax Poker - Tournament "Trident" buyIn: 1.80€ + 0.20€ level: 10 - HandId: #3102743877107318827-71-1703018372 - Holdem no limit (12/50/100) - 2023/12/19 20:39:32 UTC
Table: 'Trident(722413854)#0042' 3-max (real money) Seat #2 is the button
Seat 1: StephTapis (1127, 5.17€ bounty)
Seat 2: xRED DEVILx (964, 0.90€ bounty)
Seat 3: P1xel7 (5152, 1.68€ bounty)
*** ANTE/BLINDS ***
P1xel7 posts ante 12
StephTapis posts ante 12
xRED DEVILx posts ante 12
P1xel7 posts small blind 50
StephTapis posts big blind 100
Dealt to P1xel7 [5d Js]
*** PRE-FLOP *** 
xRED DEVILx calls 100
P1xel7 raises 5040 to 5140 and is all-in
StephTapis folds
xRED DEVILx folds
P1xel7 collected 5376 from pot
*** SUMMARY ***
Total pot 5376 | No rake
Seat 3: P1xel7 (small blind) won 5376


Winamax Poker - Tournament "Trident" buyIn: 1.80€ + 0.20€ level: 10 - HandId: #3102743877107318827-72-1703018387 - Holdem no limit (12/50/100) - 2023/12/19 20:39:47 UTC
Table: 'Trident(722413854)#0042' 3-max (real money) Seat #3 is the button
Seat 1: StephTapis (1015, 5.17€ bounty)
Seat 2: xRED DEVILx (852, 0.90€ bounty)
Seat 3: P1xel7 (5376, 1.68€ bounty)
*** ANTE/BLINDS ***
StephTapis posts ante 12
xRED DEVILx posts ante 12
P1xel7 posts ante 12
StephTapis posts small blind 50
xRED DEVILx posts big blind 100
Dealt to P1xel7 [4s Kh]
*** PRE-FLOP *** 
P1xel7 raises 5264 to 5364 and is all-in
StephTapis folds
xRED DEVILx folds
P1xel7 collected 5550 from pot
*** SUMMARY ***
Total pot 5550 | No rake
Seat 3: P1xel7 (button) won 5550


Winamax Poker - Tournament "Trident" buyIn: 1.80€ + 0.20€ level: 10 - HandId: #3102743877107318827-73-1703018396 - Holdem no limit (12/50/100) - 2023/12/19 20:39:56 UTC
Table: 'Trident(722413854)#0042' 3-max (real money) Seat #1 is the button
Seat 1: StephTapis (953, 5.17€ bounty)
Seat 2: xRED DEVILx (740, 0.90€ bounty)
Seat 3: P1xel7 (5550, 1.68€ bounty)
*** ANTE/BLINDS ***
xRED DEVILx posts ante 12
P1xel7 posts ante 12
StephTapis posts ante 12
xRED DEVILx posts small blind 50
P1xel7 posts big blind 100
Dealt to P1xel7 [Jh Ts]
*** PRE-FLOP *** 
StephTapis raises 841 to 941 and is all-in
xRED DEVILx folds
P1xel7 calls 841
*** FLOP *** [Ac 9d Ks]
*** TURN *** [Ac 9d Ks][4c]
*** RIVER *** [Ac 9d Ks 4c][3s]
*** SHOW DOWN ***
P1xel7 shows [Jh Ts] (High card : Ace)
StephTapis shows [Ad 2h] (One pair : Aces)
StephTapis collected 1968 from pot
*** SUMMARY ***
Total pot 1968 | No rake
Board: [Ac 9d Ks 4c 3s]
Seat 1: StephTapis (button) showed [Ad 2h] and won 1968 with One pair : Aces
Seat 3: P1xel7 (big blind) showed [Jh Ts] and lost with High card : Ace


Winamax Poker - Tournament "Trident" buyIn: 1.80€ + 0.20€ level: 11 - HandId: #3102743877107318827-74-1703018428 - Holdem no limit (14/60/120) - 2023/12/19 20:40:28 UTC
Table: 'Trident(722413854)#0042' 3-max (real money) Seat #2 is the button
Seat 1: StephTapis (1968, 5.17€ bounty)
Seat 2: xRED DEVILx (678, 0.90€ bounty)
Seat 3: P1xel7 (4597, 1.68€ bounty)
*** ANTE/BLINDS ***
P1xel7 posts ante 14
StephTapis posts ante 14
xRED DEVILx posts ante 14
P1xel7 posts small blind 60
StephTapis posts big blind 120
Dealt to P1xel7 [Ac Js]
*** PRE-FLOP *** 
xRED DEVILx raises 544 to 664 and is all-in
P1xel7 raises 3919 to 4583 and is all-in
StephTapis calls 1834 and is all-in
*** FLOP *** [8c As 6c]
*** TURN *** [8c As 6c][Kd]
*** RIVER *** [8c As 6c Kd][8d]
*** SHOW DOWN ***
StephTapis shows [Jd 7d] (One pair : 8)
xRED DEVILx shows [Ad 5d] (Two pairs : Aces and 8)
P1xel7 shows [Ac Js] (Two pairs : Aces and 8)
P1xel7 collected 6226 from side pot 1
xRED DEVILx collected 1017 from main pot
*** SUMMARY ***
Total pot 7243 | No rake
Board: [8c As 6c Kd 8d]
Seat 1: StephTapis (big blind) showed [Jd 7d] and lost with One pair : 8
Seat 2: xRED DEVILx (button) showed [Ad 5d] and won 1017 with Two pairs : Aces and 8
Seat 3: P1xel7 (small blind) showed [Ac Js] and won 6226 with Two pairs : Aces and 8


Winamax Poker - Tournament "Trident" buyIn: 1.80€ + 0.20€ level: 11 - HandId: #3102743877107318827-75-1703018444 - Holdem no limit (14/60/120) - 2023/12/19 20:40:44 UTC
Table: 'Trident(722413854)#0042' 3-max (real money) Seat #2 is the button
Seat 2: xRED DEVILx (1017, 0.90€ bounty)
Seat 3: P1xel7 (6226, 4.26€ bounty)
*** ANTE/BLINDS ***
xRED DEVILx posts ante 14
P1xel7 posts ante 14
xRED DEVILx posts small blind 60
P1xel7 posts big blind 120
Dealt to P1xel7 [6s 3c]
*** PRE-FLOP *** 
xRED DEVILx folds
P1xel7 collected 208 from pot
*** SUMMARY ***
Total pot 208 | No rake
Seat 3: P1xel7 (big blind) won 208


Winamax Poker - Tournament "Trident" buyIn: 1.80€ + 0.20€ level: 11 - HandId: #3102743877107318827-76-1703018449 - Holdem no limit (14/60/120) - 2023/12/19 20:40:49 UTC
Table: 'Trident(722413854)#0042' 3-max (real money) Seat #3 is the button
Seat 2: xRED DEVILx (943, 0.90€ bounty)
Seat 3: P1xel7 (6300, 4.26€ bounty)
*** ANTE/BLINDS ***
P1xel7 posts ante 14
xRED DEVILx posts ante 14
P1xel7 posts small blind 60
xRED DEVILx posts big blind 120
Dealt to P1xel7 [6c 2d]
*** PRE-FLOP *** 
P1xel7 folds
xRED DEVILx collected 208 from pot
*** SUMMARY ***
Total pot 208 | No rake
Seat 2: xRED DEVILx (big blind) won 208


Winamax Poker - Tournament "Trident" buyIn: 1.80€ + 0.20€ level: 11 - HandId: #3102743877107318827-77-1703018457 - Holdem no limit (14/60/120) - 2023/12/19 20:40:57 UTC
Table: 'Trident(722413854)#0042' 3-max (real money) Seat #2 is the button
Seat 2: xRED DEVILx (1017, 0.90€ bounty)
Seat 3: P1xel7 (6226, 4.26€ bounty)
*** ANTE/BLINDS ***
xRED DEVILx posts ante 14
P1xel7 posts ante 14
xRED DEVILx posts small blind 60
P1xel7 posts big blind 120
Dealt to P1xel7 [9c Kc]
*** PRE-FLOP *** 
xRED DEVILx calls 60
P1xel7 raises 6092 to 6212 and is all-in
xRED DEVILx folds
P1xel7 collected 6360 from pot
*** SUMMARY ***
Total pot 6360 | No rake
Seat 3: P1xel7 (big blind) won 6360


Winamax Poker - Tournament "Trident" buyIn: 1.80€ + 0.20€ level: 11 - HandId: #3102743877107318827-78-1703018466 - Holdem no limit (14/60/120) - 2023/12/19 20:41:06 UTC
Table: 'Trident(722413854)#0042' 3-max (real money) Seat #3 is the button
Seat 2: xRED DEVILx (883, 0.90€ bounty)
Seat 3: P1xel7 (6360, 4.26€ bounty)
*** ANTE/BLINDS ***
P1xel7 posts ante 14
xRED DEVILx posts ante 14
P1xel7 posts small blind 60
xRED DEVILx posts big blind 120
Dealt to P1xel7 [8d 4d]
*** PRE-FLOP *** 
P1xel7 folds
xRED DEVILx collected 208 from pot
*** SUMMARY ***
Total pot 208 | No rake
Seat 2: xRED DEVILx (big blind) won 208


Winamax Poker - Tournament "Trident" buyIn: 1.80€ + 0.20€ level: 11 - HandId: #3102743877107318827-79-1703018475 - Holdem no limit (14/60/120) - 2023/12/19 20:41:15 UTC
Table: 'Trident(722413854)#0042' 3-max (real money) Seat #2 is the button
Seat 2: xRED DEVILx (957, 0.90€ bounty)
Seat 3: P1xel7 (6286, 4.26€ bounty)
*** ANTE/BLINDS ***
xRED DEVILx posts ante 14
P1xel7 posts ante 14
xRED DEVILx posts small blind 60
P1xel7 posts big blind 120
Dealt to P1xel7 [9s 8c]
*** PRE-FLOP *** 
xRED DEVILx folds
P1xel7 collected 208 from pot
*** SUMMARY ***
Total pot 208 | No rake
Seat 3: P1xel7 (big blind) won 208


Winamax Poker - Tournament "Trident" buyIn: 1.80€ + 0.20€ level: 11 - HandId: #3102743877107318827-80-1703018492 - Holdem no limit (14/60/120) - 2023/12/19 20:41:32 UTC
Table: 'Trident(722413854)#0042' 3-max (real money) Seat #3 is the button
Seat 2: xRED DEVILx (883, 0.90€ bounty)
Seat 3: P1xel7 (6360, 4.26€ bounty)
*** ANTE/BLINDS ***
P1xel7 posts ante 14
xRED DEVILx posts ante 14
P1xel7 posts small blind 60
xRED DEVILx posts big blind 120
Dealt to P1xel7 [4d 9c]
*** PRE-FLOP *** 
P1xel7 folds
xRED DEVILx collected 208 from pot
*** SUMMARY ***
Total pot 208 | No rake
Seat 2: xRED DEVILx (big blind) won 208


Winamax Poker - Tournament "Trident" buyIn: 1.80€ + 0.20€ level: 11 - HandId: #3102743877107318827-81-1703018500 - Holdem no limit (14/60/120) - 2023/12/19 20:41:40 UTC
Table: 'Trident(722413854)#0042' 3-max (real money) Seat #2 is the button
Seat 2: xRED DEVILx (957, 0.90€ bounty)
Seat 3: P1xel7 (6286, 4.26€ bounty)
*** ANTE/BLINDS ***
xRED DEVILx posts ante 14
P1xel7 posts ante 14
xRED DEVILx posts small blind 60
P1xel7 posts big blind 120
Dealt to P1xel7 [Th Jc]
*** PRE-FLOP *** 
xRED DEVILx calls 60
P1xel7 raises 6152 to 6272 and is all-in
xRED DEVILx folds
P1xel7 collected 6420 from pot
*** SUMMARY ***
Total pot 6420 | No rake
Seat 3: P1xel7 (big blind) won 6420


Winamax Poker - Tournament "Trident" buyIn: 1.80€ + 0.20€ level: 11 - HandId: #3102743877107318801-86-1703018519 - Holdem no limit (14/60/120) - 2023/12/19 20:41:59 UTC
Table: 'Trident(722413854)#0016' 3-max (real money) Seat #1 is the button
Seat 1: _8-6_ (4400, 1.35€ bounty)
Seat 2: Bernard0280 (1100, 4.05€ bounty)
Seat 3: P1xel7 (6420, 4.26€ bounty)
*** ANTE/BLINDS ***
Bernard0280 posts ante 14
P1xel7 posts ante 14
_8-6_ posts ante 14
Bernard0280 posts small blind 60
P1xel7 posts big blind 120
Dealt to P1xel7 [7h Ts]
*** PRE-FLOP *** 
_8-6_ folds
Bernard0280 folds
P1xel7 collected 222 from pot
*** SUMMARY ***
Total pot 222 | No rake
Seat 3: P1xel7 (big blind) won 222


Winamax Poker - Tournament "Trident" buyIn: 1.80€ + 0.20€ level: 11 - HandId: #3102743877107318801-87-1703018530 - Holdem no limit (14/60/120) - 2023/12/19 20:42:10 UTC
Table: 'Trident(722413854)#0016' 3-max (real money) Seat #2 is the button
Seat 1: _8-6_ (4386, 1.35€ bounty)
Seat 2: Bernard0280 (1026, 4.05€ bounty)
Seat 3: P1xel7 (6508, 4.26€ bounty)
*** ANTE/BLINDS ***
P1xel7 posts ante 14
_8-6_ posts ante 14
Bernard0280 posts ante 14
P1xel7 posts small blind 60
_8-6_ posts big blind 120
Dealt to P1xel7 [7h 9s]
*** PRE-FLOP *** 
Bernard0280 folds
P1xel7 folds
_8-6_ collected 222 from pot
*** SUMMARY ***
Total pot 222 | No rake
Seat 1: _8-6_ (big blind) won 222


Winamax Poker - Tournament "Trident" buyIn: 1.80€ + 0.20€ level: 11 - HandId: #3102743877107318801-88-1703018535 - Holdem no limit (14/60/120) - 2023/12/19 20:42:15 UTC
Table: 'Trident(722413854)#0016' 3-max (real money) Seat #3 is the button
Seat 1: _8-6_ (4474, 1.35€ bounty)
Seat 2: Bernard0280 (1012, 4.05€ bounty)
Seat 3: P1xel7 (6434, 4.26€ bounty)
*** ANTE/BLINDS ***
_8-6_ posts ante 14
Bernard0280 posts ante 14
P1xel7 posts ante 14
_8-6_ posts small blind 60
Bernard0280 posts big blind 120
Dealt to P1xel7 [8d As]
*** PRE-FLOP *** 
P1xel7 raises 120 to 240
_8-6_ calls 180
Bernard0280 folds
*** FLOP *** [8c 9d Td]
_8-6_ checks
P1xel7 bets 321
_8-6_ calls 321
*** TURN *** [8c 9d Td][Ts]
_8-6_ checks
P1xel7 bets 449
_8-6_ calls 449
*** RIVER *** [8c 9d Td Ts][Th]
_8-6_ checks
P1xel7 checks
*** SHOW DOWN ***
_8-6_ shows [Qs Ad] (Trips of Tens)
P1xel7 shows [8d As] (Full of Tens and 8)
P1xel7 collected 2182 from pot
*** SUMMARY ***
Total pot 2182 | No rake
Board: [8c 9d Td Ts Th]
Seat 1: _8-6_ (small blind) showed [Qs Ad] and lost with Trips of Tens
Seat 3: P1xel7 (button) showed [8d As] and won 2182 with Full of Tens and 8


Winamax Poker - Tournament "Trident" buyIn: 1.80€ + 0.20€ level: 12 - HandId: #3102743877107318801-89-1703018581 - Holdem no limit (16/70/140) - 2023/12/19 20:43:01 UTC
Table: 'Trident(722413854)#0016' 3-max (real money) Seat #1 is the button
Seat 1: _8-6_ (3450, 1.35€ bounty)
Seat 2: Bernard0280 (878, 4.05€ bounty)
Seat 3: P1xel7 (7592, 4.26€ bounty)
*** ANTE/BLINDS ***
Bernard0280 posts ante 16
P1xel7 posts ante 16
_8-6_ posts ante 16
Bernard0280 posts small blind 70
P1xel7 posts big blind 140
Dealt to P1xel7 [Qh Kd]
*** PRE-FLOP *** 
_8-6_ folds
Bernard0280 calls 70
P1xel7 raises 210 to 350
Bernard0280 folds
P1xel7 collected 538 from pot
*** SUMMARY ***
Total pot 538 | No rake
Seat 3: P1xel7 (big blind) won 538


Winamax Poker - Tournament "Trident" buyIn: 1.80€ + 0.20€ level: 12 - HandId: #3102743877107318801-90-1703018599 - Holdem no limit (16/70/140) - 2023/12/19 20:43:19 UTC
Table: 'Trident(722413854)#0016' 3-max (real money) Seat #2 is the button
Seat 1: _8-6_ (3434, 1.35€ bounty)
Seat 2: Bernard0280 (722, 4.05€ bounty)
Seat 3: P1xel7 (7764, 4.26€ bounty)
*** ANTE/BLINDS ***
P1xel7 posts ante 16
_8-6_ posts ante 16
Bernard0280 posts ante 16
P1xel7 posts small blind 70
_8-6_ posts big blind 140
Dealt to P1xel7 [8s Kh]
*** PRE-FLOP *** 
Bernard0280 folds
P1xel7 raises 140 to 280
_8-6_ calls 140
*** FLOP *** [5s 5h 7s]
P1xel7 checks
_8-6_ checks
*** TURN *** [5s 5h 7s][7c]
P1xel7 checks
_8-6_ checks
*** RIVER *** [5s 5h 7s 7c][5d]
P1xel7 checks
_8-6_ checks
*** SHOW DOWN ***
_8-6_ shows [Js 4d] (Full of 5 and 7)
P1xel7 shows [8s Kh] (Full of 5 and 7)
P1xel7 collected 304 from pot
_8-6_ collected 304 from pot
*** SUMMARY ***
Total pot 608 | No rake
Board: [5s 5h 7s 7c 5d]
Seat 1: _8-6_ (big blind) showed [Js 4d] and won 304 with Full of 5 and 7
Seat 3: P1xel7 (small blind) showed [8s Kh] and won 304 with Full of 5 and 7


Winamax Poker - Tournament "Trident" buyIn: 1.80€ + 0.20€ level: 12 - HandId: #3102743877107318801-91-1703018626 - Holdem no limit (16/70/140) - 2023/12/19 20:43:46 UTC
Table: 'Trident(722413854)#0016' 3-max (real money) Seat #3 is the button
Seat 1: _8-6_ (3442, 1.35€ bounty)
Seat 2: Bernard0280 (706, 4.05€ bounty)
Seat 3: P1xel7 (7772, 4.26€ bounty)
*** ANTE/BLINDS ***
_8-6_ posts ante 16
Bernard0280 posts ante 16
P1xel7 posts ante 16
_8-6_ posts small blind 70
Bernard0280 posts big blind 140
Dealt to P1xel7 [9s 5h]
*** PRE-FLOP *** 
P1xel7 folds
_8-6_ calls 70
Bernard0280 checks
*** FLOP *** [2d Ac As]
_8-6_ checks
Bernard0280 bets 550 and is all-in
_8-6_ folds
Bernard0280 collected 878 from pot
*** SUMMARY ***
Total pot 878 | No rake
Board: [2d Ac As]
Seat 2: Bernard0280 (big blind) won 878


Winamax Poker - Tournament "Trident" buyIn: 1.80€ + 0.20€ level: 12 - HandId: #3102743877107318801-92-1703018645 - Holdem no limit (16/70/140) - 2023/12/19 20:44:05 UTC
Table: 'Trident(722413854)#0016' 3-max (real money) Seat #1 is the button
Seat 1: _8-6_ (3286, 1.35€ bounty)
Seat 2: Bernard0280 (878, 4.05€ bounty)
Seat 3: P1xel7 (7756, 4.26€ bounty)
*** ANTE/BLINDS ***
Bernard0280 posts ante 16
P1xel7 posts ante 16
_8-6_ posts ante 16
Bernard0280 posts small blind 70
P1xel7 posts big blind 140
Dealt to P1xel7 [Th 6s]
*** PRE-FLOP *** 
_8-6_ folds
Bernard0280 raises 722 to 862 and is all-in
P1xel7 calls 722
*** FLOP *** [Qc Qh 5s]
*** TURN *** [Qc Qh 5s][Kd]
*** RIVER *** [Qc Qh 5s Kd][Qs]
*** SHOW DOWN ***
P1xel7 shows [Th 6s] (Trips of Queens)
Bernard0280 shows [As 3d] (Trips of Queens)
Bernard0280 collected 1772 from pot
*** SUMMARY ***
Total pot 1772 | No rake
Board: [Qc Qh 5s Kd Qs]
Seat 2: Bernard0280 (small blind) showed [As 3d] and won 1772 with Trips of Queens
Seat 3: P1xel7 (big blind) showed [Th 6s] and lost with Trips of Queens


Winamax Poker - Tournament "Trident" buyIn: 1.80€ + 0.20€ level: 12 - HandId: #3102743877107318801-93-1703018672 - Holdem no limit (16/70/140) - 2023/12/19 20:44:32 UTC
Table: 'Trident(722413854)#0016' 3-max (real money) Seat #2 is the button
Seat 1: _8-6_ (3270, 1.35€ bounty)
Seat 2: Bernard0280 (1772, 4.05€ bounty)
Seat 3: P1xel7 (6878, 4.26€ bounty)
*** ANTE/BLINDS ***
P1xel7 posts ante 16
_8-6_ posts ante 16
Bernard0280 posts ante 16
P1xel7 posts small blind 70
_8-6_ posts big blind 140
Dealt to P1xel7 [6s 4s]
*** PRE-FLOP *** 
Bernard0280 folds
P1xel7 folds
_8-6_ collected 258 from pot
*** SUMMARY ***
Total pot 258 | No rake
Seat 1: _8-6_ (big blind) won 258


Winamax Poker - Tournament "Trident" buyIn: 1.80€ + 0.20€ level: 12 - HandId: #3102743877107318801-94-1703018677 - Holdem no limit (16/70/140) - 2023/12/19 20:44:37 UTC
Table: 'Trident(722413854)#0016' 3-max (real money) Seat #3 is the button
Seat 1: _8-6_ (3372, 1.35€ bounty)
Seat 2: Bernard0280 (1756, 4.05€ bounty)
Seat 3: P1xel7 (6792, 4.26€ bounty)
*** ANTE/BLINDS ***
_8-6_ posts ante 16
Bernard0280 posts ante 16
P1xel7 posts ante 16
_8-6_ posts small blind 70
Bernard0280 posts big blind 140
Dealt to P1xel7 [6h 2s]
*** PRE-FLOP *** 
P1xel7 folds
_8-6_ calls 70
Bernard0280 checks
*** FLOP *** [2c 4s 7d]
_8-6_ checks
Bernard0280 bets 1600 and is all-in
_8-6_ folds
Bernard0280 collected 1928 from pot
*** SUMMARY ***
Total pot 1928 | No rake
Board: [2c 4s 7d]
Seat 2: Bernard0280 (big blind) won 1928


Winamax Poker - Tournament "Trident" buyIn: 1.80€ + 0.20€ level: 13 - HandId: #3102743877107318801-95-1703018743 - Holdem no limit (20/80/160) - 2023/12/19 20:45:43 UTC
Table: 'Trident(722413854)#0016' 3-max (real money) Seat #1 is the button
Seat 1: _8-6_ (3216, 1.35€ bounty)
Seat 2: Bernard0280 (1928, 4.05€ bounty)
Seat 3: P1xel7 (6776, 4.26€ bounty)
*** ANTE/BLINDS ***
Bernard0280 posts ante 20
P1xel7 posts ante 20
_8-6_ posts ante 20
Bernard0280 posts small blind 80
P1xel7 posts big blind 160
Dealt to P1xel7 [Qc Ac]
*** PRE-FLOP *** 
_8-6_ calls 160
Bernard0280 folds
P1xel7 raises 320 to 480
_8-6_ calls 320
*** FLOP *** [Ts 9c 4d]
P1xel7 bets 385
_8-6_ folds
P1xel7 collected 1485 from pot
*** SUMMARY ***
Total pot 1485 | No rake
Board: [Ts 9c 4d]
Seat 3: P1xel7 (big blind) won 1485


Winamax Poker - Tournament "Trident" buyIn: 1.80€ + 0.20€ level: 13 - HandId: #3102743877107318801-96-1703018769 - Holdem no limit (20/80/160) - 2023/12/19 20:46:09 UTC
Table: 'Trident(722413854)#0016' 3-max (real money) Seat #2 is the button
Seat 1: _8-6_ (2716, 1.35€ bounty)
Seat 2: Bernard0280 (1828, 4.05€ bounty)
Seat 3: P1xel7 (7376, 4.26€ bounty)
*** ANTE/BLINDS ***
P1xel7 posts ante 20
_8-6_ posts ante 20
Bernard0280 posts ante 20
P1xel7 posts small blind 80
_8-6_ posts big blind 160
Dealt to P1xel7 [9c Ks]
*** PRE-FLOP *** 
Bernard0280 folds
P1xel7 raises 160 to 320
_8-6_ calls 160
*** FLOP *** [Kc 8c 4s]
P1xel7 checks
_8-6_ checks
*** TURN *** [Kc 8c 4s][5d]
P1xel7 checks
_8-6_ checks
*** RIVER *** [Kc 8c 4s 5d][2s]
P1xel7 bets 560
_8-6_ folds
P1xel7 collected 1260 from pot
*** SUMMARY ***
Total pot 1260 | No rake
Board: [Kc 8c 4s 5d 2s]
Seat 3: P1xel7 (small blind) won 1260


Winamax Poker - Tournament "Trident" buyIn: 1.80€ + 0.20€ level: 13 - HandId: #3102743877107318801-97-1703018796 - Holdem no limit (20/80/160) - 2023/12/19 20:46:36 UTC
Table: 'Trident(722413854)#0016' 3-max (real money) Seat #3 is the button
Seat 1: _8-6_ (2376, 1.35€ bounty)
Seat 2: Bernard0280 (1808, 4.05€ bounty)
Seat 3: P1xel7 (7736, 4.26€ bounty)
*** ANTE/BLINDS ***
_8-6_ posts ante 20
Bernard0280 posts ante 20
P1xel7 posts ante 20
_8-6_ posts small blind 80
Bernard0280 posts big blind 160
Dealt to P1xel7 [7c 4h]
*** PRE-FLOP *** 
P1xel7 folds
_8-6_ calls 80
Bernard0280 raises 1628 to 1788 and is all-in
_8-6_ folds
Bernard0280 collected 2008 from pot
*** SUMMARY ***
Total pot 2008 | No rake
Seat 2: Bernard0280 (big blind) won 2008


Winamax Poker - Tournament "Trident" buyIn: 1.80€ + 0.20€ level: 13 - HandId: #3102743877107318801-98-1703018807 - Holdem no limit (20/80/160) - 2023/12/19 20:46:47 UTC
Table: 'Trident(722413854)#0016' 3-max (real money) Seat #1 is the button
Seat 1: _8-6_ (2196, 1.35€ bounty)
Seat 2: Bernard0280 (2008, 4.05€ bounty)
Seat 3: P1xel7 (7716, 4.26€ bounty)
*** ANTE/BLINDS ***
Bernard0280 posts ante 20
P1xel7 posts ante 20
_8-6_ posts ante 20
Bernard0280 posts small blind 80
P1xel7 posts big blind 160
Dealt to P1xel7 [7h 8s]
*** PRE-FLOP *** 
_8-6_ folds
Bernard0280 raises 160 to 320
P1xel7 folds
Bernard0280 collected 540 from pot
*** SUMMARY ***
Total pot 540 | No rake
Seat 2: Bernard0280 (small blind) won 540


Winamax Poker - Tournament "Trident" buyIn: 1.80€ + 0.20€ level: 13 - HandId: #3102743877107318801-99-1703018820 - Holdem no limit (20/80/160) - 2023/12/19 20:47:00 UTC
Table: 'Trident(722413854)#0016' 3-max (real money) Seat #2 is the button
Seat 1: _8-6_ (2176, 1.35€ bounty)
Seat 2: Bernard0280 (2208, 4.05€ bounty)
Seat 3: P1xel7 (7536, 4.26€ bounty)
*** ANTE/BLINDS ***
P1xel7 posts ante 20
_8-6_ posts ante 20
Bernard0280 posts ante 20
P1xel7 posts small blind 80
_8-6_ posts big blind 160
Dealt to P1xel7 [Kh Qs]
*** PRE-FLOP *** 
Bernard0280 calls 160
P1xel7 raises 7356 to 7516 and is all-in
_8-6_ folds
Bernard0280 folds
P1xel7 collected 7896 from pot
*** SUMMARY ***
Total pot 7896 | No rake
Seat 3: P1xel7 (small blind) won 7896


Winamax Poker - Tournament "Trident" buyIn: 1.80€ + 0.20€ level: 13 - HandId: #3102743877107318801-100-1703018830 - Holdem no limit (20/80/160) - 2023/12/19 20:47:10 UTC
Table: 'Trident(722413854)#0016' 3-max (real money) Seat #3 is the button
Seat 1: _8-6_ (1996, 1.35€ bounty)
Seat 2: Bernard0280 (2028, 4.05€ bounty)
Seat 3: P1xel7 (7896, 4.26€ bounty)
*** ANTE/BLINDS ***
_8-6_ posts ante 20
Bernard0280 posts ante 20
P1xel7 posts ante 20
_8-6_ posts small blind 80
Bernard0280 posts big blind 160
Dealt to P1xel7 [Ts 2d]
*** PRE-FLOP *** 
P1xel7 folds
_8-6_ calls 80
Bernard0280 raises 380 to 540
_8-6_ calls 380
*** FLOP *** [Js Th Tc]
_8-6_ checks
Bernard0280 bets 1468 and is all-in
_8-6_ folds
Bernard0280 collected 2608 from pot
*** SUMMARY ***
Total pot 2608 | No rake
Board: [Js Th Tc]
Seat 2: Bernard0280 (big blind) won 2608


Winamax Poker - Tournament "Trident" buyIn: 1.80€ + 0.20€ level: 14 - HandId: #3102743877107318801-101-1703018853 - Holdem no limit (25/100/200) - 2023/12/19 20:47:33 UTC
Table: 'Trident(722413854)#0016' 3-max (real money) Seat #1 is the button
Seat 1: _8-6_ (1436, 1.35€ bounty)
Seat 2: Bernard0280 (2608, 4.05€ bounty)
Seat 3: P1xel7 (7876, 4.26€ bounty)
*** ANTE/BLINDS ***
Bernard0280 posts ante 25
P1xel7 posts ante 25
_8-6_ posts ante 25
Bernard0280 posts small blind 100
P1xel7 posts big blind 200
Dealt to P1xel7 [7d Kd]
*** PRE-FLOP *** 
_8-6_ folds
Bernard0280 raises 200 to 400
P1xel7 raises 7451 to 7851 and is all-in
Bernard0280 folds
P1xel7 collected 8326 from pot
*** SUMMARY ***
Total pot 8326 | No rake
Seat 3: P1xel7 (big blind) won 8326


Winamax Poker - Tournament "Trident" buyIn: 1.80€ + 0.20€ level: 14 - HandId: #3102743877107318801-102-1703018867 - Holdem no limit (25/100/200) - 2023/12/19 20:47:47 UTC
Table: 'Trident(722413854)#0016' 3-max (real money) Seat #2 is the button
Seat 1: _8-6_ (1411, 1.35€ bounty)
Seat 2: Bernard0280 (2183, 4.05€ bounty)
Seat 3: P1xel7 (8326, 4.26€ bounty)
*** ANTE/BLINDS ***
P1xel7 posts ante 25
_8-6_ posts ante 25
Bernard0280 posts ante 25
P1xel7 posts small blind 100
_8-6_ posts big blind 200
Dealt to P1xel7 [Ts 6d]
*** PRE-FLOP *** 
Bernard0280 calls 200
P1xel7 folds
_8-6_ checks
*** FLOP *** [3d Th 3s]
_8-6_ checks
Bernard0280 bets 575
_8-6_ folds
Bernard0280 collected 1150 from pot
*** SUMMARY ***
Total pot 1150 | No rake
Board: [3d Th 3s]
Seat 2: Bernard0280 (button) won 1150


Winamax Poker - Tournament "Trident" buyIn: 1.80€ + 0.20€ level: 14 - HandId: #3102743877107318801-103-1703018887 - Holdem no limit (25/100/200) - 2023/12/19 20:48:07 UTC
Table: 'Trident(722413854)#0016' 3-max (real money) Seat #3 is the button
Seat 1: _8-6_ (1186, 1.35€ bounty)
Seat 2: Bernard0280 (2533, 4.05€ bounty)
Seat 3: P1xel7 (8201, 4.26€ bounty)
*** ANTE/BLINDS ***
_8-6_ posts ante 25
Bernard0280 posts ante 25
P1xel7 posts ante 25
_8-6_ posts small blind 100
Bernard0280 posts big blind 200
Dealt to P1xel7 [Td Jh]
*** PRE-FLOP *** 
P1xel7 raises 200 to 400
_8-6_ folds
Bernard0280 calls 200
*** FLOP *** [As 9s 8h]
Bernard0280 checks
P1xel7 bets 341
Bernard0280 calls 341
*** TURN *** [As 9s 8h][Ts]
Bernard0280 checks
P1xel7 bets 7435 and is all-in
Bernard0280 calls 1767 and is all-in
*** RIVER *** [As 9s 8h Ts][Ac]
*** SHOW DOWN ***
Bernard0280 shows [Ah Jd] (Trips of Aces)
P1xel7 shows [Td Jh] (Two pairs : Aces and Tens)
P1xel7 collected 5668 from side pot 1
Bernard0280 collected 5191 from main pot
*** SUMMARY ***
Total pot 10859 | No rake
Board: [As 9s 8h Ts Ac]
Seat 2: Bernard0280 (big blind) showed [Ah Jd] and won 5191 with Trips of Aces
Seat 3: P1xel7 (button) showed [Td Jh] and won 5668 with Two pairs : Aces and Tens


Winamax Poker - Tournament "Trident" buyIn: 1.80€ + 0.20€ level: 14 - HandId: #3102743877107318801-104-1703018907 - Holdem no limit (25/100/200) - 2023/12/19 20:48:27 UTC
Table: 'Trident(722413854)#0016' 3-max (real money) Seat #1 is the button
Seat 1: _8-6_ (1061, 1.35€ bounty)
Seat 2: Bernard0280 (5191, 4.05€ bounty)
Seat 3: P1xel7 (5668, 4.26€ bounty)
*** ANTE/BLINDS ***
Bernard0280 posts ante 25
P1xel7 posts ante 25
_8-6_ posts ante 25
Bernard0280 posts small blind 100
P1xel7 posts big blind 200
Dealt to P1xel7 [6s 2h]
*** PRE-FLOP *** 
_8-6_ raises 836 to 1036 and is all-in
Bernard0280 folds
P1xel7 folds
_8-6_ collected 1411 from pot
*** SUMMARY ***
Total pot 1411 | No rake
Seat 1: _8-6_ (button) won 1411


Winamax Poker - Tournament "Trident" buyIn: 1.80€ + 0.20€ level: 14 - HandId: #3102743877107318801-105-1703018919 - Holdem no limit (25/100/200) - 2023/12/19 20:48:39 UTC
Table: 'Trident(722413854)#0016' 3-max (real money) Seat #2 is the button
Seat 1: _8-6_ (1411, 1.35€ bounty)
Seat 2: Bernard0280 (5066, 4.05€ bounty)
Seat 3: P1xel7 (5443, 4.26€ bounty)
*** ANTE/BLINDS ***
P1xel7 posts ante 25
_8-6_ posts ante 25
Bernard0280 posts ante 25
P1xel7 posts small blind 100
_8-6_ posts big blind 200
Dealt to P1xel7 [3d Ks]
*** PRE-FLOP *** 
Bernard0280 raises 200 to 400
P1xel7 folds
_8-6_ calls 200
*** FLOP *** [9c Qh 4s]
_8-6_ bets 986 and is all-in
Bernard0280 calls 986
*** TURN *** [9c Qh 4s][Jc]
*** RIVER *** [9c Qh 4s Jc][Ac]
*** SHOW DOWN ***
_8-6_ shows [5d 9d] (One pair : 9)
Bernard0280 shows [Ah As] (Trips of Aces)
Bernard0280 collected 2947 from pot
*** SUMMARY ***
Total pot 2947 | No rake
Board: [9c Qh 4s Jc Ac]
Seat 1: _8-6_ (big blind) showed [5d 9d] and lost with One pair : 9
Seat 2: Bernard0280 (button) showed [Ah As] and won 2947 with Trips of Aces


Winamax Poker - Tournament "Trident" buyIn: 1.80€ + 0.20€ level: 14 - HandId: #3102743877107318801-106-1703018942 - Holdem no limit (25/100/200) - 2023/12/19 20:49:02 UTC
Table: 'Trident(722413854)#0016' 3-max (real money) Seat #2 is the button
Seat 2: Bernard0280 (6602, 4.72€ bounty)
Seat 3: P1xel7 (5318, 4.26€ bounty)
*** ANTE/BLINDS ***
Bernard0280 posts ante 25
P1xel7 posts ante 25
Bernard0280 posts small blind 100
P1xel7 posts big blind 200
Dealt to P1xel7 [Tc 9h]
*** PRE-FLOP *** 
Bernard0280 calls 100
P1xel7 checks
*** FLOP *** [6s Ks As]
P1xel7 checks
Bernard0280 bets 200
P1xel7 folds
Bernard0280 collected 650 from pot
*** SUMMARY ***
Total pot 650 | No rake
Board: [6s Ks As]
Seat 2: Bernard0280 (small blind) (button) won 650


Winamax Poker - Tournament "Trident" buyIn: 1.80€ + 0.20€ level: 14 - HandId: #3102743877107318801-107-1703018959 - Holdem no limit (25/100/200) - 2023/12/19 20:49:19 UTC
Table: 'Trident(722413854)#0016' 3-max (real money) Seat #2 is the button
Seat 1: dgege23 (4509, 0.90€ bounty)
Seat 2: Bernard0280 (6827, 4.72€ bounty)
Seat 3: P1xel7 (5093, 4.26€ bounty)
*** ANTE/BLINDS ***
P1xel7 posts ante 25
dgege23 posts ante 25
Bernard0280 posts ante 25
P1xel7 posts small blind 100
dgege23 posts big blind 200
Dealt to P1xel7 [3d Qh]
*** PRE-FLOP *** 
Bernard0280 raises 200 to 400
P1xel7 folds
dgege23 folds
Bernard0280 collected 775 from pot
*** SUMMARY ***
Total pot 775 | No rake
Seat 2: Bernard0280 (button) won 775


Winamax Poker - Tournament "Trident" buyIn: 1.80€ + 0.20€ level: 14 - HandId: #3102743877107318801-108-1703018975 - Holdem no limit (25/100/200) - 2023/12/19 20:49:35 UTC
Table: 'Trident(722413854)#0016' 3-max (real money) Seat #3 is the button
Seat 1: dgege23 (4284, 0.90€ bounty)
Seat 2: Bernard0280 (7177, 4.72€ bounty)
Seat 3: P1xel7 (4968, 4.26€ bounty)
*** ANTE/BLINDS ***
dgege23 posts ante 25
Bernard0280 posts ante 25
P1xel7 posts ante 25
dgege23 posts small blind 100
Bernard0280 posts big blind 200
Dealt to P1xel7 [3s Td]
*** PRE-FLOP *** 
P1xel7 folds
dgege23 calls 100
Bernard0280 checks
*** FLOP *** [Tc 2h 5h]
dgege23 bets 4059 and is all-in
Bernard0280 folds
dgege23 collected 4534 from pot
*** SUMMARY ***
Total pot 4534 | No rake
Board: [Tc 2h 5h]
Seat 1: dgege23 (small blind) won 4534


Winamax Poker - Tournament "Trident" buyIn: 1.80€ + 0.20€ level: 14 - HandId: #3102743877107318801-109-1703018988 - Holdem no limit (25/100/200) - 2023/12/19 20:49:48 UTC
Table: 'Trident(722413854)#0016' 3-max (real money) Seat #1 is the button
Seat 1: dgege23 (4534, 0.90€ bounty)
Seat 2: Bernard0280 (6952, 4.72€ bounty)
Seat 3: P1xel7 (4943, 4.26€ bounty)
*** ANTE/BLINDS ***
Bernard0280 posts ante 25
P1xel7 posts ante 25
dgege23 posts ante 25
Bernard0280 posts small blind 100
P1xel7 posts big blind 200
Dealt to P1xel7 [4c 8d]
*** PRE-FLOP *** 
dgege23 folds
Bernard0280 raises 475 to 675
P1xel7 folds
Bernard0280 collected 950 from pot
*** SUMMARY ***
Total pot 950 | No rake
Seat 2: Bernard0280 (small blind) won 950


Winamax Poker - Tournament "Trident" buyIn: 1.80€ + 0.20€ level: 14 - HandId: #3102743877107318801-110-1703018996 - Holdem no limit (25/100/200) - 2023/12/19 20:49:56 UTC
Table: 'Trident(722413854)#0016' 3-max (real money) Seat #2 is the button
Seat 1: dgege23 (4509, 0.90€ bounty)
Seat 2: Bernard0280 (7202, 4.72€ bounty)
Seat 3: P1xel7 (4718, 4.26€ bounty)
*** ANTE/BLINDS ***
P1xel7 posts ante 25
dgege23 posts ante 25
Bernard0280 posts ante 25
P1xel7 posts small blind 100
dgege23 posts big blind 200
Dealt to P1xel7 [Qh Td]
*** PRE-FLOP *** 
Bernard0280 calls 200
P1xel7 raises 240 to 440
dgege23 folds
Bernard0280 calls 240
*** FLOP *** [Kh 6h Th]
P1xel7 bets 404
Bernard0280 folds
P1xel7 collected 1559 from pot
*** SUMMARY ***
Total pot 1559 | No rake
Board: [Kh 6h Th]
Seat 3: P1xel7 (small blind) won 1559


Winamax Poker - Tournament "Trident" buyIn: 1.80€ + 0.20€ level: 15 - HandId: #3102743877107318801-111-1703019023 - Holdem no limit (30/125/250) - 2023/12/19 20:50:23 UTC
Table: 'Trident(722413854)#0016' 3-max (real money) Seat #3 is the button
Seat 1: dgege23 (4284, 0.90€ bounty)
Seat 2: Bernard0280 (6737, 4.72€ bounty)
Seat 3: P1xel7 (5408, 4.26€ bounty)
*** ANTE/BLINDS ***
dgege23 posts ante 30
Bernard0280 posts ante 30
P1xel7 posts ante 30
dgege23 posts small blind 125
Bernard0280 posts big blind 250
Dealt to P1xel7 [As 9h]
*** PRE-FLOP *** 
P1xel7 raises 250 to 500
dgege23 raises 3754 to 4254 and is all-in
Bernard0280 folds
P1xel7 folds
dgege23 collected 5094 from pot
*** SUMMARY ***
Total pot 5094 | No rake
Seat 1: dgege23 (small blind) won 5094


Winamax Poker - Tournament "Trident" buyIn: 1.80€ + 0.20€ level: 15 - HandId: #3102743877107318801-112-1703019039 - Holdem no limit (30/125/250) - 2023/12/19 20:50:39 UTC
Table: 'Trident(722413854)#0016' 3-max (real money) Seat #1 is the button
Seat 1: dgege23 (5094, 0.90€ bounty)
Seat 2: Bernard0280 (6457, 4.72€ bounty)
Seat 3: P1xel7 (4878, 4.26€ bounty)
*** ANTE/BLINDS ***
Bernard0280 posts ante 30
P1xel7 posts ante 30
dgege23 posts ante 30
Bernard0280 posts small blind 125
P1xel7 posts big blind 250
Dealt to P1xel7 [6c 9h]
*** PRE-FLOP *** 
dgege23 folds
Bernard0280 calls 125
P1xel7 checks
*** FLOP *** [Td 8h 7h]
Bernard0280 bets 250
P1xel7 calls 250
*** TURN *** [Td 8h 7h][Th]
Bernard0280 bets 250
P1xel7 calls 250
*** RIVER *** [Td 8h 7h Th][Ac]
Bernard0280 bets 1034
P1xel7 raises 1312 to 2346
Bernard0280 calls 1312
*** SHOW DOWN ***
P1xel7 shows [6c 9h] (Straight Ten high)
Bernard0280 shows [9d Jh] (Straight Jack high)
Bernard0280 collected 6282 from pot
*** SUMMARY ***
Total pot 6282 | No rake
Board: [Td 8h 7h Th Ac]
Seat 2: Bernard0280 (small blind) showed [9d Jh] and won 6282 with Straight Jack high
Seat 3: P1xel7 (big blind) showed [6c 9h] and lost with Straight Ten high


Winamax Poker - Tournament "Trident" buyIn: 1.80€ + 0.20€ level: 15 - HandId: #3102743877107318801-113-1703019076 - Holdem no limit (30/125/250) - 2023/12/19 20:51:16 UTC
Table: 'Trident(722413854)#0016' 3-max (real money) Seat #2 is the button
Seat 1: dgege23 (5064, 0.90€ bounty)
Seat 2: Bernard0280 (9613, 4.72€ bounty)
Seat 3: P1xel7 (1752, 4.26€ bounty)
*** ANTE/BLINDS ***
P1xel7 posts ante 30
dgege23 posts ante 30
Bernard0280 posts ante 30
P1xel7 posts small blind 125
dgege23 posts big blind 250
Dealt to P1xel7 [As 4h]
*** PRE-FLOP *** 
Bernard0280 folds
P1xel7 raises 1472 to 1722 and is all-in
dgege23 folds
P1xel7 collected 2062 from pot
*** SUMMARY ***
Total pot 2062 | No rake
Seat 3: P1xel7 (small blind) won 2062


Winamax Poker - Tournament "Trident" buyIn: 1.80€ + 0.20€ level: 15 - HandId: #3102743877107318801-114-1703019087 - Holdem no limit (30/125/250) - 2023/12/19 20:51:27 UTC
Table: 'Trident(722413854)#0016' 3-max (real money) Seat #3 is the button
Seat 1: dgege23 (4784, 0.90€ bounty)
Seat 2: Bernard0280 (9583, 4.72€ bounty)
Seat 3: P1xel7 (2062, 4.26€ bounty)
*** ANTE/BLINDS ***
dgege23 posts ante 30
Bernard0280 posts ante 30
P1xel7 posts ante 30
dgege23 posts small blind 125
Bernard0280 posts big blind 250
Dealt to P1xel7 [5h Kh]
*** PRE-FLOP *** 
P1xel7 folds
dgege23 folds
Bernard0280 collected 465 from pot
*** SUMMARY ***
Total pot 465 | No rake
Seat 2: Bernard0280 (big blind) won 465


Winamax Poker - Tournament "Trident" buyIn: 1.80€ + 0.20€ level: 15 - HandId: #3102743877107318801-115-1703019094 - Holdem no limit (30/125/250) - 2023/12/19 20:51:34 UTC
Table: 'Trident(722413854)#0016' 3-max (real money) Seat #1 is the button
Seat 1: dgege23 (4629, 0.90€ bounty)
Seat 2: Bernard0280 (9768, 4.72€ bounty)
Seat 3: P1xel7 (2032, 4.26€ bounty)
*** ANTE/BLINDS ***
Bernard0280 posts ante 30
P1xel7 posts ante 30
dgege23 posts ante 30
Bernard0280 posts small blind 125
P1xel7 posts big blind 250
Dealt to P1xel7 [Ks 4d]
*** PRE-FLOP *** 
dgege23 folds
Bernard0280 folds
P1xel7 collected 465 from pot
*** SUMMARY ***
Total pot 465 | No rake
Seat 3: P1xel7 (big blind) won 465


Winamax Poker - Tournament "Trident" buyIn: 1.80€ + 0.20€ level: 15 - HandId: #3102743877107318801-116-1703019100 - Holdem no limit (30/125/250) - 2023/12/19 20:51:40 UTC
Table: 'Trident(722413854)#0016' 3-max (real money) Seat #2 is the button
Seat 1: dgege23 (4599, 0.90€ bounty)
Seat 2: Bernard0280 (9613, 4.72€ bounty)
Seat 3: P1xel7 (2217, 4.26€ bounty)
*** ANTE/BLINDS ***
P1xel7 posts ante 30
dgege23 posts ante 30
Bernard0280 posts ante 30
P1xel7 posts small blind 125
dgege23 posts big blind 250
Dealt to P1xel7 [9s 2d]
*** PRE-FLOP *** 
Bernard0280 raises 500 to 750
P1xel7 folds
dgege23 folds
Bernard0280 collected 1215 from pot
*** SUMMARY ***
Total pot 1215 | No rake
Seat 2: Bernard0280 (button) won 1215


Winamax Poker - Tournament "Trident" buyIn: 1.80€ + 0.20€ level: 15 - HandId: #3102743877107318801-117-1703019115 - Holdem no limit (30/125/250) - 2023/12/19 20:51:55 UTC
Table: 'Trident(722413854)#0016' 3-max (real money) Seat #3 is the button
Seat 1: dgege23 (4319, 0.90€ bounty)
Seat 2: Bernard0280 (10048, 4.72€ bounty)
Seat 3: P1xel7 (2062, 4.26€ bounty)
*** ANTE/BLINDS ***
dgege23 posts ante 30
Bernard0280 posts ante 30
P1xel7 posts ante 30
dgege23 posts small blind 125
Bernard0280 posts big blind 250
Dealt to P1xel7 [Ac Tc]
*** PRE-FLOP *** 
P1xel7 raises 1782 to 2032 and is all-in
dgege23 folds
Bernard0280 calls 1782
*** FLOP *** [8h 6c 4d]
*** TURN *** [8h 6c 4d][7s]
*** RIVER *** [8h 6c 4d 7s][4s]
*** SHOW DOWN ***
Bernard0280 shows [Jc Kc] (One pair : 4)
P1xel7 shows [Ac Tc] (One pair : 4)
P1xel7 collected 4279 from pot
*** SUMMARY ***
Total pot 4279 | No rake
Board: [8h 6c 4d 7s 4s]
Seat 2: Bernard0280 (big blind) showed [Jc Kc] and lost with One pair : 4
Seat 3: P1xel7 (button) showed [Ac Tc] and won 4279 with One pair : 4


Winamax Poker - Tournament "Trident" buyIn: 1.80€ + 0.20€ level: 15 - HandId: #3102743877107318801-118-1703019131 - Holdem no limit (30/125/250) - 2023/12/19 20:52:11 UTC
Table: 'Trident(722413854)#0016' 3-max (real money) Seat #1 is the button
Seat 1: dgege23 (4164, 0.90€ bounty)
Seat 2: Bernard0280 (7986, 4.72€ bounty)
Seat 3: P1xel7 (4279, 4.26€ bounty)
*** ANTE/BLINDS ***
Bernard0280 posts ante 30
P1xel7 posts ante 30
dgege23 posts ante 30
Bernard0280 posts small blind 125
P1xel7 posts big blind 250
Dealt to P1xel7 [3d 2h]
*** PRE-FLOP *** 
dgege23 raises 250 to 500
Bernard0280 folds
P1xel7 folds
dgege23 collected 965 from pot
*** SUMMARY ***
Total pot 965 | No rake
Seat 1: dgege23 (button) won 965


Winamax Poker - Tournament "Trident" buyIn: 1.80€ + 0.20€ level: 15 - HandId: #3102743877107318801-119-1703019141 - Holdem no limit (30/125/250) - 2023/12/19 20:52:21 UTC
Table: 'Trident(722413854)#0016' 3-max (real money) Seat #2 is the button
Seat 1: dgege23 (4599, 0.90€ bounty)
Seat 2: Bernard0280 (7831, 4.72€ bounty)
Seat 3: P1xel7 (3999, 4.26€ bounty)
*** ANTE/BLINDS ***
P1xel7 posts ante 30
dgege23 posts ante 30
Bernard0280 posts ante 30
P1xel7 posts small blind 125
dgege23 posts big blind 250
Dealt to P1xel7 [8c 4c]
*** PRE-FLOP *** 
Bernard0280 raises 250 to 500
P1xel7 folds
dgege23 folds
Bernard0280 collected 965 from pot
*** SUMMARY ***
Total pot 965 | No rake
Seat 2: Bernard0280 (button) won 965


Winamax Poker - Tournament "Trident" buyIn: 1.80€ + 0.20€ level: 16 - HandId: #3102743877107318801-120-1703019158 - Holdem no limit (35/150/300) - 2023/12/19 20:52:38 UTC
Table: 'Trident(722413854)#0016' 3-max (real money) Seat #3 is the button
Seat 1: dgege23 (4319, 0.90€ bounty)
Seat 2: Bernard0280 (8266, 4.72€ bounty)
Seat 3: P1xel7 (3844, 4.26€ bounty)
*** ANTE/BLINDS ***
dgege23 posts ante 35
Bernard0280 posts ante 35
P1xel7 posts ante 35
dgege23 posts small blind 150
Bernard0280 posts big blind 300
Dealt to P1xel7 [5c 3d]
*** PRE-FLOP *** 
P1xel7 folds
dgege23 folds
Bernard0280 collected 555 from pot
*** SUMMARY ***
Total pot 555 | No rake
Seat 2: Bernard0280 (big blind) won 555


Winamax Poker - Tournament "Trident" buyIn: 1.80€ + 0.20€ level: 16 - HandId: #3102743877107318801-121-1703019180 - Holdem no limit (35/150/300) - 2023/12/19 20:53:00 UTC
Table: 'Trident(722413854)#0016' 3-max (real money) Seat #1 is the button
Seat 1: dgege23 (4134, 0.90€ bounty)
Seat 2: Bernard0280 (8486, 4.72€ bounty)
Seat 3: P1xel7 (3809, 4.26€ bounty)
*** ANTE/BLINDS ***
Bernard0280 posts ante 35
P1xel7 posts ante 35
dgege23 posts ante 35
Bernard0280 posts small blind 150
P1xel7 posts big blind 300
Dealt to P1xel7 [8h Kd]
*** PRE-FLOP *** 
dgege23 folds
Bernard0280 calls 150
P1xel7 checks
*** FLOP *** [5d Jd Ac]
Bernard0280 bets 300
P1xel7 folds
Bernard0280 collected 1005 from pot
*** SUMMARY ***
Total pot 1005 | No rake
Board: [5d Jd Ac]
Seat 2: Bernard0280 (small blind) won 1005


Winamax Poker - Tournament "Trident" buyIn: 1.80€ + 0.20€ level: 16 - HandId: #3102743877107318801-122-1703019201 - Holdem no limit (35/150/300) - 2023/12/19 20:53:21 UTC
Table: 'Trident(722413854)#0016' 3-max (real money) Seat #2 is the button
Seat 1: dgege23 (4099, 0.90€ bounty)
Seat 2: Bernard0280 (8856, 4.72€ bounty)
Seat 3: P1xel7 (3474, 4.26€ bounty)
*** ANTE/BLINDS ***
P1xel7 posts ante 35
dgege23 posts ante 35
Bernard0280 posts ante 35
P1xel7 posts small blind 150
dgege23 posts big blind 300
Dealt to P1xel7 [Tc Qd]
*** PRE-FLOP *** 
Bernard0280 calls 300
P1xel7 calls 150
dgege23 raises 3764 to 4064 and is all-in
Bernard0280 folds
P1xel7 folds
dgege23 collected 4769 from pot
*** SUMMARY ***
Total pot 4769 | No rake
Seat 1: dgege23 (big blind) won 4769


Winamax Poker - Tournament "Trident" buyIn: 1.80€ + 0.20€ level: 16 - HandId: #3102743877107318801-123-1703019214 - Holdem no limit (35/150/300) - 2023/12/19 20:53:34 UTC
Table: 'Trident(722413854)#0016' 3-max (real money) Seat #3 is the button
Seat 1: dgege23 (4769, 0.90€ bounty)
Seat 2: Bernard0280 (8521, 4.72€ bounty)
Seat 3: P1xel7 (3139, 4.26€ bounty)
*** ANTE/BLINDS ***
dgege23 posts ante 35
Bernard0280 posts ante 35
P1xel7 posts ante 35
dgege23 posts small blind 150
Bernard0280 posts big blind 300
Dealt to P1xel7 [9h 6h]
*** PRE-FLOP *** 
P1xel7 folds
dgege23 folds
Bernard0280 collected 555 from pot
*** SUMMARY ***
Total pot 555 | No rake
Seat 2: Bernard0280 (big blind) won 555


Winamax Poker - Tournament "Trident" buyIn: 1.80€ + 0.20€ level: 16 - HandId: #3102743877107318801-124-1703019220 - Holdem no limit (35/150/300) - 2023/12/19 20:53:40 UTC
Table: 'Trident(722413854)#0016' 3-max (real money) Seat #1 is the button
Seat 1: dgege23 (4584, 0.90€ bounty)
Seat 2: Bernard0280 (8741, 4.72€ bounty)
Seat 3: P1xel7 (3104, 4.26€ bounty)
*** ANTE/BLINDS ***
Bernard0280 posts ante 35
P1xel7 posts ante 35
dgege23 posts ante 35
Bernard0280 posts small blind 150
P1xel7 posts big blind 300
Dealt to P1xel7 [2h Jc]
*** PRE-FLOP *** 
dgege23 folds
Bernard0280 raises 600 to 900
P1xel7 folds
Bernard0280 collected 1305 from pot
*** SUMMARY ***
Total pot 1305 | No rake
Seat 2: Bernard0280 (small blind) won 1305


Winamax Poker - Tournament "Trident" buyIn: 1.80€ + 0.20€ level: 16 - HandId: #3102743877107318801-125-1703019231 - Holdem no limit (35/150/300) - 2023/12/19 20:53:51 UTC
Table: 'Trident(722413854)#0016' 3-max (real money) Seat #2 is the button
Seat 1: dgege23 (4549, 0.90€ bounty)
Seat 2: Bernard0280 (9111, 4.72€ bounty)
Seat 3: P1xel7 (2769, 4.26€ bounty)
*** ANTE/BLINDS ***
P1xel7 posts ante 35
dgege23 posts ante 35
Bernard0280 posts ante 35
P1xel7 posts small blind 150
dgege23 posts big blind 300
Dealt to P1xel7 [5h 9h]
*** PRE-FLOP *** 
Bernard0280 raises 600 to 900
P1xel7 folds
dgege23 folds
Bernard0280 collected 1455 from pot
*** SUMMARY ***
Total pot 1455 | No rake
Seat 2: Bernard0280 (button) won 1455


Winamax Poker - Tournament "Trident" buyIn: 1.80€ + 0.20€ level: 16 - HandId: #3102743877107318801-126-1703019244 - Holdem no limit (35/150/300) - 2023/12/19 20:54:04 UTC
Table: 'Trident(722413854)#0016' 3-max (real money) Seat #3 is the button
Seat 1: dgege23 (4214, 0.90€ bounty)
Seat 2: Bernard0280 (9631, 4.72€ bounty)
Seat 3: P1xel7 (2584, 4.26€ bounty)
*** ANTE/BLINDS ***
dgege23 posts ante 35
Bernard0280 posts ante 35
P1xel7 posts ante 35
dgege23 posts small blind 150
Bernard0280 posts big blind 300
Dealt to P1xel7 [6h 2s]
*** PRE-FLOP *** 
P1xel7 folds
dgege23 calls 150
Bernard0280 raises 9296 to 9596 and is all-in
dgege23 calls 3879 and is all-in
*** FLOP *** [Js Qs Ad]
*** TURN *** [Js Qs Ad][2c]
*** RIVER *** [Js Qs Ad 2c][Tc]
*** SHOW DOWN ***
dgege23 shows [Td Th] (Trips of Tens)
Bernard0280 shows [7d Ks] (Straight Ace high)
Bernard0280 collected 13880 from pot
*** SUMMARY ***
Total pot 13880 | No rake
Board: [Js Qs Ad 2c Tc]
Seat 1: dgege23 (small blind) showed [Td Th] and lost with Trips of Tens
Seat 2: Bernard0280 (big blind) showed [7d Ks] and won 13880 with Straight Ace high


Winamax Poker - Tournament "Trident" buyIn: 1.80€ + 0.20€ level: 16 - HandId: #3102743877107318786-129-1703019296 - Holdem no limit (35/150/300) - 2023/12/19 20:54:56 UTC
Table: 'Trident(722413854)#0001' 3-max (real money) Seat #1 is the button
Seat 1: Coeur_353132 (1990, 4.38€ bounty)
Seat 2: Pat Freak (9384, 2.47€ bounty)
Seat 3: P1xel7 (2549, 4.26€ bounty)
*** ANTE/BLINDS ***
Pat Freak posts ante 35
P1xel7 posts ante 35
Coeur_353132 posts ante 35
Pat Freak posts small blind 150
P1xel7 posts big blind 300
Dealt to P1xel7 [Th Qc]
*** PRE-FLOP *** 
Coeur_353132 folds
Pat Freak folds
P1xel7 collected 555 from pot
*** SUMMARY ***
Total pot 555 | No rake
Seat 3: P1xel7 (big blind) won 555


Winamax Poker - Tournament "Trident" buyIn: 1.80€ + 0.20€ level: 16 - HandId: #3102743877107318786-130-1703019661 - Holdem no limit (35/150/300) - 2023/12/19 21:01:01 UTC
Table: 'Trident(722413854)#0001' 3-max (real money) Seat #2 is the button
Seat 1: Coeur_353132 (1955, 4.38€ bounty)
Seat 2: Pat Freak (9199, 2.47€ bounty)
Seat 3: P1xel7 (2769, 4.26€ bounty)
*** ANTE/BLINDS ***
P1xel7 posts ante 35
Coeur_353132 posts ante 35
Pat Freak posts ante 35
P1xel7 posts small blind 150
Coeur_353132 posts big blind 300
Dealt to P1xel7 [3c Kd]
*** PRE-FLOP *** 
Pat Freak folds
P1xel7 raises 2434 to 2734 and is all-in
Coeur_353132 folds
P1xel7 collected 3139 from pot
*** SUMMARY ***
Total pot 3139 | No rake
Seat 3: P1xel7 (small blind) won 3139


Winamax Poker - Tournament "Trident" buyIn: 1.80€ + 0.20€ level: 17 - HandId: #3102743877107318786-131-1703019699 - Holdem no limit (40/175/350) - 2023/12/19 21:01:39 UTC
Table: 'Trident(722413854)#0001' 3-max (real money) Seat #3 is the button
Seat 1: Coeur_353132 (1620, 4.38€ bounty)
Seat 2: Pat Freak (9164, 2.47€ bounty)
Seat 3: P1xel7 (3139, 4.26€ bounty)
*** ANTE/BLINDS ***
Coeur_353132 posts ante 40
Pat Freak posts ante 40
P1xel7 posts ante 40
Coeur_353132 posts small blind 175
Pat Freak posts big blind 350
Dealt to P1xel7 [4s 8h]
*** PRE-FLOP *** 
P1xel7 folds
Coeur_353132 folds
Pat Freak collected 645 from pot
*** SUMMARY ***
Total pot 645 | No rake
Seat 2: Pat Freak (big blind) won 645


Winamax Poker - Tournament "Trident" buyIn: 1.80€ + 0.20€ level: 17 - HandId: #3102743877107318786-132-1703019711 - Holdem no limit (40/175/350) - 2023/12/19 21:01:51 UTC
Table: 'Trident(722413854)#0001' 3-max (real money) Seat #1 is the button
Seat 1: Coeur_353132 (1405, 4.38€ bounty)
Seat 2: Pat Freak (9419, 2.47€ bounty)
Seat 3: P1xel7 (3099, 4.26€ bounty)
*** ANTE/BLINDS ***
Pat Freak posts ante 40
P1xel7 posts ante 40
Coeur_353132 posts ante 40
Pat Freak posts small blind 175
P1xel7 posts big blind 350
Dealt to P1xel7 [Td 5s]
*** PRE-FLOP *** 
Coeur_353132 folds
Pat Freak folds
P1xel7 collected 645 from pot
*** SUMMARY ***
Total pot 645 | No rake
Seat 3: P1xel7 (big blind) won 645


Winamax Poker - Tournament "Trident" buyIn: 1.80€ + 0.20€ level: 17 - HandId: #3102743877107318786-133-1703019727 - Holdem no limit (40/175/350) - 2023/12/19 21:02:07 UTC
Table: 'Trident(722413854)#0001' 3-max (real money) Seat #2 is the button
Seat 1: Coeur_353132 (1365, 4.38€ bounty)
Seat 2: Pat Freak (9204, 2.47€ bounty)
Seat 3: P1xel7 (3354, 4.26€ bounty)
*** ANTE/BLINDS ***
P1xel7 posts ante 40
Coeur_353132 posts ante 40
Pat Freak posts ante 40
P1xel7 posts small blind 175
Coeur_353132 posts big blind 350
Dealt to P1xel7 [8d 6c]
*** PRE-FLOP *** 
Pat Freak raises 350 to 700
P1xel7 folds
Coeur_353132 raises 625 to 1325 and is all-in
Pat Freak calls 625
*** FLOP *** [Qh 7d 2d]
*** TURN *** [Qh 7d 2d][Qs]
*** RIVER *** [Qh 7d 2d Qs][3s]
*** SHOW DOWN ***
Coeur_353132 shows [Ah 9h] (One pair : Queens)
Pat Freak shows [Td Ac] (One pair : Queens)
Pat Freak collected 2945 from pot
*** SUMMARY ***
Total pot 2945 | No rake
Board: [Qh 7d 2d Qs 3s]
Seat 1: Coeur_353132 (big blind) showed [Ah 9h] and lost with One pair : Queens
Seat 2: Pat Freak (button) showed [Td Ac] and won 2945 with One pair : Queens


Winamax Poker - Tournament "Trident" buyIn: 1.80€ + 0.20€ level: 17 - HandId: #3102743877107318786-134-1703019746 - Holdem no limit (40/175/350) - 2023/12/19 21:02:26 UTC
Table: 'Trident(722413854)#0001' 3-max (real money) Seat #2 is the button
Seat 2: Pat Freak (10784, 4.66€ bounty)
Seat 3: P1xel7 (3139, 4.26€ bounty)
*** ANTE/BLINDS ***
Pat Freak posts ante 40
P1xel7 posts ante 40
Pat Freak posts small blind 175
P1xel7 posts big blind 350
Dealt to P1xel7 [Kh 3s]
*** PRE-FLOP *** 
Pat Freak raises 350 to 700
P1xel7 calls 350
*** FLOP *** [Ac 4h Ad]
P1xel7 checks
Pat Freak bets 740
P1xel7 folds
Pat Freak collected 2220 from pot
*** SUMMARY ***
Total pot 2220 | No rake
Board: [Ac 4h Ad]
Seat 2: Pat Freak (small blind) (button) won 2220


Winamax Poker - Tournament "Trident" buyIn: 1.80€ + 0.20€ level: 17 - HandId: #3102743877107318786-135-1703019763 - Holdem no limit (40/175/350) - 2023/12/19 21:02:43 UTC
Table: 'Trident(722413854)#0001' 3-max (real money) Seat #2 is the button
Seat 1: Tontonnn5 (7468, 1.35€ bounty)
Seat 2: Pat Freak (11524, 4.66€ bounty)
Seat 3: P1xel7 (2399, 4.26€ bounty)
*** ANTE/BLINDS ***
P1xel7 posts ante 40
Tontonnn5 posts ante 40
Pat Freak posts ante 40
P1xel7 posts small blind 175
Tontonnn5 posts big blind 350
Dealt to P1xel7 [8c 5h]
*** PRE-FLOP *** 
Pat Freak raises 350 to 700
P1xel7 folds
Tontonnn5 folds
Pat Freak collected 1345 from pot
*** SUMMARY ***
Total pot 1345 | No rake
Seat 2: Pat Freak (button) won 1345


Winamax Poker - Tournament "Trident" buyIn: 1.80€ + 0.20€ level: 17 - HandId: #3102743877107318786-136-1703019770 - Holdem no limit (40/175/350) - 2023/12/19 21:02:50 UTC
Table: 'Trident(722413854)#0001' 3-max (real money) Seat #3 is the button
Seat 1: Tontonnn5 (7078, 1.35€ bounty)
Seat 2: Pat Freak (12129, 4.66€ bounty)
Seat 3: P1xel7 (2184, 4.26€ bounty)
*** ANTE/BLINDS ***
Tontonnn5 posts ante 40
Pat Freak posts ante 40
P1xel7 posts ante 40
Tontonnn5 posts small blind 175
Pat Freak posts big blind 350
Dealt to P1xel7 [Ac 4s]
*** PRE-FLOP *** 
P1xel7 raises 1794 to 2144 and is all-in
Tontonnn5 folds
Pat Freak folds
P1xel7 collected 2789 from pot
*** SUMMARY ***
Total pot 2789 | No rake
Seat 3: P1xel7 (button) won 2789


Winamax Poker - Tournament "Trident" buyIn: 1.80€ + 0.20€ level: 17 - HandId: #3102743877107318786-137-1703019776 - Holdem no limit (40/175/350) - 2023/12/19 21:02:56 UTC
Table: 'Trident(722413854)#0001' 3-max (real money) Seat #1 is the button
Seat 1: Tontonnn5 (6863, 1.35€ bounty)
Seat 2: Pat Freak (11739, 4.66€ bounty)
Seat 3: P1xel7 (2789, 4.26€ bounty)
*** ANTE/BLINDS ***
Pat Freak posts ante 40
P1xel7 posts ante 40
Tontonnn5 posts ante 40
Pat Freak posts small blind 175
P1xel7 posts big blind 350
Dealt to P1xel7 [Kd 2d]
*** PRE-FLOP *** 
Tontonnn5 calls 350
Pat Freak raises 875 to 1225
P1xel7 folds
Tontonnn5 folds
Pat Freak collected 2045 from pot
*** SUMMARY ***
Total pot 2045 | No rake
Seat 2: Pat Freak (small blind) won 2045


Winamax Poker - Tournament "Trident" buyIn: 1.80€ + 0.20€ level: 17 - HandId: #3102743877107318786-138-1703019788 - Holdem no limit (40/175/350) - 2023/12/19 21:03:08 UTC
Table: 'Trident(722413854)#0001' 3-max (real money) Seat #2 is the button
Seat 1: Tontonnn5 (6473, 1.35€ bounty)
Seat 2: Pat Freak (12519, 4.66€ bounty)
Seat 3: P1xel7 (2399, 4.26€ bounty)
*** ANTE/BLINDS ***
P1xel7 posts ante 40
Tontonnn5 posts ante 40
Pat Freak posts ante 40
P1xel7 posts small blind 175
Tontonnn5 posts big blind 350
Dealt to P1xel7 [4c 9s]
*** PRE-FLOP *** 
Pat Freak raises 350 to 700
P1xel7 folds
Tontonnn5 calls 350
*** FLOP *** [7h 6c 4s]
Tontonnn5 checks
Pat Freak checks
*** TURN *** [7h 6c 4s][3s]
Tontonnn5 bets 593
Pat Freak folds
Tontonnn5 collected 2288 from pot
*** SUMMARY ***
Total pot 2288 | No rake
Board: [7h 6c 4s 3s]
Seat 1: Tontonnn5 (big blind) won 2288


Winamax Poker - Tournament "Trident" buyIn: 1.80€ + 0.20€ level: 18 - HandId: #3102743877107318786-139-1703019815 - Holdem no limit (50/200/400) - 2023/12/19 21:03:35 UTC
Table: 'Trident(722413854)#0001' 3-max (real money) Seat #3 is the button
Seat 1: Tontonnn5 (7428, 1.35€ bounty)
Seat 2: Pat Freak (11779, 4.66€ bounty)
Seat 3: P1xel7 (2184, 4.26€ bounty)
*** ANTE/BLINDS ***
Tontonnn5 posts ante 50
Pat Freak posts ante 50
P1xel7 posts ante 50
Tontonnn5 posts small blind 200
Pat Freak posts big blind 400
Dealt to P1xel7 [8c Jc]
*** PRE-FLOP *** 
P1xel7 folds
Tontonnn5 raises 800 to 1200
Pat Freak folds
Tontonnn5 collected 1750 from pot
*** SUMMARY ***
Total pot 1750 | No rake
Seat 1: Tontonnn5 (small blind) won 1750


Winamax Poker - Tournament "Trident" buyIn: 1.80€ + 0.20€ level: 18 - HandId: #3102743877107318786-140-1703019826 - Holdem no limit (50/200/400) - 2023/12/19 21:03:46 UTC
Table: 'Trident(722413854)#0001' 3-max (real money) Seat #1 is the button
Seat 1: Tontonnn5 (7928, 1.35€ bounty)
Seat 2: Pat Freak (11329, 4.66€ bounty)
Seat 3: P1xel7 (2134, 4.26€ bounty)
*** ANTE/BLINDS ***
Pat Freak posts ante 50
P1xel7 posts ante 50
Tontonnn5 posts ante 50
Pat Freak posts small blind 200
P1xel7 posts big blind 400
Dealt to P1xel7 [9s 8s]
*** PRE-FLOP *** 
Tontonnn5 raises 400 to 800
Pat Freak folds
P1xel7 folds
Tontonnn5 collected 1550 from pot
*** SUMMARY ***
Total pot 1550 | No rake
Seat 1: Tontonnn5 (button) won 1550


Winamax Poker - Tournament "Trident" buyIn: 1.80€ + 0.20€ level: 18 - HandId: #3102743877107318786-141-1703019841 - Holdem no limit (50/200/400) - 2023/12/19 21:04:01 UTC
Table: 'Trident(722413854)#0001' 3-max (real money) Seat #2 is the button
Seat 1: Tontonnn5 (8628, 1.35€ bounty)
Seat 2: Pat Freak (11079, 4.66€ bounty)
Seat 3: P1xel7 (1684, 4.26€ bounty)
*** ANTE/BLINDS ***
P1xel7 posts ante 50
Tontonnn5 posts ante 50
Pat Freak posts ante 50
P1xel7 posts small blind 200
Tontonnn5 posts big blind 400
Dealt to P1xel7 [5c Kc]
*** PRE-FLOP *** 
Pat Freak folds
P1xel7 raises 1234 to 1634 and is all-in
Tontonnn5 calls 1234
*** FLOP *** [Jd 6c Tc]
*** TURN *** [Jd 6c Tc][3s]
*** RIVER *** [Jd 6c Tc 3s][3h]
*** SHOW DOWN ***
Tontonnn5 shows [Qc 7s] (One pair : 3)
P1xel7 shows [5c Kc] (One pair : 3)
P1xel7 collected 3418 from pot
*** SUMMARY ***
Total pot 3418 | No rake
Board: [Jd 6c Tc 3s 3h]
Seat 1: Tontonnn5 (big blind) showed [Qc 7s] and lost with One pair : 3
Seat 3: P1xel7 (small blind) showed [5c Kc] and won 3418 with One pair : 3


Winamax Poker - Tournament "Trident" buyIn: 1.80€ + 0.20€ level: 18 - HandId: #3102743877107318786-142-1703019858 - Holdem no limit (50/200/400) - 2023/12/19 21:04:18 UTC
Table: 'Trident(722413854)#0001' 3-max (real money) Seat #3 is the button
Seat 1: Tontonnn5 (6944, 1.35€ bounty)
Seat 2: Pat Freak (11029, 4.66€ bounty)
Seat 3: P1xel7 (3418, 4.26€ bounty)
*** ANTE/BLINDS ***
Tontonnn5 posts ante 50
Pat Freak posts ante 50
P1xel7 posts ante 50
Tontonnn5 posts small blind 200
Pat Freak posts big blind 400
Dealt to P1xel7 [9h 7s]
*** PRE-FLOP *** 
P1xel7 folds
Tontonnn5 folds
Pat Freak collected 750 from pot
*** SUMMARY ***
Total pot 750 | No rake
Seat 2: Pat Freak (big blind) won 750


Winamax Poker - Tournament "Trident" buyIn: 1.80€ + 0.20€ level: 18 - HandId: #3102743877107318786-143-1703019863 - Holdem no limit (50/200/400) - 2023/12/19 21:04:23 UTC
Table: 'Trident(722413854)#0001' 3-max (real money) Seat #1 is the button
Seat 1: Tontonnn5 (6694, 1.35€ bounty)
Seat 2: Pat Freak (11329, 4.66€ bounty)
Seat 3: P1xel7 (3368, 4.26€ bounty)
*** ANTE/BLINDS ***
Pat Freak posts ante 50
P1xel7 posts ante 50
Tontonnn5 posts ante 50
Pat Freak posts small blind 200
P1xel7 posts big blind 400
Dealt to P1xel7 [As 5h]
*** PRE-FLOP *** 
Tontonnn5 calls 400
Pat Freak raises 1000 to 1400
P1xel7 raises 1918 to 3318 and is all-in
Tontonnn5 folds
Pat Freak calls 1918
*** FLOP *** [3c 8s 7h]
*** TURN *** [3c 8s 7h][Qc]
*** RIVER *** [3c 8s 7h Qc][4h]
*** SHOW DOWN ***
P1xel7 shows [As 5h] (High card : Ace)
Pat Freak shows [Ac 9s] (High card : Ace)
Pat Freak collected 7186 from pot
*** SUMMARY ***
Total pot 7186 | No rake
Board: [3c 8s 7h Qc 4h]
Seat 2: Pat Freak (small blind) showed [Ac 9s] and won 7186 with High card : Ace
Seat 3: P1xel7 (big blind) showed [As 5h] and lost with High card : Ace


