Winamax Poker - Tournament "WESTERN" buyIn: 0.90€ + 0.10€ level: 1 - HandId: #3112689500946432058-1-1703621550 - Holdem no limit (25/100/200) - 2023/12/26 20:12:30 UTC
Table: 'WESTERN(724729500)#057' 6-max (real money) Seat #6 is the button
Seat 1: Bet-Rus-Sama (36475, 0.45€ bounty)
Seat 2: Carrasco014 (7320, 0.45€ bounty)
Seat 3: Simpson B B (23474, 0.45€ bounty)
Seat 4: P1xel7 (20000, 0.45€ bounty)
Seat 6: MrGuezzTwich (20000, 0.45€ bounty)
*** ANTE/BLINDS ***
Simpson B B posts ante 25
P1xel7 posts ante 25
MrGuezzTwich posts ante 25
Simpson B B posts small blind 100
P1xel7 posts big blind 200
Dealt to P1xel7 [Jd 7c]
*** PRE-FLOP *** 
MrGuezzTwich folds
Simpson B B folds
P1xel7 collected 375 from pot
*** SUMMARY ***
Total pot 375 | No rake
Seat 4: P1xel7 (big blind) won 375


Winamax Poker - Tournament "WESTERN" buyIn: 0.90€ + 0.10€ level: 1 - HandId: #3112689500946432058-2-1703621562 - Holdem no limit (25/100/200) - 2023/12/26 20:12:42 UTC
Table: 'WESTERN(724729500)#057' 6-max (real money) Seat #3 is the button
Seat 1: Bet-Rus-Sama (36475, 0.45€ bounty)
Seat 2: Carrasco014 (7320, 0.45€ bounty)
Seat 3: Simpson B B (23349, 0.45€ bounty)
Seat 4: P1xel7 (20150, 0.45€ bounty)
Seat 6: MrGuezzTwich (19975, 0.45€ bounty)
*** ANTE/BLINDS ***
P1xel7 posts ante 25
MrGuezzTwich posts ante 25
Bet-Rus-Sama posts ante 25
Carrasco014 posts ante 25
Simpson B B posts ante 25
P1xel7 posts small blind 100
MrGuezzTwich posts big blind 200
Dealt to P1xel7 [Qd 3s]
*** PRE-FLOP *** 
Bet-Rus-Sama folds
Carrasco014 raises 300 to 500
Simpson B B folds
P1xel7 folds
MrGuezzTwich folds
Carrasco014 collected 925 from pot
*** SUMMARY ***
Total pot 925 | No rake
Seat 2: Carrasco014 won 925


Winamax Poker - Tournament "WESTERN" buyIn: 0.90€ + 0.10€ level: 1 - HandId: #3112689500946432058-3-1703621589 - Holdem no limit (25/100/200) - 2023/12/26 20:13:09 UTC
Table: 'WESTERN(724729500)#057' 6-max (real money) Seat #4 is the button
Seat 1: Bet-Rus-Sama (36450, 0.45€ bounty)
Seat 2: Carrasco014 (7720, 0.45€ bounty)
Seat 3: Simpson B B (23324, 0.45€ bounty)
Seat 4: P1xel7 (20025, 0.45€ bounty)
Seat 6: MrGuezzTwich (19750, 0.45€ bounty)
*** ANTE/BLINDS ***
MrGuezzTwich posts ante 25
Bet-Rus-Sama posts ante 25
Carrasco014 posts ante 25
Simpson B B posts ante 25
P1xel7 posts ante 25
MrGuezzTwich posts small blind 100
Bet-Rus-Sama posts big blind 200
Dealt to P1xel7 [Qh 2c]
*** PRE-FLOP *** 
Carrasco014 folds
Simpson B B raises 625 to 825
P1xel7 folds
MrGuezzTwich folds
Bet-Rus-Sama folds
Simpson B B collected 1250 from pot
*** SUMMARY ***
Total pot 1250 | No rake
Seat 3: Simpson B B won 1250


Winamax Poker - Tournament "WESTERN" buyIn: 0.90€ + 0.10€ level: 1 - HandId: #3112689500946432058-4-1703621608 - Holdem no limit (25/100/200) - 2023/12/26 20:13:28 UTC
Table: 'WESTERN(724729500)#057' 6-max (real money) Seat #6 is the button
Seat 1: Bet-Rus-Sama (36225, 0.45€ bounty)
Seat 2: Carrasco014 (7695, 0.45€ bounty)
Seat 3: Simpson B B (23724, 0.45€ bounty)
Seat 4: P1xel7 (20000, 0.45€ bounty)
Seat 5: Sugoooi (20000, 0.45€ bounty)
Seat 6: MrGuezzTwich (19625, 0.45€ bounty)
*** ANTE/BLINDS ***
Bet-Rus-Sama posts ante 25
Carrasco014 posts ante 25
Simpson B B posts ante 25
P1xel7 posts ante 25
Sugoooi posts ante 25
MrGuezzTwich posts ante 25
Bet-Rus-Sama posts small blind 100
Carrasco014 posts big blind 200
Dealt to P1xel7 [8c 5d]
*** PRE-FLOP *** 
Simpson B B folds
P1xel7 folds
Sugoooi folds
MrGuezzTwich folds
Bet-Rus-Sama calls 100
Carrasco014 checks
*** FLOP *** [Js 6s Ts]
Bet-Rus-Sama checks
Carrasco014 bets 358
Bet-Rus-Sama folds
Carrasco014 collected 908 from pot
*** SUMMARY ***
Total pot 908 | No rake
Board: [Js 6s Ts]
Seat 2: Carrasco014 (big blind) won 908


Winamax Poker - Tournament "WESTERN" buyIn: 0.90€ + 0.10€ level: 1 - HandId: #3112689500946432058-5-1703621686 - Holdem no limit (25/100/200) - 2023/12/26 20:14:46 UTC
Table: 'WESTERN(724729500)#057' 6-max (real money) Seat #1 is the button
Seat 1: Bet-Rus-Sama (36000, 0.45€ bounty)
Seat 2: Carrasco014 (8020, 0.45€ bounty)
Seat 3: Simpson B B (23699, 0.45€ bounty)
Seat 4: P1xel7 (19975, 0.45€ bounty)
Seat 5: Sugoooi (19975, 0.45€ bounty)
Seat 6: MrGuezzTwich (19600, 0.45€ bounty)
*** ANTE/BLINDS ***
Carrasco014 posts ante 25
Simpson B B posts ante 25
Bet-Rus-Sama posts ante 25
P1xel7 posts ante 25
Sugoooi posts ante 25
MrGuezzTwich posts ante 25
Carrasco014 posts small blind 100
Simpson B B posts big blind 200
Dealt to P1xel7 [7s Ac]
*** PRE-FLOP *** 
P1xel7 folds
Sugoooi folds
MrGuezzTwich raises 220 to 420
Bet-Rus-Sama folds
Carrasco014 folds
Simpson B B raises 840 to 1260
MrGuezzTwich calls 840
*** FLOP *** [6d 4s 2s]
Simpson B B bets 969
MrGuezzTwich calls 969
*** TURN *** [6d 4s 2s][5h]
Simpson B B bets 3060
MrGuezzTwich folds
Simpson B B collected 7768 from pot
*** SUMMARY ***
Total pot 7768 | No rake
Board: [6d 4s 2s 5h]
Seat 3: Simpson B B (big blind) won 7768


Winamax Poker - Tournament "WESTERN" buyIn: 0.90€ + 0.10€ level: 1 - HandId: #3112689500946432058-6-1703621744 - Holdem no limit (25/100/200) - 2023/12/26 20:15:44 UTC
Table: 'WESTERN(724729500)#057' 6-max (real money) Seat #2 is the button
Seat 1: Bet-Rus-Sama (35975, 0.45€ bounty)
Seat 2: Carrasco014 (7895, 0.45€ bounty)
Seat 3: Simpson B B (26153, 0.45€ bounty)
Seat 4: P1xel7 (19950, 0.45€ bounty)
Seat 5: Sugoooi (19950, 0.45€ bounty)
Seat 6: MrGuezzTwich (17346, 0.45€ bounty)
*** ANTE/BLINDS ***
Simpson B B posts ante 25
P1xel7 posts ante 25
Bet-Rus-Sama posts ante 25
Carrasco014 posts ante 25
Sugoooi posts ante 25
MrGuezzTwich posts ante 25
Simpson B B posts small blind 100
P1xel7 posts big blind 200
Dealt to P1xel7 [8d Tc]
*** PRE-FLOP *** 
Sugoooi folds
MrGuezzTwich folds
Bet-Rus-Sama folds
Carrasco014 folds
Simpson B B raises 550 to 750
P1xel7 folds
Simpson B B collected 1100 from pot
*** SUMMARY ***
Total pot 1100 | No rake
Seat 3: Simpson B B (small blind) won 1100


Winamax Poker - Tournament "WESTERN" buyIn: 0.90€ + 0.10€ level: 1 - HandId: #3112689500946432058-7-1703621776 - Holdem no limit (25/100/200) - 2023/12/26 20:16:16 UTC
Table: 'WESTERN(724729500)#057' 6-max (real money) Seat #3 is the button
Seat 1: Bet-Rus-Sama (35950, 0.45€ bounty)
Seat 2: Carrasco014 (7870, 0.45€ bounty)
Seat 3: Simpson B B (26478, 0.45€ bounty)
Seat 4: P1xel7 (19725, 0.45€ bounty)
Seat 5: Sugoooi (19925, 0.45€ bounty)
Seat 6: MrGuezzTwich (17321, 0.45€ bounty)
*** ANTE/BLINDS ***
P1xel7 posts ante 25
Sugoooi posts ante 25
Bet-Rus-Sama posts ante 25
Carrasco014 posts ante 25
Simpson B B posts ante 25
MrGuezzTwich posts ante 25
P1xel7 posts small blind 100
Sugoooi posts big blind 200
Dealt to P1xel7 [6h 2s]
*** PRE-FLOP *** 
MrGuezzTwich folds
Bet-Rus-Sama folds
Carrasco014 folds
Simpson B B folds
P1xel7 folds
Sugoooi collected 450 from pot
*** SUMMARY ***
Total pot 450 | No rake
Seat 5: Sugoooi (big blind) won 450


Winamax Poker - Tournament "WESTERN" buyIn: 0.90€ + 0.10€ level: 1 - HandId: #3112689500946432058-8-1703621837 - Holdem no limit (25/100/200) - 2023/12/26 20:17:17 UTC
Table: 'WESTERN(724729500)#057' 6-max (real money) Seat #4 is the button
Seat 1: Bet-Rus-Sama (35925, 0.45€ bounty)
Seat 2: Carrasco014 (7845, 0.45€ bounty)
Seat 3: Simpson B B (26453, 0.45€ bounty)
Seat 4: P1xel7 (19600, 0.45€ bounty)
Seat 5: Sugoooi (20150, 0.45€ bounty)
Seat 6: MrGuezzTwich (17296, 0.45€ bounty)
*** ANTE/BLINDS ***
Sugoooi posts ante 25
MrGuezzTwich posts ante 25
Bet-Rus-Sama posts ante 25
Carrasco014 posts ante 25
Simpson B B posts ante 25
P1xel7 posts ante 25
Sugoooi posts small blind 100
MrGuezzTwich posts big blind 200
Dealt to P1xel7 [3c Jh]
*** PRE-FLOP *** 
Bet-Rus-Sama folds
Carrasco014 folds
Simpson B B calls 200
P1xel7 folds
Sugoooi calls 100
MrGuezzTwich checks
*** FLOP *** [3d Td As]
Sugoooi checks
MrGuezzTwich checks
Simpson B B bets 488
Sugoooi folds
MrGuezzTwich folds
Simpson B B collected 1238 from pot
*** SUMMARY ***
Total pot 1238 | No rake
Board: [3d Td As]
Seat 3: Simpson B B won 1238


Winamax Poker - Tournament "WESTERN" buyIn: 0.90€ + 0.10€ level: 1 - HandId: #3112689500946432058-9-1703621912 - Holdem no limit (25/100/200) - 2023/12/26 20:18:32 UTC
Table: 'WESTERN(724729500)#057' 6-max (real money) Seat #5 is the button
Seat 1: Bet-Rus-Sama (35900, 0.45€ bounty)
Seat 2: Carrasco014 (7820, 0.45€ bounty)
Seat 3: Simpson B B (26978, 0.45€ bounty)
Seat 4: P1xel7 (19575, 0.45€ bounty)
Seat 5: Sugoooi (19925, 0.45€ bounty)
Seat 6: MrGuezzTwich (17071, 0.45€ bounty)
*** ANTE/BLINDS ***
MrGuezzTwich posts ante 25
Bet-Rus-Sama posts ante 25
Carrasco014 posts ante 25
Simpson B B posts ante 25
P1xel7 posts ante 25
Sugoooi posts ante 25
MrGuezzTwich posts small blind 100
Bet-Rus-Sama posts big blind 200
Dealt to P1xel7 [Th 5d]
*** PRE-FLOP *** 
Carrasco014 folds
Simpson B B raises 650 to 850
P1xel7 folds
Sugoooi folds
MrGuezzTwich folds
Bet-Rus-Sama folds
Simpson B B collected 1300 from pot
*** SUMMARY ***
Total pot 1300 | No rake
Seat 3: Simpson B B won 1300


Winamax Poker - Tournament "WESTERN" buyIn: 0.90€ + 0.10€ level: 1 - HandId: #3112689500946432058-10-1703621954 - Holdem no limit (25/100/200) - 2023/12/26 20:19:14 UTC
Table: 'WESTERN(724729500)#057' 6-max (real money) Seat #6 is the button
Seat 1: Bet-Rus-Sama (35675, 0.45€ bounty)
Seat 2: Carrasco014 (7795, 0.45€ bounty)
Seat 4: P1xel7 (19550, 0.45€ bounty)
Seat 5: Sugoooi (19900, 0.45€ bounty)
Seat 6: MrGuezzTwich (16946, 0.45€ bounty)
*** ANTE/BLINDS ***
Bet-Rus-Sama posts ante 25
Carrasco014 posts ante 25
P1xel7 posts ante 25
Sugoooi posts ante 25
MrGuezzTwich posts ante 25
Bet-Rus-Sama posts small blind 100
Carrasco014 posts big blind 200
Dealt to P1xel7 [Qs 9h]
*** PRE-FLOP *** 
P1xel7 folds
Sugoooi folds
MrGuezzTwich folds
Bet-Rus-Sama folds
Carrasco014 collected 425 from pot
*** SUMMARY ***
Total pot 425 | No rake
Seat 2: Carrasco014 (big blind) won 425


Winamax Poker - Tournament "WESTERN" buyIn: 0.90€ + 0.10€ level: 1 - HandId: #3112689500946432058-11-1703621993 - Holdem no limit (25/100/200) - 2023/12/26 20:19:53 UTC
Table: 'WESTERN(724729500)#057' 6-max (real money) Seat #1 is the button
Seat 1: Bet-Rus-Sama (35550, 0.45€ bounty)
Seat 2: Carrasco014 (7995, 0.45€ bounty)
Seat 3: Djimti (20000, 0.45€ bounty)
Seat 4: P1xel7 (19525, 0.45€ bounty)
Seat 5: Sugoooi (19875, 0.45€ bounty)
Seat 6: MrGuezzTwich (16921, 0.45€ bounty)
*** ANTE/BLINDS ***
Carrasco014 posts ante 25
Djimti posts ante 25
Bet-Rus-Sama posts ante 25
P1xel7 posts ante 25
Sugoooi posts ante 25
MrGuezzTwich posts ante 25
Carrasco014 posts small blind 100
Djimti posts big blind 200
Dealt to P1xel7 [Kc Ks]
*** PRE-FLOP *** 
P1xel7 raises 300 to 500
Sugoooi folds
MrGuezzTwich folds
Bet-Rus-Sama folds
Carrasco014 folds
Djimti folds
P1xel7 collected 950 from pot
*** SUMMARY ***
Total pot 950 | No rake
Seat 4: P1xel7 won 950


Winamax Poker - Tournament "WESTERN" buyIn: 0.90€ + 0.10€ level: 1 - HandId: #3112689500946432058-12-1703622035 - Holdem no limit (25/100/200) - 2023/12/26 20:20:35 UTC
Table: 'WESTERN(724729500)#057' 6-max (real money) Seat #2 is the button
Seat 1: Bet-Rus-Sama (35525, 0.45€ bounty)
Seat 2: Carrasco014 (7870, 0.45€ bounty)
Seat 3: Djimti (19775, 0.45€ bounty)
Seat 4: P1xel7 (19950, 0.45€ bounty)
Seat 5: Sugoooi (19850, 0.45€ bounty)
Seat 6: MrGuezzTwich (16896, 0.45€ bounty)
*** ANTE/BLINDS ***
Djimti posts ante 25
P1xel7 posts ante 25
Bet-Rus-Sama posts ante 25
Carrasco014 posts ante 25
Sugoooi posts ante 25
MrGuezzTwich posts ante 25
Djimti posts small blind 100
P1xel7 posts big blind 200
Dealt to P1xel7 [Ad 8s]
*** PRE-FLOP *** 
Sugoooi folds
MrGuezzTwich folds
Bet-Rus-Sama raises 300 to 500
Carrasco014 calls 500
Djimti folds
P1xel7 calls 300
*** FLOP *** [5d 5s Tc]
P1xel7 checks
Bet-Rus-Sama checks
Carrasco014 bets 800
P1xel7 folds
Bet-Rus-Sama folds
Carrasco014 collected 2550 from pot
*** SUMMARY ***
Total pot 2550 | No rake
Board: [5d 5s Tc]
Seat 2: Carrasco014 (button) won 2550


Winamax Poker - Tournament "WESTERN" buyIn: 0.90€ + 0.10€ level: 2 - HandId: #3112689500946432058-13-1703622085 - Holdem no limit (30/125/250) - 2023/12/26 20:21:25 UTC
Table: 'WESTERN(724729500)#057' 6-max (real money) Seat #3 is the button
Seat 1: Bet-Rus-Sama (35000, 0.45€ bounty)
Seat 2: Carrasco014 (9095, 0.45€ bounty)
Seat 3: Djimti (19650, 0.45€ bounty)
Seat 4: P1xel7 (19425, 0.45€ bounty)
Seat 5: Sugoooi (19825, 0.45€ bounty)
Seat 6: MrGuezzTwich (16871, 0.45€ bounty)
*** ANTE/BLINDS ***
P1xel7 posts ante 30
Sugoooi posts ante 30
Bet-Rus-Sama posts ante 30
Carrasco014 posts ante 30
Djimti posts ante 30
MrGuezzTwich posts ante 30
P1xel7 posts small blind 125
Sugoooi posts big blind 250
Dealt to P1xel7 [Jd Ks]
*** PRE-FLOP *** 
MrGuezzTwich folds
Bet-Rus-Sama folds
Carrasco014 raises 250 to 500
Djimti folds
P1xel7 calls 375
Sugoooi folds
*** FLOP *** [Ad Ac Kd]
P1xel7 checks
Carrasco014 checks
*** TURN *** [Ad Ac Kd][5s]
P1xel7 bets 501
Carrasco014 folds
P1xel7 collected 1931 from pot
*** SUMMARY ***
Total pot 1931 | No rake
Board: [Ad Ac Kd 5s]
Seat 4: P1xel7 (small blind) won 1931


Winamax Poker - Tournament "WESTERN" buyIn: 0.90€ + 0.10€ level: 2 - HandId: #3112689500946432058-14-1703622134 - Holdem no limit (30/125/250) - 2023/12/26 20:22:14 UTC
Table: 'WESTERN(724729500)#057' 6-max (real money) Seat #4 is the button
Seat 1: Bet-Rus-Sama (34970, 0.45€ bounty)
Seat 2: Carrasco014 (8565, 0.45€ bounty)
Seat 3: Djimti (19620, 0.45€ bounty)
Seat 4: P1xel7 (20325, 0.45€ bounty)
Seat 5: Sugoooi (19545, 0.45€ bounty)
Seat 6: MrGuezzTwich (16841, 0.45€ bounty)
*** ANTE/BLINDS ***
Sugoooi posts ante 30
MrGuezzTwich posts ante 30
Bet-Rus-Sama posts ante 30
Carrasco014 posts ante 30
Djimti posts ante 30
P1xel7 posts ante 30
Sugoooi posts small blind 125
MrGuezzTwich posts big blind 250
Dealt to P1xel7 [Ad 8d]
*** PRE-FLOP *** 
Bet-Rus-Sama folds
Carrasco014 folds
Djimti folds
P1xel7 raises 375 to 625
Sugoooi folds
MrGuezzTwich folds
P1xel7 collected 1180 from pot
*** SUMMARY ***
Total pot 1180 | No rake
Seat 4: P1xel7 (button) won 1180


Winamax Poker - Tournament "WESTERN" buyIn: 0.90€ + 0.10€ level: 2 - HandId: #3112689500946432058-15-1703622151 - Holdem no limit (30/125/250) - 2023/12/26 20:22:31 UTC
Table: 'WESTERN(724729500)#057' 6-max (real money) Seat #5 is the button
Seat 1: Bet-Rus-Sama (34940, 0.45€ bounty)
Seat 2: Carrasco014 (8535, 0.45€ bounty)
Seat 3: Djimti (19590, 0.45€ bounty)
Seat 4: P1xel7 (20850, 0.45€ bounty)
Seat 5: Sugoooi (19390, 0.45€ bounty)
Seat 6: MrGuezzTwich (16561, 0.45€ bounty)
*** ANTE/BLINDS ***
MrGuezzTwich posts ante 30
Bet-Rus-Sama posts ante 30
Carrasco014 posts ante 30
Djimti posts ante 30
P1xel7 posts ante 30
Sugoooi posts ante 30
MrGuezzTwich posts small blind 125
Bet-Rus-Sama posts big blind 250
Dealt to P1xel7 [3h Td]
*** PRE-FLOP *** 
Carrasco014 folds
Djimti folds
P1xel7 folds
Sugoooi folds
MrGuezzTwich folds
Bet-Rus-Sama collected 555 from pot
*** SUMMARY ***
Total pot 555 | No rake
Seat 1: Bet-Rus-Sama (big blind) won 555


Winamax Poker - Tournament "WESTERN" buyIn: 0.90€ + 0.10€ level: 2 - HandId: #3112689500946432058-16-1703622165 - Holdem no limit (30/125/250) - 2023/12/26 20:22:45 UTC
Table: 'WESTERN(724729500)#057' 6-max (real money) Seat #6 is the button
Seat 1: Bet-Rus-Sama (35215, 0.45€ bounty)
Seat 2: Carrasco014 (8505, 0.45€ bounty)
Seat 3: Djimti (19560, 0.45€ bounty)
Seat 4: P1xel7 (20820, 0.45€ bounty)
Seat 5: Sugoooi (19360, 0.45€ bounty)
Seat 6: MrGuezzTwich (16406, 0.45€ bounty)
*** ANTE/BLINDS ***
Bet-Rus-Sama posts ante 30
Carrasco014 posts ante 30
Djimti posts ante 30
P1xel7 posts ante 30
Sugoooi posts ante 30
MrGuezzTwich posts ante 30
Bet-Rus-Sama posts small blind 125
Carrasco014 posts big blind 250
Dealt to P1xel7 [Ad 7c]
*** PRE-FLOP *** 
Djimti raises 313 to 563
P1xel7 folds
Sugoooi folds
MrGuezzTwich folds
Bet-Rus-Sama folds
Carrasco014 calls 313
*** FLOP *** [9d 3s Ts]
Carrasco014 checks
Djimti checks
*** TURN *** [9d 3s Ts][7h]
Carrasco014 checks
Djimti bets 930
Carrasco014 folds
Djimti collected 2361 from pot
*** SUMMARY ***
Total pot 2361 | No rake
Board: [9d 3s Ts 7h]
Seat 3: Djimti won 2361


Winamax Poker - Tournament "WESTERN" buyIn: 0.90€ + 0.10€ level: 2 - HandId: #3112689500946432058-17-1703622237 - Holdem no limit (30/125/250) - 2023/12/26 20:23:57 UTC
Table: 'WESTERN(724729500)#057' 6-max (real money) Seat #1 is the button
Seat 1: Bet-Rus-Sama (35060, 0.45€ bounty)
Seat 2: Carrasco014 (7912, 0.45€ bounty)
Seat 3: Djimti (20398, 0.45€ bounty)
Seat 4: P1xel7 (20790, 0.45€ bounty)
Seat 5: Sugoooi (19330, 0.45€ bounty)
Seat 6: MrGuezzTwich (16376, 0.45€ bounty)
*** ANTE/BLINDS ***
Carrasco014 posts ante 30
Djimti posts ante 30
Bet-Rus-Sama posts ante 30
P1xel7 posts ante 30
Sugoooi posts ante 30
MrGuezzTwich posts ante 30
Carrasco014 posts small blind 125
Djimti posts big blind 250
Dealt to P1xel7 [Qh Ts]
*** PRE-FLOP *** 
P1xel7 folds
Sugoooi folds
MrGuezzTwich raises 275 to 525
Bet-Rus-Sama folds
Carrasco014 folds
Djimti folds
MrGuezzTwich collected 1080 from pot
*** SUMMARY ***
Total pot 1080 | No rake
Seat 6: MrGuezzTwich won 1080


Winamax Poker - Tournament "WESTERN" buyIn: 0.90€ + 0.10€ level: 2 - HandId: #3112689500946432058-18-1703622263 - Holdem no limit (30/125/250) - 2023/12/26 20:24:23 UTC
Table: 'WESTERN(724729500)#057' 6-max (real money) Seat #2 is the button
Seat 1: Bet-Rus-Sama (35030, 0.45€ bounty)
Seat 2: Carrasco014 (7757, 0.45€ bounty)
Seat 3: Djimti (20118, 0.45€ bounty)
Seat 4: P1xel7 (20760, 0.45€ bounty)
Seat 5: Sugoooi (19300, 0.45€ bounty)
Seat 6: MrGuezzTwich (16901, 0.45€ bounty)
*** ANTE/BLINDS ***
Djimti posts ante 30
P1xel7 posts ante 30
Bet-Rus-Sama posts ante 30
Carrasco014 posts ante 30
Sugoooi posts ante 30
MrGuezzTwich posts ante 30
Djimti posts small blind 125
P1xel7 posts big blind 250
Dealt to P1xel7 [Jc 5s]
*** PRE-FLOP *** 
Sugoooi folds
MrGuezzTwich raises 275 to 525
Bet-Rus-Sama folds
Carrasco014 folds
Djimti folds
P1xel7 folds
MrGuezzTwich collected 1080 from pot
*** SUMMARY ***
Total pot 1080 | No rake
Seat 6: MrGuezzTwich won 1080


Winamax Poker - Tournament "WESTERN" buyIn: 0.90€ + 0.10€ level: 2 - HandId: #3112689500946432058-19-1703622303 - Holdem no limit (30/125/250) - 2023/12/26 20:25:03 UTC
Table: 'WESTERN(724729500)#057' 6-max (real money) Seat #3 is the button
Seat 1: Bet-Rus-Sama (35000, 0.45€ bounty)
Seat 2: Carrasco014 (7727, 0.45€ bounty)
Seat 3: Djimti (19963, 0.45€ bounty)
Seat 4: P1xel7 (20480, 0.45€ bounty)
Seat 5: Sugoooi (19270, 0.45€ bounty)
Seat 6: MrGuezzTwich (17426, 0.45€ bounty)
*** ANTE/BLINDS ***
P1xel7 posts ante 30
Sugoooi posts ante 30
Bet-Rus-Sama posts ante 30
Carrasco014 posts ante 30
Djimti posts ante 30
MrGuezzTwich posts ante 30
P1xel7 posts small blind 125
Sugoooi posts big blind 250
Dealt to P1xel7 [3h 2h]
*** PRE-FLOP *** 
MrGuezzTwich folds
Bet-Rus-Sama folds
Carrasco014 raises 375 to 625
Djimti folds
P1xel7 folds
Sugoooi calls 375
*** FLOP *** [9d 8c 6d]
Sugoooi checks
Carrasco014 bets 750
Sugoooi calls 750
*** TURN *** [9d 8c 6d][Ks]
Sugoooi checks
Carrasco014 checks
*** RIVER *** [9d 8c 6d Ks][As]
Sugoooi checks
Carrasco014 checks
*** SHOW DOWN ***
Carrasco014 shows [Tc Jc] (High card : Ace)
Sugoooi shows [8h Ts] (One pair : 8)
Sugoooi collected 3055 from pot
*** SUMMARY ***
Total pot 3055 | No rake
Board: [9d 8c 6d Ks As]
Seat 2: Carrasco014 showed [Tc Jc] and lost with High card : Ace
Seat 5: Sugoooi (big blind) showed [8h Ts] and won 3055 with One pair : 8


Winamax Poker - Tournament "WESTERN" buyIn: 0.90€ + 0.10€ level: 2 - HandId: #3112689500946432058-20-1703622417 - Holdem no limit (30/125/250) - 2023/12/26 20:26:57 UTC
Table: 'WESTERN(724729500)#057' 6-max (real money) Seat #4 is the button
Seat 1: Bet-Rus-Sama (34970, 0.45€ bounty)
Seat 2: Carrasco014 (6322, 0.45€ bounty)
Seat 3: Djimti (19933, 0.45€ bounty)
Seat 4: P1xel7 (20325, 0.45€ bounty)
Seat 5: Sugoooi (20920, 0.45€ bounty)
Seat 6: MrGuezzTwich (17396, 0.45€ bounty)
*** ANTE/BLINDS ***
Sugoooi posts ante 30
MrGuezzTwich posts ante 30
Bet-Rus-Sama posts ante 30
Carrasco014 posts ante 30
Djimti posts ante 30
P1xel7 posts ante 30
Sugoooi posts small blind 125
MrGuezzTwich posts big blind 250
Dealt to P1xel7 [3c Qh]
*** PRE-FLOP *** 
Bet-Rus-Sama folds
Carrasco014 folds
Djimti raises 313 to 563
P1xel7 folds
Sugoooi folds
MrGuezzTwich folds
Djimti collected 1118 from pot
*** SUMMARY ***
Total pot 1118 | No rake
Seat 3: Djimti won 1118


Winamax Poker - Tournament "WESTERN" buyIn: 0.90€ + 0.10€ level: 3 - HandId: #3112689500946432058-21-1703622448 - Holdem no limit (35/150/300) - 2023/12/26 20:27:28 UTC
Table: 'WESTERN(724729500)#057' 6-max (real money) Seat #5 is the button
Seat 1: Bet-Rus-Sama (34940, 0.45€ bounty)
Seat 2: Carrasco014 (6292, 0.45€ bounty)
Seat 3: Djimti (20458, 0.45€ bounty)
Seat 4: P1xel7 (20295, 0.45€ bounty)
Seat 5: Sugoooi (20765, 0.45€ bounty)
Seat 6: MrGuezzTwich (17116, 0.45€ bounty)
*** ANTE/BLINDS ***
MrGuezzTwich posts ante 35
Bet-Rus-Sama posts ante 35
Carrasco014 posts ante 35
Djimti posts ante 35
P1xel7 posts ante 35
Sugoooi posts ante 35
MrGuezzTwich posts small blind 150
Bet-Rus-Sama posts big blind 300
Dealt to P1xel7 [5h Qs]
*** PRE-FLOP *** 
Carrasco014 folds
Djimti folds
P1xel7 folds
Sugoooi raises 360 to 660
MrGuezzTwich folds
Bet-Rus-Sama folds
Sugoooi collected 1320 from pot
*** SUMMARY ***
Total pot 1320 | No rake
Seat 5: Sugoooi (button) won 1320


Winamax Poker - Tournament "WESTERN" buyIn: 0.90€ + 0.10€ level: 3 - HandId: #3112689500946432058-22-1703622474 - Holdem no limit (35/150/300) - 2023/12/26 20:27:54 UTC
Table: 'WESTERN(724729500)#057' 6-max (real money) Seat #6 is the button
Seat 1: Bet-Rus-Sama (34605, 0.45€ bounty)
Seat 2: Carrasco014 (6257, 0.45€ bounty)
Seat 3: Djimti (20423, 0.45€ bounty)
Seat 4: P1xel7 (20260, 0.45€ bounty)
Seat 5: Sugoooi (21390, 0.45€ bounty)
Seat 6: MrGuezzTwich (16931, 0.45€ bounty)
*** ANTE/BLINDS ***
Bet-Rus-Sama posts ante 35
Carrasco014 posts ante 35
Djimti posts ante 35
P1xel7 posts ante 35
Sugoooi posts ante 35
MrGuezzTwich posts ante 35
Bet-Rus-Sama posts small blind 150
Carrasco014 posts big blind 300
Dealt to P1xel7 [3c Ac]
*** PRE-FLOP *** 
Djimti folds
P1xel7 folds
Sugoooi folds
MrGuezzTwich folds
Bet-Rus-Sama calls 150
Carrasco014 checks
*** FLOP *** [7s 4s 9c]
Bet-Rus-Sama bets 648
Carrasco014 calls 648
*** TURN *** [7s 4s 9c][9s]
Bet-Rus-Sama bets 1369
Carrasco014 folds
Bet-Rus-Sama collected 3475 from pot
*** SUMMARY ***
Total pot 3475 | No rake
Board: [7s 4s 9c 9s]
Seat 1: Bet-Rus-Sama (small blind) won 3475


Winamax Poker - Tournament "WESTERN" buyIn: 0.90€ + 0.10€ level: 3 - HandId: #3112689500946432058-23-1703622527 - Holdem no limit (35/150/300) - 2023/12/26 20:28:47 UTC
Table: 'WESTERN(724729500)#057' 6-max (real money) Seat #1 is the button
Seat 1: Bet-Rus-Sama (35728, 0.45€ bounty)
Seat 2: Carrasco014 (5274, 0.45€ bounty)
Seat 3: Djimti (20388, 0.45€ bounty)
Seat 4: P1xel7 (20225, 0.45€ bounty)
Seat 5: Sugoooi (21355, 0.45€ bounty)
Seat 6: MrGuezzTwich (16896, 0.45€ bounty)
*** ANTE/BLINDS ***
Carrasco014 posts ante 35
Djimti posts ante 35
Bet-Rus-Sama posts ante 35
P1xel7 posts ante 35
Sugoooi posts ante 35
MrGuezzTwich posts ante 35
Carrasco014 posts small blind 150
Djimti posts big blind 300
Dealt to P1xel7 [Ks 5c]
*** PRE-FLOP *** 
P1xel7 folds
Sugoooi folds
MrGuezzTwich folds
Bet-Rus-Sama folds
Carrasco014 calls 150
Djimti checks
*** FLOP *** [Qd 6h 3c]
Carrasco014 checks
Djimti checks
*** TURN *** [Qd 6h 3c][Ah]
Carrasco014 checks
Djimti checks
*** RIVER *** [Qd 6h 3c Ah][Ts]
Carrasco014 checks
Djimti checks
*** SHOW DOWN ***
Carrasco014 shows [2s 7s] (High card : Ace)
Djimti shows [Jh 3d] (One pair : 3)
Djimti collected 810 from pot
*** SUMMARY ***
Total pot 810 | No rake
Board: [Qd 6h 3c Ah Ts]
Seat 2: Carrasco014 (small blind) showed [2s 7s] and lost with High card : Ace
Seat 3: Djimti (big blind) showed [Jh 3d] and won 810 with One pair : 3


Winamax Poker - Tournament "WESTERN" buyIn: 0.90€ + 0.10€ level: 3 - HandId: #3112689500946432058-24-1703622575 - Holdem no limit (35/150/300) - 2023/12/26 20:29:35 UTC
Table: 'WESTERN(724729500)#057' 6-max (real money) Seat #2 is the button
Seat 1: Bet-Rus-Sama (35693, 0.45€ bounty)
Seat 2: Carrasco014 (4939, 0.45€ bounty)
Seat 3: Djimti (20863, 0.45€ bounty)
Seat 4: P1xel7 (20190, 0.45€ bounty)
Seat 5: Sugoooi (21320, 0.45€ bounty)
Seat 6: MrGuezzTwich (16861, 0.45€ bounty)
*** ANTE/BLINDS ***
Djimti posts ante 35
P1xel7 posts ante 35
Bet-Rus-Sama posts ante 35
Carrasco014 posts ante 35
Sugoooi posts ante 35
MrGuezzTwich posts ante 35
Djimti posts small blind 150
P1xel7 posts big blind 300
Dealt to P1xel7 [3s Ac]
*** PRE-FLOP *** 
Sugoooi folds
MrGuezzTwich raises 330 to 630
Bet-Rus-Sama folds
Carrasco014 folds
Djimti folds
P1xel7 calls 330
*** FLOP *** [3d 5h 9c]
P1xel7 checks
MrGuezzTwich bets 810
P1xel7 calls 810
*** TURN *** [3d 5h 9c][Qh]
P1xel7 checks
MrGuezzTwich checks
*** RIVER *** [3d 5h 9c Qh][2d]
P1xel7 bets 1134
MrGuezzTwich folds
P1xel7 collected 4374 from pot
*** SUMMARY ***
Total pot 4374 | No rake
Board: [3d 5h 9c Qh 2d]
Seat 4: P1xel7 (big blind) won 4374


Winamax Poker - Tournament "WESTERN" buyIn: 0.90€ + 0.10€ level: 3 - HandId: #3112689500946432058-25-1703622634 - Holdem no limit (35/150/300) - 2023/12/26 20:30:34 UTC
Table: 'WESTERN(724729500)#057' 6-max (real money) Seat #3 is the button
Seat 1: Bet-Rus-Sama (35658, 0.45€ bounty)
Seat 2: Carrasco014 (4904, 0.45€ bounty)
Seat 3: Djimti (20678, 0.45€ bounty)
Seat 4: P1xel7 (21955, 0.45€ bounty)
Seat 5: Sugoooi (21285, 0.45€ bounty)
Seat 6: MrGuezzTwich (15386, 0.45€ bounty)
*** ANTE/BLINDS ***
P1xel7 posts ante 35
Sugoooi posts ante 35
Bet-Rus-Sama posts ante 35
Carrasco014 posts ante 35
Djimti posts ante 35
MrGuezzTwich posts ante 35
P1xel7 posts small blind 150
Sugoooi posts big blind 300
Dealt to P1xel7 [8s Qh]
*** PRE-FLOP *** 
MrGuezzTwich folds
Bet-Rus-Sama folds
Carrasco014 raises 4569 to 4869 and is all-in
Djimti folds
P1xel7 folds
Sugoooi folds
Carrasco014 collected 5529 from pot
*** SUMMARY ***
Total pot 5529 | No rake
Seat 2: Carrasco014 won 5529


Winamax Poker - Tournament "WESTERN" buyIn: 0.90€ + 0.10€ level: 3 - HandId: #3112689500946432058-26-1703622682 - Holdem no limit (35/150/300) - 2023/12/26 20:31:22 UTC
Table: 'WESTERN(724729500)#057' 6-max (real money) Seat #4 is the button
Seat 1: Bet-Rus-Sama (35623, 0.45€ bounty)
Seat 2: Carrasco014 (5529, 0.45€ bounty)
Seat 3: Djimti (20643, 0.45€ bounty)
Seat 4: P1xel7 (21770, 0.45€ bounty)
Seat 5: Sugoooi (20950, 0.45€ bounty)
Seat 6: MrGuezzTwich (15351, 0.45€ bounty)
*** ANTE/BLINDS ***
Sugoooi posts ante 35
MrGuezzTwich posts ante 35
Bet-Rus-Sama posts ante 35
Carrasco014 posts ante 35
Djimti posts ante 35
P1xel7 posts ante 35
Sugoooi posts small blind 150
MrGuezzTwich posts big blind 300
Dealt to P1xel7 [4s Kd]
*** PRE-FLOP *** 
Bet-Rus-Sama folds
Carrasco014 folds
Djimti folds
P1xel7 folds
Sugoooi folds
MrGuezzTwich collected 660 from pot
*** SUMMARY ***
Total pot 660 | No rake
Seat 6: MrGuezzTwich (big blind) won 660


Winamax Poker - Tournament "WESTERN" buyIn: 0.90€ + 0.10€ level: 3 - HandId: #3112689500946432058-27-1703622745 - Holdem no limit (35/150/300) - 2023/12/26 20:32:25 UTC
Table: 'WESTERN(724729500)#057' 6-max (real money) Seat #5 is the button
Seat 1: Bet-Rus-Sama (35588, 0.45€ bounty)
Seat 2: Carrasco014 (5494, 0.45€ bounty)
Seat 3: Djimti (20608, 0.45€ bounty)
Seat 4: P1xel7 (21735, 0.45€ bounty)
Seat 5: Sugoooi (20765, 0.45€ bounty)
Seat 6: MrGuezzTwich (15676, 0.45€ bounty)
*** ANTE/BLINDS ***
MrGuezzTwich posts ante 35
Bet-Rus-Sama posts ante 35
Carrasco014 posts ante 35
Djimti posts ante 35
P1xel7 posts ante 35
Sugoooi posts ante 35
MrGuezzTwich posts small blind 150
Bet-Rus-Sama posts big blind 300
Dealt to P1xel7 [3s 9d]
*** PRE-FLOP *** 
Carrasco014 folds
Djimti folds
P1xel7 folds
Sugoooi raises 360 to 660
MrGuezzTwich folds
Bet-Rus-Sama folds
Sugoooi collected 1320 from pot
*** SUMMARY ***
Total pot 1320 | No rake
Seat 5: Sugoooi (button) won 1320


Winamax Poker - Tournament "WESTERN" buyIn: 0.90€ + 0.10€ level: 3 - HandId: #3112689500946432058-28-1703622772 - Holdem no limit (35/150/300) - 2023/12/26 20:32:52 UTC
Table: 'WESTERN(724729500)#057' 6-max (real money) Seat #6 is the button
Seat 1: Bet-Rus-Sama (35253, 0.45€ bounty)
Seat 2: Carrasco014 (5459, 0.45€ bounty)
Seat 3: Djimti (20573, 0.45€ bounty)
Seat 4: P1xel7 (21700, 0.45€ bounty)
Seat 5: Sugoooi (21390, 0.45€ bounty)
Seat 6: MrGuezzTwich (15491, 0.45€ bounty)
*** ANTE/BLINDS ***
Bet-Rus-Sama posts ante 35
Carrasco014 posts ante 35
Djimti posts ante 35
P1xel7 posts ante 35
Sugoooi posts ante 35
MrGuezzTwich posts ante 35
Bet-Rus-Sama posts small blind 150
Carrasco014 posts big blind 300
Dealt to P1xel7 [9d 9s]
*** PRE-FLOP *** 
Djimti raises 375 to 675
P1xel7 calls 675
Sugoooi calls 675
MrGuezzTwich folds
Bet-Rus-Sama folds
Carrasco014 calls 375
*** FLOP *** [8c 6c Kd]
Carrasco014 checks
Djimti checks
P1xel7 checks
Sugoooi checks
*** TURN *** [8c 6c Kd][7h]
Carrasco014 checks
Djimti checks
P1xel7 bets 1071
Sugoooi calls 1071
Carrasco014 folds
Djimti calls 1071
*** RIVER *** [8c 6c Kd 7h][Ac]
Djimti checks
P1xel7 checks
Sugoooi checks
*** SHOW DOWN ***
P1xel7 shows [9d 9s] (One pair : 9)
Sugoooi shows [Kh Jh] (One pair : Kings)
Djimti shows [As 7c] (Two pairs : Aces and 7)
Djimti collected 6273 from pot
*** SUMMARY ***
Total pot 6273 | No rake
Board: [8c 6c Kd 7h Ac]
Seat 3: Djimti showed [As 7c] and won 6273 with Two pairs : Aces and 7
Seat 4: P1xel7 showed [9d 9s] and lost with One pair : 9
Seat 5: Sugoooi showed [Kh Jh] and lost with One pair : Kings


Winamax Poker - Tournament "WESTERN" buyIn: 0.90€ + 0.10€ level: 4 - HandId: #3112689500946432058-29-1703622866 - Holdem no limit (40/175/350) - 2023/12/26 20:34:26 UTC
Table: 'WESTERN(724729500)#057' 6-max (real money) Seat #1 is the button
Seat 1: Bet-Rus-Sama (35068, 0.45€ bounty)
Seat 2: Carrasco014 (4749, 0.45€ bounty)
Seat 3: Djimti (25065, 0.45€ bounty)
Seat 4: P1xel7 (19919, 0.45€ bounty)
Seat 5: Sugoooi (19609, 0.45€ bounty)
Seat 6: MrGuezzTwich (15456, 0.45€ bounty)
*** ANTE/BLINDS ***
Carrasco014 posts ante 40
Djimti posts ante 40
Bet-Rus-Sama posts ante 40
P1xel7 posts ante 40
Sugoooi posts ante 40
MrGuezzTwich posts ante 40
Carrasco014 posts small blind 175
Djimti posts big blind 350
Dealt to P1xel7 [Jh 4h]
*** PRE-FLOP *** 
P1xel7 folds
Sugoooi folds
MrGuezzTwich folds
Bet-Rus-Sama folds
Carrasco014 folds
Djimti collected 765 from pot
*** SUMMARY ***
Total pot 765 | No rake
Seat 3: Djimti (big blind) won 765


Winamax Poker - Tournament "WESTERN" buyIn: 0.90€ + 0.10€ level: 4 - HandId: #3112689500946432058-30-1703622885 - Holdem no limit (40/175/350) - 2023/12/26 20:34:45 UTC
Table: 'WESTERN(724729500)#057' 6-max (real money) Seat #2 is the button
Seat 1: Bet-Rus-Sama (35028, 0.45€ bounty)
Seat 2: Carrasco014 (4534, 0.45€ bounty)
Seat 3: Djimti (25440, 0.45€ bounty)
Seat 4: P1xel7 (19879, 0.45€ bounty)
Seat 5: Sugoooi (19569, 0.45€ bounty)
Seat 6: MrGuezzTwich (15416, 0.45€ bounty)
*** ANTE/BLINDS ***
Djimti posts ante 40
P1xel7 posts ante 40
Bet-Rus-Sama posts ante 40
Carrasco014 posts ante 40
Sugoooi posts ante 40
MrGuezzTwich posts ante 40
Djimti posts small blind 175
P1xel7 posts big blind 350
Dealt to P1xel7 [8d 4s]
*** PRE-FLOP *** 
Sugoooi folds
MrGuezzTwich folds
Bet-Rus-Sama folds
Carrasco014 folds
Djimti raises 438 to 788
P1xel7 folds
Djimti collected 1378 from pot
*** SUMMARY ***
Total pot 1378 | No rake
Seat 3: Djimti (small blind) won 1378


Winamax Poker - Tournament "WESTERN" buyIn: 0.90€ + 0.10€ level: 4 - HandId: #3112689500946432058-31-1703622907 - Holdem no limit (40/175/350) - 2023/12/26 20:35:07 UTC
Table: 'WESTERN(724729500)#057' 6-max (real money) Seat #3 is the button
Seat 1: Bet-Rus-Sama (34988, 0.45€ bounty)
Seat 2: Carrasco014 (4494, 0.45€ bounty)
Seat 3: Djimti (25990, 0.45€ bounty)
Seat 4: P1xel7 (19489, 0.45€ bounty)
Seat 5: Sugoooi (19529, 0.45€ bounty)
Seat 6: MrGuezzTwich (15376, 0.45€ bounty)
*** ANTE/BLINDS ***
P1xel7 posts ante 40
Sugoooi posts ante 40
Bet-Rus-Sama posts ante 40
Carrasco014 posts ante 40
Djimti posts ante 40
MrGuezzTwich posts ante 40
P1xel7 posts small blind 175
Sugoooi posts big blind 350
Dealt to P1xel7 [Ac 6h]
*** PRE-FLOP *** 
MrGuezzTwich folds
Bet-Rus-Sama folds
Carrasco014 raises 4104 to 4454 and is all-in
Djimti folds
P1xel7 folds
Sugoooi folds
Carrasco014 collected 5219 from pot
*** SUMMARY ***
Total pot 5219 | No rake
Seat 2: Carrasco014 won 5219


Winamax Poker - Tournament "WESTERN" buyIn: 0.90€ + 0.10€ level: 4 - HandId: #3112689500946432058-32-1703622940 - Holdem no limit (40/175/350) - 2023/12/26 20:35:40 UTC
Table: 'WESTERN(724729500)#057' 6-max (real money) Seat #4 is the button
Seat 1: Bet-Rus-Sama (34948, 0.45€ bounty)
Seat 2: Carrasco014 (5219, 0.45€ bounty)
Seat 3: Djimti (25950, 0.45€ bounty)
Seat 4: P1xel7 (19274, 0.45€ bounty)
Seat 5: Sugoooi (19139, 0.45€ bounty)
Seat 6: MrGuezzTwich (15336, 0.45€ bounty)
*** ANTE/BLINDS ***
Sugoooi posts ante 40
MrGuezzTwich posts ante 40
Bet-Rus-Sama posts ante 40
Carrasco014 posts ante 40
Djimti posts ante 40
P1xel7 posts ante 40
Sugoooi posts small blind 175
MrGuezzTwich posts big blind 350
Dealt to P1xel7 [Qs 4d]
*** PRE-FLOP *** 
Bet-Rus-Sama folds
Carrasco014 folds
Djimti folds
P1xel7 folds
Sugoooi raises 420 to 770
MrGuezzTwich raises 2310 to 3080
Sugoooi calls 2310
*** FLOP *** [8s 2h 4h]
Sugoooi checks
MrGuezzTwich bets 3200
Sugoooi calls 3200
*** TURN *** [8s 2h 4h][4s]
Sugoooi checks
MrGuezzTwich bets 8320
Sugoooi raises 4499 to 12819 and is all-in
MrGuezzTwich calls 696 and is all-in
*** RIVER *** [8s 2h 4h 4s][7c]
*** SHOW DOWN ***
Sugoooi shows [8d Ad] (Two pairs : 8 and 4)
MrGuezzTwich shows [Jc Js] (Two pairs : Jacks and 4)
MrGuezzTwich collected 30832 from main pot
Sugoooi collected 3803 from side pot 1
*** SUMMARY ***
Total pot 34635 | No rake
Board: [8s 2h 4h 4s 7c]
Seat 5: Sugoooi (small blind) showed [8d Ad] and won 3803 with Two pairs : 8 and 4
Seat 6: MrGuezzTwich (big blind) showed [Jc Js] and won 30832 with Two pairs : Jacks and 4


Winamax Poker - Tournament "WESTERN" buyIn: 0.90€ + 0.10€ level: 4 - HandId: #3112689500946432058-33-1703623012 - Holdem no limit (40/175/350) - 2023/12/26 20:36:52 UTC
Table: 'WESTERN(724729500)#057' 6-max (real money) Seat #5 is the button
Seat 1: Bet-Rus-Sama (34908, 0.45€ bounty)
Seat 2: Carrasco014 (5179, 0.45€ bounty)
Seat 3: Djimti (25910, 0.45€ bounty)
Seat 4: P1xel7 (19234, 0.45€ bounty)
Seat 5: Sugoooi (3803, 0.45€ bounty)
Seat 6: MrGuezzTwich (30832, 0.45€ bounty)
*** ANTE/BLINDS ***
MrGuezzTwich posts ante 40
Bet-Rus-Sama posts ante 40
Carrasco014 posts ante 40
Djimti posts ante 40
P1xel7 posts ante 40
Sugoooi posts ante 40
MrGuezzTwich posts small blind 175
Bet-Rus-Sama posts big blind 350
Dealt to P1xel7 [9h 8d]
*** PRE-FLOP *** 
Carrasco014 folds
Djimti folds
P1xel7 folds
Sugoooi folds
MrGuezzTwich folds
Bet-Rus-Sama collected 765 from pot
*** SUMMARY ***
Total pot 765 | No rake
Seat 1: Bet-Rus-Sama (big blind) won 765


Winamax Poker - Tournament "WESTERN" buyIn: 0.90€ + 0.10€ level: 4 - HandId: #3112689500946432058-34-1703623041 - Holdem no limit (40/175/350) - 2023/12/26 20:37:21 UTC
Table: 'WESTERN(724729500)#057' 6-max (real money) Seat #6 is the button
Seat 1: Bet-Rus-Sama (35283, 0.45€ bounty)
Seat 2: Carrasco014 (5139, 0.45€ bounty)
Seat 3: Djimti (25870, 0.45€ bounty)
Seat 4: P1xel7 (19194, 0.45€ bounty)
Seat 5: Sugoooi (3763, 0.45€ bounty)
Seat 6: MrGuezzTwich (30617, 0.45€ bounty)
*** ANTE/BLINDS ***
Bet-Rus-Sama posts ante 40
Carrasco014 posts ante 40
Djimti posts ante 40
P1xel7 posts ante 40
Sugoooi posts ante 40
MrGuezzTwich posts ante 40
Bet-Rus-Sama posts small blind 175
Carrasco014 posts big blind 350
Dealt to P1xel7 [Qs Js]
*** PRE-FLOP *** 
Djimti raises 438 to 788
P1xel7 calls 788
Sugoooi folds
MrGuezzTwich folds
Bet-Rus-Sama folds
Carrasco014 raises 4311 to 5099 and is all-in
Djimti raises 4311 to 9410
P1xel7 folds
*** FLOP *** [6c 5s 3d]
*** TURN *** [6c 5s 3d][Qh]
*** RIVER *** [6c 5s 3d Qh][9d]
*** SHOW DOWN ***
Carrasco014 shows [Ad 8h] (High card : Ace)
Djimti shows [Ac 9c] (One pair : 9)
Djimti collected 15712 from pot
*** SUMMARY ***
Total pot 15712 | No rake
Board: [6c 5s 3d Qh 9d]
Seat 2: Carrasco014 (big blind) showed [Ad 8h] and lost with High card : Ace
Seat 3: Djimti showed [Ac 9c] and won 15712 with One pair : 9


Winamax Poker - Tournament "WESTERN" buyIn: 0.90€ + 0.10€ level: 4 - HandId: #3112689500946432058-35-1703623085 - Holdem no limit (40/175/350) - 2023/12/26 20:38:05 UTC
Table: 'WESTERN(724729500)#057' 6-max (real money) Seat #1 is the button
Seat 1: Bet-Rus-Sama (35068, 0.45€ bounty)
Seat 3: Djimti (32132, 0.67€ bounty)
Seat 4: P1xel7 (18366, 0.45€ bounty)
Seat 5: Sugoooi (3723, 0.45€ bounty)
Seat 6: MrGuezzTwich (30577, 0.45€ bounty)
*** ANTE/BLINDS ***
Djimti posts ante 40
Bet-Rus-Sama posts ante 40
P1xel7 posts ante 40
Sugoooi posts ante 40
MrGuezzTwich posts ante 40
Djimti posts big blind 350
Dealt to P1xel7 [Th Ac]
*** PRE-FLOP *** 
P1xel7 raises 525 to 875
Sugoooi folds
MrGuezzTwich folds
Bet-Rus-Sama folds
Djimti calls 525
*** FLOP *** [Kh 6d 9d]
Djimti checks
P1xel7 bets 975
Djimti calls 975
*** TURN *** [Kh 6d 9d][4h]
Djimti checks
P1xel7 checks
*** RIVER *** [Kh 6d 9d 4h][5c]
Djimti bets 2625
P1xel7 folds
Djimti collected 6525 from pot
*** SUMMARY ***
Total pot 6525 | No rake
Board: [Kh 6d 9d 4h 5c]
Seat 3: Djimti (big blind) won 6525


Winamax Poker - Tournament "WESTERN" buyIn: 0.90€ + 0.10€ level: 5 - HandId: #3112689500946432058-36-1703623168 - Holdem no limit (50/200/400) - 2023/12/26 20:39:28 UTC
Table: 'WESTERN(724729500)#057' 6-max (real money) Seat #2 is the button
Seat 1: Bet-Rus-Sama (35028, 0.45€ bounty)
Seat 2: RoCKY HO99O9 (20000, 0.45€ bounty)
Seat 3: Djimti (34142, 0.67€ bounty)
Seat 4: P1xel7 (16476, 0.45€ bounty)
Seat 5: Sugoooi (3683, 0.45€ bounty)
Seat 6: MrGuezzTwich (30537, 0.45€ bounty)
*** ANTE/BLINDS ***
Djimti posts ante 50
P1xel7 posts ante 50
Bet-Rus-Sama posts ante 50
Sugoooi posts ante 50
MrGuezzTwich posts ante 50
Djimti posts small blind 200
P1xel7 posts big blind 400
Dealt to P1xel7 [7c Js]
*** PRE-FLOP *** 
Sugoooi raises 3233 to 3633 and is all-in
MrGuezzTwich folds
Bet-Rus-Sama folds
Djimti calls 3433
P1xel7 folds
*** FLOP *** [Th Qd Kd]
*** TURN *** [Th Qd Kd][Kc]
*** RIVER *** [Th Qd Kd Kc][9s]
*** SHOW DOWN ***
Djimti shows [7h Ts] (Two pairs : Kings and Tens)
Sugoooi shows [Jc Ah] (Straight Ace high)
Sugoooi collected 7916 from pot
*** SUMMARY ***
Total pot 7916 | No rake
Board: [Th Qd Kd Kc 9s]
Seat 3: Djimti (small blind) showed [7h Ts] and lost with Two pairs : Kings and Tens
Seat 5: Sugoooi showed [Jc Ah] and won 7916 with Straight Ace high


Winamax Poker - Tournament "WESTERN" buyIn: 0.90€ + 0.10€ level: 5 - HandId: #3112689500946432058-37-1703623209 - Holdem no limit (50/200/400) - 2023/12/26 20:40:09 UTC
Table: 'WESTERN(724729500)#057' 6-max (real money) Seat #3 is the button
Seat 1: Bet-Rus-Sama (34978, 0.45€ bounty)
Seat 2: RoCKY HO99O9 (20000, 0.45€ bounty)
Seat 3: Djimti (30459, 0.67€ bounty)
Seat 4: P1xel7 (16026, 0.45€ bounty)
Seat 5: Sugoooi (7916, 0.45€ bounty)
Seat 6: MrGuezzTwich (30487, 0.45€ bounty)
*** ANTE/BLINDS ***
P1xel7 posts ante 50
Sugoooi posts ante 50
Bet-Rus-Sama posts ante 50
RoCKY HO99O9 posts ante 50
Djimti posts ante 50
MrGuezzTwich posts ante 50
P1xel7 posts small blind 200
Sugoooi posts big blind 400
Dealt to P1xel7 [Kh Ad]
*** PRE-FLOP *** 
MrGuezzTwich folds
Bet-Rus-Sama folds
RoCKY HO99O9 folds
Djimti folds
P1xel7 raises 15576 to 15976 and is all-in
Sugoooi folds
P1xel7 collected 16676 from pot
*** SUMMARY ***
Total pot 16676 | No rake
Seat 4: P1xel7 (small blind) won 16676


Winamax Poker - Tournament "WESTERN" buyIn: 0.90€ + 0.10€ level: 5 - HandId: #3112689500946432058-38-1703623263 - Holdem no limit (50/200/400) - 2023/12/26 20:41:03 UTC
Table: 'WESTERN(724729500)#057' 6-max (real money) Seat #4 is the button
Seat 1: Bet-Rus-Sama (34928, 0.45€ bounty)
Seat 2: RoCKY HO99O9 (19950, 0.45€ bounty)
Seat 3: Djimti (30409, 0.67€ bounty)
Seat 4: P1xel7 (16676, 0.45€ bounty)
Seat 5: Sugoooi (7466, 0.45€ bounty)
Seat 6: MrGuezzTwich (30437, 0.45€ bounty)
*** ANTE/BLINDS ***
Sugoooi posts ante 50
MrGuezzTwich posts ante 50
Bet-Rus-Sama posts ante 50
RoCKY HO99O9 posts ante 50
Djimti posts ante 50
P1xel7 posts ante 50
Sugoooi posts small blind 200
MrGuezzTwich posts big blind 400
Dealt to P1xel7 [9c 2s]
*** PRE-FLOP *** 
Bet-Rus-Sama folds
RoCKY HO99O9 folds
Djimti folds
P1xel7 folds
Sugoooi folds
MrGuezzTwich collected 900 from pot
*** SUMMARY ***
Total pot 900 | No rake
Seat 6: MrGuezzTwich (big blind) won 900


Winamax Poker - Tournament "WESTERN" buyIn: 0.90€ + 0.10€ level: 5 - HandId: #3112689500946432058-39-1703623284 - Holdem no limit (50/200/400) - 2023/12/26 20:41:24 UTC
Table: 'WESTERN(724729500)#057' 6-max (real money) Seat #5 is the button
Seat 1: Bet-Rus-Sama (34878, 0.45€ bounty)
Seat 2: RoCKY HO99O9 (19900, 0.45€ bounty)
Seat 3: Djimti (30359, 0.67€ bounty)
Seat 4: P1xel7 (16626, 0.45€ bounty)
Seat 5: Sugoooi (7216, 0.45€ bounty)
Seat 6: MrGuezzTwich (30887, 0.45€ bounty)
*** ANTE/BLINDS ***
MrGuezzTwich posts ante 50
Bet-Rus-Sama posts ante 50
RoCKY HO99O9 posts ante 50
Djimti posts ante 50
P1xel7 posts ante 50
Sugoooi posts ante 50
MrGuezzTwich posts small blind 200
Bet-Rus-Sama posts big blind 400
Dealt to P1xel7 [Qc Td]
*** PRE-FLOP *** 
RoCKY HO99O9 folds
Djimti folds
P1xel7 raises 600 to 1000
Sugoooi folds
MrGuezzTwich folds
Bet-Rus-Sama folds
P1xel7 collected 1900 from pot
*** SUMMARY ***
Total pot 1900 | No rake
Seat 4: P1xel7 won 1900


Winamax Poker - Tournament "WESTERN" buyIn: 0.90€ + 0.10€ level: 5 - HandId: #3112689500946432058-40-1703623312 - Holdem no limit (50/200/400) - 2023/12/26 20:41:52 UTC
Table: 'WESTERN(724729500)#057' 6-max (real money) Seat #6 is the button
Seat 1: Bet-Rus-Sama (34428, 0.45€ bounty)
Seat 2: RoCKY HO99O9 (19850, 0.45€ bounty)
Seat 3: Djimti (30309, 0.67€ bounty)
Seat 4: P1xel7 (17476, 0.45€ bounty)
Seat 5: Sugoooi (7166, 0.45€ bounty)
Seat 6: MrGuezzTwich (30637, 0.45€ bounty)
*** ANTE/BLINDS ***
Bet-Rus-Sama posts ante 50
RoCKY HO99O9 posts ante 50
Djimti posts ante 50
P1xel7 posts ante 50
Sugoooi posts ante 50
MrGuezzTwich posts ante 50
Bet-Rus-Sama posts small blind 200
RoCKY HO99O9 posts big blind 400
Dealt to P1xel7 [6s Qd]
*** PRE-FLOP *** 
Djimti folds
P1xel7 folds
Sugoooi folds
MrGuezzTwich raises 400 to 800
Bet-Rus-Sama folds
RoCKY HO99O9 calls 400
*** FLOP *** [4c Ts 3h]
RoCKY HO99O9 checks
MrGuezzTwich checks
*** TURN *** [4c Ts 3h][5d]
RoCKY HO99O9 checks
MrGuezzTwich checks
*** RIVER *** [4c Ts 3h 5d][6d]
RoCKY HO99O9 bets 1785
MrGuezzTwich folds
RoCKY HO99O9 collected 3885 from pot
*** SUMMARY ***
Total pot 3885 | No rake
Board: [4c Ts 3h 5d 6d]
Seat 2: RoCKY HO99O9 (big blind) won 3885


Winamax Poker - Tournament "WESTERN" buyIn: 0.90€ + 0.10€ level: 5 - HandId: #3112689500946432058-41-1703623356 - Holdem no limit (50/200/400) - 2023/12/26 20:42:36 UTC
Table: 'WESTERN(724729500)#057' 6-max (real money) Seat #1 is the button
Seat 1: Bet-Rus-Sama (34178, 0.45€ bounty)
Seat 2: RoCKY HO99O9 (21100, 0.45€ bounty)
Seat 3: Djimti (30259, 0.67€ bounty)
Seat 4: P1xel7 (17426, 0.45€ bounty)
Seat 5: Sugoooi (7116, 0.45€ bounty)
Seat 6: MrGuezzTwich (29787, 0.45€ bounty)
*** ANTE/BLINDS ***
RoCKY HO99O9 posts ante 50
Djimti posts ante 50
Bet-Rus-Sama posts ante 50
P1xel7 posts ante 50
Sugoooi posts ante 50
MrGuezzTwich posts ante 50
RoCKY HO99O9 posts small blind 200
Djimti posts big blind 400
Dealt to P1xel7 [2s 7d]
*** PRE-FLOP *** 
P1xel7 folds
Sugoooi raises 6666 to 7066 and is all-in
MrGuezzTwich folds
Bet-Rus-Sama folds
RoCKY HO99O9 folds
Djimti folds
Sugoooi collected 7966 from pot
*** SUMMARY ***
Total pot 7966 | No rake
Seat 5: Sugoooi won 7966


Winamax Poker - Tournament "WESTERN" buyIn: 0.90€ + 0.10€ level: 5 - HandId: #3112689500946432058-42-1703623398 - Holdem no limit (50/200/400) - 2023/12/26 20:43:18 UTC
Table: 'WESTERN(724729500)#057' 6-max (real money) Seat #2 is the button
Seat 1: Bet-Rus-Sama (34128, 0.45€ bounty)
Seat 2: RoCKY HO99O9 (20850, 0.45€ bounty)
Seat 3: Djimti (29809, 0.67€ bounty)
Seat 4: P1xel7 (17376, 0.45€ bounty)
Seat 5: Sugoooi (7966, 0.45€ bounty)
Seat 6: MrGuezzTwich (29737, 0.45€ bounty)
*** ANTE/BLINDS ***
Djimti posts ante 50
P1xel7 posts ante 50
Bet-Rus-Sama posts ante 50
RoCKY HO99O9 posts ante 50
Sugoooi posts ante 50
MrGuezzTwich posts ante 50
Djimti posts small blind 200
P1xel7 posts big blind 400
Dealt to P1xel7 [3d 6c]
*** PRE-FLOP *** 
Sugoooi folds
MrGuezzTwich folds
Bet-Rus-Sama folds
RoCKY HO99O9 raises 400 to 800
Djimti calls 600
P1xel7 folds
*** FLOP *** [9s 4d 4c]
Djimti checks
RoCKY HO99O9 bets 920
Djimti folds
RoCKY HO99O9 collected 3220 from pot
*** SUMMARY ***
Total pot 3220 | No rake
Board: [9s 4d 4c]
Seat 2: RoCKY HO99O9 (button) won 3220


Winamax Poker - Tournament "WESTERN" buyIn: 0.90€ + 0.10€ level: 5 - HandId: #3112689500946432058-43-1703623435 - Holdem no limit (50/200/400) - 2023/12/26 20:43:55 UTC
Table: 'WESTERN(724729500)#057' 6-max (real money) Seat #3 is the button
Seat 1: Bet-Rus-Sama (34078, 0.45€ bounty)
Seat 2: RoCKY HO99O9 (22300, 0.45€ bounty)
Seat 3: Djimti (28959, 0.67€ bounty)
Seat 4: P1xel7 (16926, 0.45€ bounty)
Seat 5: Sugoooi (7916, 0.45€ bounty)
*** ANTE/BLINDS ***
P1xel7 posts ante 50
Sugoooi posts ante 50
Bet-Rus-Sama posts ante 50
RoCKY HO99O9 posts ante 50
Djimti posts ante 50
P1xel7 posts small blind 200
Sugoooi posts big blind 400
Dealt to P1xel7 [2h 8c]
*** PRE-FLOP *** 
Bet-Rus-Sama folds
RoCKY HO99O9 folds
Djimti folds
P1xel7 folds
Sugoooi collected 850 from pot
*** SUMMARY ***
Total pot 850 | No rake
Seat 5: Sugoooi (big blind) won 850


Winamax Poker - Tournament "WESTERN" buyIn: 0.90€ + 0.10€ level: 5 - HandId: #3112689500946432058-44-1703623448 - Holdem no limit (50/200/400) - 2023/12/26 20:44:08 UTC
Table: 'WESTERN(724729500)#057' 6-max (real money) Seat #4 is the button
Seat 1: Bet-Rus-Sama (34028, 0.45€ bounty)
Seat 2: RoCKY HO99O9 (22250, 0.45€ bounty)
Seat 3: Djimti (28909, 0.67€ bounty)
Seat 4: P1xel7 (16676, 0.45€ bounty)
Seat 5: Sugoooi (8316, 0.45€ bounty)
*** ANTE/BLINDS ***
Sugoooi posts ante 50
Bet-Rus-Sama posts ante 50
RoCKY HO99O9 posts ante 50
Djimti posts ante 50
P1xel7 posts ante 50
Sugoooi posts small blind 200
Bet-Rus-Sama posts big blind 400
Dealt to P1xel7 [Kd Ks]
*** PRE-FLOP *** 
RoCKY HO99O9 raises 400 to 800
Djimti folds
P1xel7 calls 800
Sugoooi folds
Bet-Rus-Sama folds
*** FLOP *** [3h Kc 5h]
RoCKY HO99O9 bets 980
P1xel7 calls 980
*** TURN *** [3h Kc 5h][Kh]
RoCKY HO99O9 checks
P1xel7 checks
*** RIVER *** [3h Kc 5h Kh][5c]
RoCKY HO99O9 checks
P1xel7 bets 2205
RoCKY HO99O9 folds
P1xel7 collected 6615 from pot
*** SUMMARY ***
Total pot 6615 | No rake
Board: [3h Kc 5h Kh 5c]
Seat 4: P1xel7 (button) won 6615


Winamax Poker - Tournament "WESTERN" buyIn: 0.90€ + 0.10€ level: 6 - HandId: #3112689500946432058-45-1703623517 - Holdem no limit (60/250/500) - 2023/12/26 20:45:17 UTC
Table: 'WESTERN(724729500)#057' 6-max (real money) Seat #5 is the button
Seat 1: Bet-Rus-Sama (33578, 0.45€ bounty)
Seat 2: RoCKY HO99O9 (20420, 0.45€ bounty)
Seat 3: Djimti (28859, 0.67€ bounty)
Seat 4: P1xel7 (19256, 0.45€ bounty)
Seat 5: Sugoooi (8066, 0.45€ bounty)
*** ANTE/BLINDS ***
Bet-Rus-Sama posts ante 60
RoCKY HO99O9 posts ante 60
Djimti posts ante 60
P1xel7 posts ante 60
Sugoooi posts ante 60
Bet-Rus-Sama posts small blind 250
RoCKY HO99O9 posts big blind 500
Dealt to P1xel7 [Qh Ac]
*** PRE-FLOP *** 
Djimti folds
P1xel7 raises 750 to 1250
Sugoooi raises 6756 to 8006 and is all-in
Bet-Rus-Sama raises 25512 to 33518 and is all-in
RoCKY HO99O9 folds
P1xel7 folds
*** FLOP *** [6h Qd 4d]
*** TURN *** [6h Qd 4d][Qc]
*** RIVER *** [6h Qd 4d Qc][Kc]
*** SHOW DOWN ***
Bet-Rus-Sama shows [Jh Jc] (Two pairs : Queens and Jacks)
Sugoooi shows [Kd Kh] (Full of Kings and Queens)
Sugoooi collected 18062 from main pot
Bet-Rus-Sama collected 25512 from side pot 1
*** SUMMARY ***
Total pot 43574 | No rake
Board: [6h Qd 4d Qc Kc]
Seat 1: Bet-Rus-Sama (small blind) showed [Jh Jc] and won 25512 with Two pairs : Queens and Jacks
Seat 5: Sugoooi (button) showed [Kd Kh] and won 18062 with Full of Kings and Queens


Winamax Poker - Tournament "WESTERN" buyIn: 0.90€ + 0.10€ level: 6 - HandId: #3112689500946432058-46-1703623559 - Holdem no limit (60/250/500) - 2023/12/26 20:45:59 UTC
Table: 'WESTERN(724729500)#057' 6-max (real money) Seat #1 is the button
Seat 1: Bet-Rus-Sama (25512, 0.45€ bounty)
Seat 2: RoCKY HO99O9 (19860, 0.45€ bounty)
Seat 3: Djimti (28799, 0.67€ bounty)
Seat 4: P1xel7 (17946, 0.45€ bounty)
Seat 5: Sugoooi (18062, 0.45€ bounty)
*** ANTE/BLINDS ***
RoCKY HO99O9 posts ante 60
Djimti posts ante 60
Bet-Rus-Sama posts ante 60
P1xel7 posts ante 60
Sugoooi posts ante 60
RoCKY HO99O9 posts small blind 250
Djimti posts big blind 500
Dealt to P1xel7 [9c Ad]
*** PRE-FLOP *** 
P1xel7 folds
Sugoooi folds
Bet-Rus-Sama raises 500 to 1000
RoCKY HO99O9 folds
Djimti folds
Bet-Rus-Sama collected 2050 from pot
*** SUMMARY ***
Total pot 2050 | No rake
Seat 1: Bet-Rus-Sama (button) won 2050


Winamax Poker - Tournament "WESTERN" buyIn: 0.90€ + 0.10€ level: 6 - HandId: #3112689500946432058-47-1703623586 - Holdem no limit (60/250/500) - 2023/12/26 20:46:26 UTC
Table: 'WESTERN(724729500)#057' 6-max (real money) Seat #2 is the button
Seat 1: Bet-Rus-Sama (26502, 0.45€ bounty)
Seat 2: RoCKY HO99O9 (19550, 0.45€ bounty)
Seat 3: Djimti (28239, 0.67€ bounty)
Seat 4: P1xel7 (17886, 0.45€ bounty)
Seat 5: Sugoooi (18002, 0.45€ bounty)
*** ANTE/BLINDS ***
Djimti posts ante 60
P1xel7 posts ante 60
Bet-Rus-Sama posts ante 60
RoCKY HO99O9 posts ante 60
Sugoooi posts ante 60
Djimti posts small blind 250
P1xel7 posts big blind 500
Dealt to P1xel7 [6s As]
*** PRE-FLOP *** 
Sugoooi raises 600 to 1100
Bet-Rus-Sama folds
RoCKY HO99O9 raises 2920 to 4020
Djimti folds
P1xel7 folds
Sugoooi calls 2920
*** FLOP *** [7d 2h Jd]
Sugoooi checks
RoCKY HO99O9 bets 3295
Sugoooi calls 3295
*** TURN *** [7d 2h Jd][Qc]
Sugoooi checks
RoCKY HO99O9 checks
*** RIVER *** [7d 2h Jd Qc][Kh]
Sugoooi bets 7000
RoCKY HO99O9 folds
Sugoooi collected 22680 from pot
*** SUMMARY ***
Total pot 22680 | No rake
Board: [7d 2h Jd Qc Kh]
Seat 5: Sugoooi won 22680


Winamax Poker - Tournament "WESTERN" buyIn: 0.90€ + 0.10€ level: 6 - HandId: #3112689500946432058-48-1703623708 - Holdem no limit (60/250/500) - 2023/12/26 20:48:28 UTC
Table: 'WESTERN(724729500)#057' 6-max (real money) Seat #3 is the button
Seat 1: Bet-Rus-Sama (26442, 0.45€ bounty)
Seat 2: RoCKY HO99O9 (12175, 0.45€ bounty)
Seat 3: Djimti (27929, 0.67€ bounty)
Seat 4: P1xel7 (17326, 0.45€ bounty)
Seat 5: Sugoooi (26307, 0.45€ bounty)
Seat 6: Mouims (20000, 0.45€ bounty)
*** ANTE/BLINDS ***
P1xel7 posts ante 60
Sugoooi posts ante 60
Bet-Rus-Sama posts ante 60
RoCKY HO99O9 posts ante 60
Djimti posts ante 60
Mouims posts ante 60
P1xel7 posts small blind 250
Sugoooi posts big blind 500
Dealt to P1xel7 [4h 8c]
*** PRE-FLOP *** 
Mouims calls 500
Bet-Rus-Sama folds
RoCKY HO99O9 folds
Djimti folds
P1xel7 folds
Sugoooi raises 1500 to 2000
Mouims calls 1500
*** FLOP *** [3h 8s Td]
Sugoooi bets 2000
Mouims calls 2000
*** TURN *** [3h 8s Td][Qh]
Sugoooi bets 4500
Mouims calls 4500
*** RIVER *** [3h 8s Td Qh][4d]
Sugoooi bets 17610
Mouims calls 11440 and is all-in
*** SHOW DOWN ***
Sugoooi shows [Tc Ad] (One pair : Tens)
Mouims shows [6d Qc] (One pair : Queens)
Mouims collected 40490 from main pot
Sugoooi collected 6170 from side pot 1
*** SUMMARY ***
Total pot 46660 | No rake
Board: [3h 8s Td Qh 4d]
Seat 5: Sugoooi (big blind) showed [Tc Ad] and won 6170 with One pair : Tens
Seat 6: Mouims showed [6d Qc] and won 40490 with One pair : Queens


Winamax Poker - Tournament "WESTERN" buyIn: 0.90€ + 0.10€ level: 6 - HandId: #3112689500946432058-49-1703623814 - Holdem no limit (60/250/500) - 2023/12/26 20:50:14 UTC
Table: 'WESTERN(724729500)#057' 6-max (real money) Seat #4 is the button
Seat 1: Bet-Rus-Sama (26382, 0.45€ bounty)
Seat 2: RoCKY HO99O9 (12115, 0.45€ bounty)
Seat 3: Djimti (27869, 0.67€ bounty)
Seat 4: P1xel7 (17016, 0.45€ bounty)
Seat 5: Sugoooi (6307, 0.45€ bounty)
Seat 6: Mouims (40490, 0.45€ bounty)
*** ANTE/BLINDS ***
Sugoooi posts ante 60
Mouims posts ante 60
Bet-Rus-Sama posts ante 60
RoCKY HO99O9 posts ante 60
Djimti posts ante 60
P1xel7 posts ante 60
Sugoooi posts small blind 250
Mouims posts big blind 500
Dealt to P1xel7 [Kc Td]
*** PRE-FLOP *** 
Bet-Rus-Sama raises 500 to 1000
RoCKY HO99O9 folds
Djimti raises 1500 to 2500
P1xel7 folds
Sugoooi folds
Mouims calls 2000
Bet-Rus-Sama calls 1500
*** FLOP *** [Jc Ks 3c]
Mouims bets 1010
Bet-Rus-Sama folds
Djimti raises 2889 to 3899
Mouims calls 2889
*** TURN *** [Jc Ks 3c][5d]
Mouims bets 500
Djimti raises 10815 to 11315
Mouims folds
Djimti collected 27723 from pot
*** SUMMARY ***
Total pot 27723 | No rake
Board: [Jc Ks 3c 5d]
Seat 3: Djimti won 27723


Winamax Poker - Tournament "WESTERN" buyIn: 0.90€ + 0.10€ level: 7 - HandId: #3112689500946432058-50-1703623902 - Holdem no limit (70/300/600) - 2023/12/26 20:51:42 UTC
Table: 'WESTERN(724729500)#057' 6-max (real money) Seat #5 is the button
Seat 1: Bet-Rus-Sama (23822, 0.45€ bounty)
Seat 2: RoCKY HO99O9 (12055, 0.45€ bounty)
Seat 3: Djimti (37818, 0.67€ bounty)
Seat 4: P1xel7 (16956, 0.45€ bounty)
Seat 5: Sugoooi (5997, 0.45€ bounty)
Seat 6: Mouims (33531, 0.45€ bounty)
*** ANTE/BLINDS ***
Mouims posts ante 70
Bet-Rus-Sama posts ante 70
RoCKY HO99O9 posts ante 70
Djimti posts ante 70
P1xel7 posts ante 70
Sugoooi posts ante 70
Mouims posts small blind 300
Bet-Rus-Sama posts big blind 600
Dealt to P1xel7 [5c 3s]
*** PRE-FLOP *** 
RoCKY HO99O9 raises 600 to 1200
Djimti folds
P1xel7 folds
Sugoooi folds
Mouims raises 3420 to 4620
Bet-Rus-Sama folds
RoCKY HO99O9 raises 7365 to 11985 and is all-in
Mouims calls 7365
*** FLOP *** [3h 3c As]
*** TURN *** [3h 3c As][7h]
*** RIVER *** [3h 3c As 7h][6d]
*** SHOW DOWN ***
RoCKY HO99O9 shows [Ks Ad] (Two pairs : Aces and 3)
Mouims shows [6s Ah] (Two pairs : Aces and 6)
Mouims collected 24990 from pot
*** SUMMARY ***
Total pot 24990 | No rake
Board: [3h 3c As 7h 6d]
Seat 2: RoCKY HO99O9 showed [Ks Ad] and lost with Two pairs : Aces and 3
Seat 6: Mouims (small blind) showed [6s Ah] and won 24990 with Two pairs : Aces and 6


Winamax Poker - Tournament "WESTERN" buyIn: 0.90€ + 0.10€ level: 7 - HandId: #3112689500946432058-51-1703623959 - Holdem no limit (70/300/600) - 2023/12/26 20:52:39 UTC
Table: 'WESTERN(724729500)#057' 6-max (real money) Seat #6 is the button
Seat 1: Bet-Rus-Sama (23152, 0.45€ bounty)
Seat 3: Djimti (37748, 0.67€ bounty)
Seat 4: P1xel7 (16886, 0.45€ bounty)
Seat 5: Sugoooi (5927, 0.45€ bounty)
Seat 6: Mouims (46466, 0.67€ bounty)
*** ANTE/BLINDS ***
Bet-Rus-Sama posts ante 70
Djimti posts ante 70
P1xel7 posts ante 70
Sugoooi posts ante 70
Mouims posts ante 70
Bet-Rus-Sama posts small blind 300
Djimti posts big blind 600
Dealt to P1xel7 [6c 3s]
*** PRE-FLOP *** 
P1xel7 folds
Sugoooi folds
Mouims raises 600 to 1200
Bet-Rus-Sama raises 21882 to 23082 and is all-in
Djimti folds
Mouims calls 21882
*** FLOP *** [5h 6h 5d]
*** TURN *** [5h 6h 5d][Kc]
*** RIVER *** [5h 6h 5d Kc][Ts]
*** SHOW DOWN ***
Mouims shows [7d Kh] (Two pairs : Kings and 5)
Bet-Rus-Sama shows [Kd Ad] (Two pairs : Kings and 5)
Bet-Rus-Sama collected 47114 from pot
*** SUMMARY ***
Total pot 47114 | No rake
Board: [5h 6h 5d Kc Ts]
Seat 1: Bet-Rus-Sama (small blind) showed [Kd Ad] and won 47114 with Two pairs : Kings and 5
Seat 6: Mouims (button) showed [7d Kh] and lost with Two pairs : Kings and 5


Winamax Poker - Tournament "WESTERN" buyIn: 0.90€ + 0.10€ level: 7 - HandId: #3112689500946432058-52-1703624017 - Holdem no limit (70/300/600) - 2023/12/26 20:53:37 UTC
Table: 'WESTERN(724729500)#057' 6-max (real money) Seat #1 is the button
Seat 1: Bet-Rus-Sama (47114, 0.45€ bounty)
Seat 2: yaoucth (20000, 0.45€ bounty)
Seat 3: Djimti (37078, 0.67€ bounty)
Seat 4: P1xel7 (16816, 0.45€ bounty)
Seat 5: Sugoooi (5857, 0.45€ bounty)
Seat 6: Mouims (23314, 0.67€ bounty)
*** ANTE/BLINDS ***
Djimti posts ante 70
P1xel7 posts ante 70
Bet-Rus-Sama posts ante 70
Sugoooi posts ante 70
Mouims posts ante 70
Djimti posts small blind 300
P1xel7 posts big blind 600
Dealt to P1xel7 [5c 4d]
*** PRE-FLOP *** 
Sugoooi folds
Mouims calls 600
Bet-Rus-Sama folds
Djimti calls 300
P1xel7 checks
*** FLOP *** [6h Qh Qs]
Djimti checks
P1xel7 checks
Mouims checks
*** TURN *** [6h Qh Qs][8s]
Djimti bets 1398
P1xel7 folds
Mouims folds
Djimti collected 3548 from pot
*** SUMMARY ***
Total pot 3548 | No rake
Board: [6h Qh Qs 8s]
Seat 3: Djimti (small blind) won 3548


Winamax Poker - Tournament "WESTERN" buyIn: 0.90€ + 0.10€ level: 7 - HandId: #3112689500946432058-53-1703624461 - Holdem no limit (70/300/600) - 2023/12/26 21:01:01 UTC
Table: 'WESTERN(724729500)#057' 6-max (real money) Seat #3 is the button
Seat 1: Bet-Rus-Sama (47044, 0.45€ bounty)
Seat 2: yaoucth (20000, 0.45€ bounty)
Seat 3: Djimti (38558, 0.67€ bounty)
Seat 4: P1xel7 (16146, 0.45€ bounty)
Seat 5: Sugoooi (5787, 0.45€ bounty)
Seat 6: Mouims (22644, 0.67€ bounty)
*** ANTE/BLINDS ***
P1xel7 posts ante 70
Sugoooi posts ante 70
Bet-Rus-Sama posts ante 70
yaoucth posts ante 70
Djimti posts ante 70
Mouims posts ante 70
P1xel7 posts small blind 300
Sugoooi posts big blind 600
Dealt to P1xel7 [Js 7c]
*** PRE-FLOP *** 
Mouims raises 1920 to 2520
Bet-Rus-Sama folds
yaoucth calls 2520
Djimti folds
P1xel7 folds
Sugoooi folds
*** FLOP *** [9d Th 2s]
Mouims checks
yaoucth bets 6360
Mouims raises 13694 to 20054 and is all-in
yaoucth calls 11050 and is all-in
*** TURN *** [9d Th 2s][6s]
*** RIVER *** [9d Th 2s 6s][Ts]
*** SHOW DOWN ***
yaoucth shows [5d Ac] (One pair : Tens)
Mouims shows [Kh Td] (Trips of Tens)
Mouims collected 43824 from pot
*** SUMMARY ***
Total pot 43824 | No rake
Board: [9d Th 2s 6s Ts]
Seat 2: yaoucth showed [5d Ac] and lost with One pair : Tens
Seat 6: Mouims showed [Kh Td] and won 43824 with Trips of Tens


Winamax Poker - Tournament "WESTERN" buyIn: 0.90€ + 0.10€ level: 7 - HandId: #3112689500946432058-54-1703624512 - Holdem no limit (70/300/600) - 2023/12/26 21:01:52 UTC
Table: 'WESTERN(724729500)#057' 6-max (real money) Seat #4 is the button
Seat 1: Bet-Rus-Sama (46974, 0.45€ bounty)
Seat 3: Djimti (38488, 0.67€ bounty)
Seat 4: P1xel7 (15776, 0.45€ bounty)
Seat 5: Sugoooi (5117, 0.45€ bounty)
Seat 6: Mouims (43824, 0.89€ bounty)
*** ANTE/BLINDS ***
Sugoooi posts ante 70
Mouims posts ante 70
Bet-Rus-Sama posts ante 70
Djimti posts ante 70
P1xel7 posts ante 70
Sugoooi posts small blind 300
Mouims posts big blind 600
Dealt to P1xel7 [5c Qc]
*** PRE-FLOP *** 
Bet-Rus-Sama folds
Djimti folds
P1xel7 folds
Sugoooi folds
Mouims collected 1250 from pot
*** SUMMARY ***
Total pot 1250 | No rake
Seat 6: Mouims (big blind) won 1250


Winamax Poker - Tournament "WESTERN" buyIn: 0.90€ + 0.10€ level: 7 - HandId: #3112689500946432058-55-1703624534 - Holdem no limit (70/300/600) - 2023/12/26 21:02:14 UTC
Table: 'WESTERN(724729500)#057' 6-max (real money) Seat #5 is the button
Seat 1: Bet-Rus-Sama (46904, 0.45€ bounty)
Seat 2: Lorente99 (20000, 0.45€ bounty)
Seat 3: Djimti (38418, 0.67€ bounty)
Seat 4: P1xel7 (15706, 0.45€ bounty)
Seat 5: Sugoooi (4747, 0.45€ bounty)
Seat 6: Mouims (44404, 0.89€ bounty)
*** ANTE/BLINDS ***
Mouims posts ante 70
Bet-Rus-Sama posts ante 70
Lorente99 posts ante 70
Djimti posts ante 70
P1xel7 posts ante 70
Sugoooi posts ante 70
Mouims posts small blind 300
Bet-Rus-Sama posts big blind 600
Dealt to P1xel7 [4d 6h]
*** PRE-FLOP *** 
Lorente99 raises 660 to 1260
Djimti folds
P1xel7 folds
Sugoooi folds
Mouims calls 960
Bet-Rus-Sama folds
*** FLOP *** [Jc 6s 4c]
Mouims checks
Lorente99 bets 708
Mouims raises 4956 to 5664
Lorente99 folds
Mouims collected 9912 from pot
*** SUMMARY ***
Total pot 9912 | No rake
Board: [Jc 6s 4c]
Seat 6: Mouims (small blind) won 9912


Winamax Poker - Tournament "WESTERN" buyIn: 0.90€ + 0.10€ level: 8 - HandId: #3112689500946432058-56-1703624618 - Holdem no limit (80/350/700) - 2023/12/26 21:03:38 UTC
Table: 'WESTERN(724729500)#057' 6-max (real money) Seat #6 is the button
Seat 1: Bet-Rus-Sama (46234, 0.45€ bounty)
Seat 2: Lorente99 (17962, 0.45€ bounty)
Seat 3: Djimti (38348, 0.67€ bounty)
Seat 4: P1xel7 (15636, 0.45€ bounty)
Seat 5: Sugoooi (4677, 0.45€ bounty)
Seat 6: Mouims (47322, 0.89€ bounty)
*** ANTE/BLINDS ***
Bet-Rus-Sama posts ante 80
Lorente99 posts ante 80
Djimti posts ante 80
P1xel7 posts ante 80
Sugoooi posts ante 80
Mouims posts ante 80
Bet-Rus-Sama posts small blind 350
Lorente99 posts big blind 700
Dealt to P1xel7 [Ad 2c]
*** PRE-FLOP *** 
Djimti folds
P1xel7 folds
Sugoooi raises 3897 to 4597 and is all-in
Mouims calls 4597
Bet-Rus-Sama folds
Lorente99 folds
*** FLOP *** [9h 3s 7d]
*** TURN *** [9h 3s 7d][2s]
*** RIVER *** [9h 3s 7d 2s][Qd]
*** SHOW DOWN ***
Sugoooi shows [5h Qh] (One pair : Queens)
Mouims shows [2d 9d] (Two pairs : 9 and 2)
Mouims collected 10724 from pot
*** SUMMARY ***
Total pot 10724 | No rake
Board: [9h 3s 7d 2s Qd]
Seat 5: Sugoooi showed [5h Qh] and lost with One pair : Queens
Seat 6: Mouims (button) showed [2d 9d] and won 10724 with Two pairs : 9 and 2


Winamax Poker - Tournament "WESTERN" buyIn: 0.90€ + 0.10€ level: 8 - HandId: #3112689500946432058-57-1703624662 - Holdem no limit (80/350/700) - 2023/12/26 21:04:22 UTC
Table: 'WESTERN(724729500)#057' 6-max (real money) Seat #1 is the button
Seat 1: Bet-Rus-Sama (45804, 0.45€ bounty)
Seat 2: Lorente99 (17182, 0.45€ bounty)
Seat 3: Djimti (38268, 0.67€ bounty)
Seat 4: P1xel7 (15556, 0.45€ bounty)
Seat 6: Mouims (53369, 1.11€ bounty)
*** ANTE/BLINDS ***
Lorente99 posts ante 80
Djimti posts ante 80
Bet-Rus-Sama posts ante 80
P1xel7 posts ante 80
Mouims posts ante 80
Lorente99 posts small blind 350
Djimti posts big blind 700
Dealt to P1xel7 [6h Ad]
*** PRE-FLOP *** 
P1xel7 folds
Mouims calls 700
Bet-Rus-Sama folds
Lorente99 calls 350
Djimti checks
*** FLOP *** [Ah 8s 9d]
Lorente99 checks
Djimti checks
Mouims bets 2500
Lorente99 folds
Djimti calls 2500
*** TURN *** [Ah 8s 9d][5c]
Djimti checks
Mouims bets 7500
Djimti folds
Mouims collected 15000 from pot
*** SUMMARY ***
Total pot 15000 | No rake
Board: [Ah 8s 9d 5c]
Seat 6: Mouims won 15000


Winamax Poker - Tournament "WESTERN" buyIn: 0.90€ + 0.10€ level: 8 - HandId: #3112689500946432058-58-1703624730 - Holdem no limit (80/350/700) - 2023/12/26 21:05:30 UTC
Table: 'WESTERN(724729500)#057' 6-max (real money) Seat #2 is the button
Seat 1: Bet-Rus-Sama (45724, 0.45€ bounty)
Seat 2: Lorente99 (16402, 0.45€ bounty)
Seat 3: Djimti (34988, 0.67€ bounty)
Seat 4: P1xel7 (15476, 0.45€ bounty)
Seat 6: Mouims (57589, 1.11€ bounty)
*** ANTE/BLINDS ***
Djimti posts ante 80
P1xel7 posts ante 80
Bet-Rus-Sama posts ante 80
Lorente99 posts ante 80
Mouims posts ante 80
Djimti posts small blind 350
P1xel7 posts big blind 700
Dealt to P1xel7 [9h 8h]
*** PRE-FLOP *** 
Mouims calls 700
Bet-Rus-Sama folds
Lorente99 folds
Djimti calls 350
P1xel7 checks
*** FLOP *** [As 7s Kc]
Djimti checks
P1xel7 checks
Mouims checks
*** TURN *** [As 7s Kc][2s]
Djimti bets 1625
P1xel7 folds
Mouims calls 1625
*** RIVER *** [As 7s Kc 2s][4d]
Djimti bets 2875
Mouims folds
Djimti collected 8625 from pot
*** SUMMARY ***
Total pot 8625 | No rake
Board: [As 7s Kc 2s 4d]
Seat 3: Djimti (small blind) won 8625


Winamax Poker - Tournament "WESTERN" buyIn: 0.90€ + 0.10€ level: 8 - HandId: #3112689500946432058-59-1703624805 - Holdem no limit (80/350/700) - 2023/12/26 21:06:45 UTC
Table: 'WESTERN(724729500)#057' 6-max (real money) Seat #3 is the button
Seat 1: Bet-Rus-Sama (45644, 0.45€ bounty)
Seat 2: Lorente99 (16322, 0.45€ bounty)
Seat 3: Djimti (38333, 0.67€ bounty)
Seat 4: P1xel7 (14696, 0.45€ bounty)
Seat 6: Mouims (55184, 1.11€ bounty)
*** ANTE/BLINDS ***
P1xel7 posts ante 80
Mouims posts ante 80
Bet-Rus-Sama posts ante 80
Lorente99 posts ante 80
Djimti posts ante 80
P1xel7 posts small blind 350
Mouims posts big blind 700
Dealt to P1xel7 [Kd 9s]
*** PRE-FLOP *** 
Bet-Rus-Sama raises 1050 to 1750
Lorente99 folds
Djimti folds
P1xel7 folds
Mouims calls 1050
*** FLOP *** [2h 3h 5d]
Mouims bets 700
Bet-Rus-Sama calls 700
*** TURN *** [2h 3h 5d][Qh]
Mouims bets 2825
Bet-Rus-Sama folds
Mouims collected 8475 from pot
*** SUMMARY ***
Total pot 8475 | No rake
Board: [2h 3h 5d Qh]
Seat 6: Mouims (big blind) won 8475


Winamax Poker - Tournament "WESTERN" buyIn: 0.90€ + 0.10€ level: 8 - HandId: #3112689500946432058-60-1703624892 - Holdem no limit (80/350/700) - 2023/12/26 21:08:12 UTC
Table: 'WESTERN(724729500)#057' 6-max (real money) Seat #4 is the button
Seat 1: Bet-Rus-Sama (43114, 0.45€ bounty)
Seat 2: Lorente99 (16242, 0.45€ bounty)
Seat 3: Djimti (38253, 0.67€ bounty)
Seat 4: P1xel7 (14266, 0.45€ bounty)
Seat 5: Poker 35419 (20000, 0.45€ bounty)
Seat 6: Mouims (58304, 1.11€ bounty)
*** ANTE/BLINDS ***
Mouims posts ante 80
Bet-Rus-Sama posts ante 80
Lorente99 posts ante 80
Djimti posts ante 80
P1xel7 posts ante 80
Mouims posts small blind 350
Bet-Rus-Sama posts big blind 700
Dealt to P1xel7 [Ks 6d]
*** PRE-FLOP *** 
Lorente99 folds
Djimti folds
P1xel7 folds
Mouims calls 350
Bet-Rus-Sama checks
*** FLOP *** [Qc 9d 6s]
Mouims checks
Bet-Rus-Sama bets 700
Mouims calls 700
*** TURN *** [Qc 9d 6s][9c]
Mouims checks
Bet-Rus-Sama bets 2450
Mouims folds
Bet-Rus-Sama collected 5650 from pot
*** SUMMARY ***
Total pot 5650 | No rake
Board: [Qc 9d 6s 9c]
Seat 1: Bet-Rus-Sama (big blind) won 5650


Winamax Poker - Tournament "WESTERN" buyIn: 0.90€ + 0.10€ level: 9 - HandId: #3112689500946432058-61-1703624946 - Holdem no limit (100/400/800) - 2023/12/26 21:09:06 UTC
Table: 'WESTERN(724729500)#057' 6-max (real money) Seat #6 is the button
Seat 1: Bet-Rus-Sama (44834, 0.45€ bounty)
Seat 2: Lorente99 (16162, 0.45€ bounty)
Seat 3: Djimti (38173, 0.67€ bounty)
Seat 4: P1xel7 (14186, 0.45€ bounty)
Seat 5: Poker 35419 (20000, 0.45€ bounty)
Seat 6: Mouims (56824, 1.11€ bounty)
*** ANTE/BLINDS ***
Bet-Rus-Sama posts ante 100
Lorente99 posts ante 100
Djimti posts ante 100
P1xel7 posts ante 100
Poker 35419 posts ante 100
Mouims posts ante 100
Bet-Rus-Sama posts small blind 400
Lorente99 posts big blind 800
Dealt to P1xel7 [2s 5d]
*** PRE-FLOP *** 
Djimti raises 1000 to 1800
P1xel7 folds
Poker 35419 folds
Mouims raises 1000 to 2800
Bet-Rus-Sama folds
Lorente99 folds
Djimti calls 1000
*** FLOP *** [2d 7d Js]
Djimti checks
Mouims bets 7400
Djimti raises 27873 to 35273 and is all-in
Mouims calls 27873
*** TURN *** [2d 7d Js][Tc]
*** RIVER *** [2d 7d Js Tc][8s]
*** SHOW DOWN ***
Djimti shows [Qd Kd] (High card : King)
Mouims shows [8h 7h] (Two pairs : 8 and 7)
Mouims collected 77946 from pot
*** SUMMARY ***
Total pot 77946 | No rake
Board: [2d 7d Js Tc 8s]
Seat 3: Djimti showed [Qd Kd] and lost with High card : King
Seat 6: Mouims (button) showed [8h 7h] and won 77946 with Two pairs : 8 and 7


Winamax Poker - Tournament "WESTERN" buyIn: 0.90€ + 0.10€ level: 9 - HandId: #3112689500946432058-62-1703625005 - Holdem no limit (100/400/800) - 2023/12/26 21:10:05 UTC
Table: 'WESTERN(724729500)#057' 6-max (real money) Seat #1 is the button
Seat 1: Bet-Rus-Sama (44334, 0.45€ bounty)
Seat 2: Lorente99 (15262, 0.45€ bounty)
Seat 4: P1xel7 (14086, 0.45€ bounty)
Seat 5: Poker 35419 (19900, 0.45€ bounty)
Seat 6: Mouims (96597, 1.44€ bounty)
*** ANTE/BLINDS ***
Lorente99 posts ante 100
P1xel7 posts ante 100
Bet-Rus-Sama posts ante 100
Poker 35419 posts ante 100
Mouims posts ante 100
Lorente99 posts small blind 400
P1xel7 posts big blind 800
Dealt to P1xel7 [Jc Jd]
*** PRE-FLOP *** 
Poker 35419 raises 2500 to 3300
Mouims calls 3300
Bet-Rus-Sama folds
Lorente99 folds
P1xel7 raises 10686 to 13986 and is all-in
Poker 35419 folds
Mouims calls 10686
*** FLOP *** [7s Ks 2s]
*** TURN *** [7s Ks 2s][Qc]
*** RIVER *** [7s Ks 2s Qc][7h]
*** SHOW DOWN ***
Mouims shows [8h Ac] (One pair : 7)
P1xel7 shows [Jc Jd] (Two pairs : Jacks and 7)
P1xel7 collected 32172 from pot
*** SUMMARY ***
Total pot 32172 | No rake
Board: [7s Ks 2s Qc 7h]
Seat 4: P1xel7 (big blind) showed [Jc Jd] and won 32172 with Two pairs : Jacks and 7
Seat 6: Mouims showed [8h Ac] and lost with One pair : 7


Winamax Poker - Tournament "WESTERN" buyIn: 0.90€ + 0.10€ level: 9 - HandId: #3112689500946432058-63-1703625054 - Holdem no limit (100/400/800) - 2023/12/26 21:10:54 UTC
Table: 'WESTERN(724729500)#057' 6-max (real money) Seat #2 is the button
Seat 1: Bet-Rus-Sama (44234, 0.45€ bounty)
Seat 2: Lorente99 (14762, 0.45€ bounty)
Seat 3: Jager-bomb (20000, 0.45€ bounty)
Seat 4: P1xel7 (32172, 0.45€ bounty)
Seat 5: Poker 35419 (16500, 0.45€ bounty)
Seat 6: Mouims (82511, 1.44€ bounty)
*** ANTE/BLINDS ***
P1xel7 posts ante 100
Poker 35419 posts ante 100
Bet-Rus-Sama posts ante 100
Lorente99 posts ante 100
Mouims posts ante 100
P1xel7 posts small blind 400
Poker 35419 posts big blind 800
Dealt to P1xel7 [Jh 6c]
*** PRE-FLOP *** 
Mouims calls 800
Bet-Rus-Sama folds
Lorente99 folds
P1xel7 folds
Poker 35419 raises 2500 to 3300
Mouims folds
Poker 35419 collected 5000 from pot
*** SUMMARY ***
Total pot 5000 | No rake
Seat 5: Poker 35419 (big blind) won 5000


Winamax Poker - Tournament "WESTERN" buyIn: 0.90€ + 0.10€ level: 9 - HandId: #3112689500946432058-64-1703625099 - Holdem no limit (100/400/800) - 2023/12/26 21:11:39 UTC
Table: 'WESTERN(724729500)#057' 6-max (real money) Seat #4 is the button
Seat 1: Bet-Rus-Sama (44134, 0.45€ bounty)
Seat 2: Lorente99 (14662, 0.45€ bounty)
Seat 3: Jager-bomb (20000, 0.45€ bounty)
Seat 4: P1xel7 (31672, 0.45€ bounty)
Seat 5: Poker 35419 (18100, 0.45€ bounty)
Seat 6: Mouims (81611, 1.44€ bounty)
*** ANTE/BLINDS ***
Poker 35419 posts ante 100
Mouims posts ante 100
Bet-Rus-Sama posts ante 100
Lorente99 posts ante 100
Jager-bomb posts ante 100
P1xel7 posts ante 100
Poker 35419 posts small blind 400
Mouims posts big blind 800
Dealt to P1xel7 [2c Th]
*** PRE-FLOP *** 
Bet-Rus-Sama raises 1200 to 2000
Lorente99 folds
Jager-bomb folds
P1xel7 folds
Poker 35419 raises 5400 to 7400
Mouims folds
Bet-Rus-Sama calls 5400
*** FLOP *** [Qc 2h 5c]
Poker 35419 bets 10530
Bet-Rus-Sama calls 10530
*** TURN *** [Qc 2h 5c][7d]
Poker 35419 bets 70 and is all-in
Bet-Rus-Sama calls 70
*** RIVER *** [Qc 2h 5c 7d][9d]
*** SHOW DOWN ***
Bet-Rus-Sama shows [3c Ac] (High card : Ace)
Poker 35419 shows [5d 5h] (Trips of 5)
Poker 35419 collected 37400 from pot
*** SUMMARY ***
Total pot 37400 | No rake
Board: [Qc 2h 5c 7d 9d]
Seat 1: Bet-Rus-Sama showed [3c Ac] and lost with High card : Ace
Seat 5: Poker 35419 (small blind) showed [5d 5h] and won 37400 with Trips of 5


Winamax Poker - Tournament "WESTERN" buyIn: 0.90€ + 0.10€ level: 9 - HandId: #3112689500946432058-65-1703625143 - Holdem no limit (100/400/800) - 2023/12/26 21:12:23 UTC
Table: 'WESTERN(724729500)#057' 6-max (real money) Seat #5 is the button
Seat 1: Bet-Rus-Sama (26034, 0.45€ bounty)
Seat 2: Lorente99 (14562, 0.45€ bounty)
Seat 3: Jager-bomb (19900, 0.45€ bounty)
Seat 4: P1xel7 (31572, 0.45€ bounty)
Seat 5: Poker 35419 (37400, 0.45€ bounty)
Seat 6: Mouims (80711, 1.44€ bounty)
*** ANTE/BLINDS ***
Mouims posts ante 100
Bet-Rus-Sama posts ante 100
Lorente99 posts ante 100
Jager-bomb posts ante 100
P1xel7 posts ante 100
Poker 35419 posts ante 100
Mouims posts small blind 400
Bet-Rus-Sama posts big blind 800
Dealt to P1xel7 [5h 9c]
*** PRE-FLOP *** 
Lorente99 raises 800 to 1600
Jager-bomb folds
P1xel7 folds
Poker 35419 folds
Mouims calls 1200
Bet-Rus-Sama calls 800
*** FLOP *** [Tc 3d 6h]
Mouims checks
Bet-Rus-Sama checks
Lorente99 checks
*** TURN *** [Tc 3d 6h][6c]
Mouims bets 1350
Bet-Rus-Sama folds
Lorente99 folds
Mouims collected 6750 from pot
*** SUMMARY ***
Total pot 6750 | No rake
Board: [Tc 3d 6h 6c]
Seat 6: Mouims (small blind) won 6750


Winamax Poker - Tournament "WESTERN" buyIn: 0.90€ + 0.10€ level: 9 - HandId: #3112689500946432058-66-1703625222 - Holdem no limit (100/400/800) - 2023/12/26 21:13:42 UTC
Table: 'WESTERN(724729500)#057' 6-max (real money) Seat #6 is the button
Seat 1: Bet-Rus-Sama (24334, 0.45€ bounty)
Seat 2: Lorente99 (12862, 0.45€ bounty)
Seat 3: Jager-bomb (19800, 0.45€ bounty)
Seat 4: P1xel7 (31472, 0.45€ bounty)
Seat 5: Poker 35419 (37300, 0.45€ bounty)
Seat 6: Mouims (84411, 1.44€ bounty)
*** ANTE/BLINDS ***
Bet-Rus-Sama posts ante 100
Lorente99 posts ante 100
Jager-bomb posts ante 100
P1xel7 posts ante 100
Poker 35419 posts ante 100
Mouims posts ante 100
Bet-Rus-Sama posts small blind 400
Lorente99 posts big blind 800
Dealt to P1xel7 [As 7d]
*** PRE-FLOP *** 
Jager-bomb folds
P1xel7 folds
Poker 35419 calls 800
Mouims raises 1600 to 2400
Bet-Rus-Sama folds
Lorente99 folds
Poker 35419 folds
Mouims collected 5000 from pot
*** SUMMARY ***
Total pot 5000 | No rake
Seat 6: Mouims (button) won 5000


Winamax Poker - Tournament "WESTERN" buyIn: 0.90€ + 0.10€ level: 9 - HandId: #3112689500946432058-67-1703625259 - Holdem no limit (100/400/800) - 2023/12/26 21:14:19 UTC
Table: 'WESTERN(724729500)#057' 6-max (real money) Seat #1 is the button
Seat 1: Bet-Rus-Sama (23834, 0.45€ bounty)
Seat 2: Lorente99 (11962, 0.45€ bounty)
Seat 3: Jager-bomb (19700, 0.45€ bounty)
Seat 4: P1xel7 (31372, 0.45€ bounty)
Seat 5: Poker 35419 (36400, 0.45€ bounty)
Seat 6: Mouims (86911, 1.44€ bounty)
*** ANTE/BLINDS ***
Lorente99 posts ante 100
Jager-bomb posts ante 100
Bet-Rus-Sama posts ante 100
P1xel7 posts ante 100
Poker 35419 posts ante 100
Mouims posts ante 100
Lorente99 posts small blind 400
Jager-bomb posts big blind 800
Dealt to P1xel7 [Qs 8h]
*** PRE-FLOP *** 
P1xel7 folds
Poker 35419 folds
Mouims calls 800
Bet-Rus-Sama folds
Lorente99 raises 11062 to 11862 and is all-in
Jager-bomb raises 7738 to 19600 and is all-in
Mouims calls 18800
*** FLOP *** [7c Qc 2c]
*** TURN *** [7c Qc 2c][9h]
*** RIVER *** [7c Qc 2c 9h][8c]
*** SHOW DOWN ***
Lorente99 shows [Ah 8s] (One pair : 8)
Jager-bomb shows [Td Ad] (High card : Ace)
Mouims shows [2d 7d] (Two pairs : 7 and 2)
Mouims collected 51662 from pot
*** SUMMARY ***
Total pot 51662 | No rake
Board: [7c Qc 2c 9h 8c]
Seat 2: Lorente99 (small blind) showed [Ah 8s] and lost with One pair : 8
Seat 3: Jager-bomb (big blind) showed [Td Ad] and lost with High card : Ace
Seat 6: Mouims showed [2d 7d] and won 51662 with Two pairs : 7 and 2


Winamax Poker - Tournament "WESTERN" buyIn: 0.90€ + 0.10€ level: 10 - HandId: #3112689500946432058-68-1703625313 - Holdem no limit (120/500/1000) - 2023/12/26 21:15:13 UTC
Table: 'WESTERN(724729500)#057' 6-max (real money) Seat #2 is the button
Seat 1: Bet-Rus-Sama (23734, 0.45€ bounty)
Seat 4: P1xel7 (31272, 0.45€ bounty)
Seat 5: Poker 35419 (36300, 0.45€ bounty)
Seat 6: Mouims (118873, 1.88€ bounty)
*** ANTE/BLINDS ***
P1xel7 posts ante 120
Bet-Rus-Sama posts ante 120
Poker 35419 posts ante 120
Mouims posts ante 120
P1xel7 posts big blind 1000
Dealt to P1xel7 [5c 6d]
*** PRE-FLOP *** 
Poker 35419 calls 1000
Mouims raises 1000 to 2000
Bet-Rus-Sama folds
P1xel7 folds
Poker 35419 calls 1000
*** FLOP *** [2d 4d Qs]
Poker 35419 bets 5480
Mouims calls 5480
*** TURN *** [2d 4d Qs][Ah]
Poker 35419 bets 1000
Mouims raises 18440 to 19440
Poker 35419 calls 18440
*** RIVER *** [2d 4d Qs Ah][5d]
Poker 35419 checks
Mouims bets 13830
Poker 35419 calls 9260 and is all-in
*** SHOW DOWN ***
Poker 35419 shows [8h Qh] (One pair : Queens)
Mouims shows [8s As] (One pair : Aces)
Mouims collected 78410 from pot
*** SUMMARY ***
Total pot 78410 | No rake
Board: [2d 4d Qs Ah 5d]
Seat 5: Poker 35419 showed [8h Qh] and lost with One pair : Queens
Seat 6: Mouims showed [8s As] and won 78410 with One pair : Aces


Winamax Poker - Tournament "WESTERN" buyIn: 0.90€ + 0.10€ level: 10 - HandId: #3112689500946432058-69-1703625382 - Holdem no limit (120/500/1000) - 2023/12/26 21:16:22 UTC
Table: 'WESTERN(724729500)#057' 6-max (real money) Seat #3 is the button
Seat 1: Bet-Rus-Sama (23614, 0.45€ bounty)
Seat 3: SmAAvel (38619, 0.67€ bounty)
Seat 4: P1xel7 (30152, 0.45€ bounty)
Seat 6: Mouims (156413, 2.10€ bounty)
*** ANTE/BLINDS ***
P1xel7 posts ante 120
Mouims posts ante 120
Bet-Rus-Sama posts ante 120
P1xel7 posts small blind 500
Mouims posts big blind 1000
Dealt to P1xel7 [Tc Ac]
*** PRE-FLOP *** 
Bet-Rus-Sama raises 22494 to 23494 and is all-in
P1xel7 folds
Mouims folds
Bet-Rus-Sama collected 25354 from pot
*** SUMMARY ***
Total pot 25354 | No rake
Seat 1: Bet-Rus-Sama won 25354


Winamax Poker - Tournament "WESTERN" buyIn: 0.90€ + 0.10€ level: 10 - HandId: #3112689500946432058-70-1703625406 - Holdem no limit (120/500/1000) - 2023/12/26 21:16:46 UTC
Table: 'WESTERN(724729500)#057' 6-max (real money) Seat #4 is the button
Seat 1: Bet-Rus-Sama (25354, 0.45€ bounty)
Seat 2: Tahrqa175 (20000, 0.45€ bounty)
Seat 3: SmAAvel (38619, 0.67€ bounty)
Seat 4: P1xel7 (29532, 0.45€ bounty)
Seat 5: pyheros (19851, 0.67€ bounty)
Seat 6: Mouims (155293, 2.10€ bounty)
*** ANTE/BLINDS ***
Mouims posts ante 120
Bet-Rus-Sama posts ante 120
Tahrqa175 posts ante 120
SmAAvel posts ante 120
P1xel7 posts ante 120
Mouims posts small blind 500
Bet-Rus-Sama posts big blind 1000
Dealt to P1xel7 [9c 4h]
*** PRE-FLOP *** 
Tahrqa175 folds
SmAAvel folds
P1xel7 folds
Mouims raises 1000 to 2000
Bet-Rus-Sama folds
Mouims collected 3600 from pot
*** SUMMARY ***
Total pot 3600 | No rake
Seat 6: Mouims (small blind) won 3600


Winamax Poker - Tournament "WESTERN" buyIn: 0.90€ + 0.10€ level: 10 - HandId: #3112689500946432058-71-1703625425 - Holdem no limit (120/500/1000) - 2023/12/26 21:17:05 UTC
Table: 'WESTERN(724729500)#057' 6-max (real money) Seat #6 is the button
Seat 1: Bet-Rus-Sama (24234, 0.45€ bounty)
Seat 2: Tahrqa175 (19880, 0.45€ bounty)
Seat 3: SmAAvel (38499, 0.67€ bounty)
Seat 4: P1xel7 (29412, 0.45€ bounty)
Seat 5: pyheros (19851, 0.67€ bounty)
Seat 6: Mouims (156773, 2.10€ bounty)
*** ANTE/BLINDS ***
Bet-Rus-Sama posts ante 120
Tahrqa175 posts ante 120
SmAAvel posts ante 120
P1xel7 posts ante 120
pyheros posts ante 120
Mouims posts ante 120
Bet-Rus-Sama posts small blind 500
Tahrqa175 posts big blind 1000
Dealt to P1xel7 [Jd Ah]
*** PRE-FLOP *** 
SmAAvel folds
P1xel7 raises 1200 to 2200
pyheros folds
Mouims calls 2200
Bet-Rus-Sama folds
Tahrqa175 folds
*** FLOP *** [As 9c Tc]
P1xel7 bets 2317
Mouims calls 2317
*** TURN *** [As 9c Tc][4c]
P1xel7 bets 3939
Mouims calls 3939
*** RIVER *** [As 9c Tc 4c][5d]
P1xel7 bets 9566
Mouims folds
P1xel7 collected 28698 from pot
*** SUMMARY ***
Total pot 28698 | No rake
Board: [As 9c Tc 4c 5d]
Seat 4: P1xel7 won 28698


Winamax Poker - Tournament "WESTERN" buyIn: 0.90€ + 0.10€ level: 10 - HandId: #3112689500946432058-72-1703625481 - Holdem no limit (120/500/1000) - 2023/12/26 21:18:01 UTC
Table: 'WESTERN(724729500)#057' 6-max (real money) Seat #1 is the button
Seat 1: Bet-Rus-Sama (23614, 0.45€ bounty)
Seat 2: Tahrqa175 (18760, 0.45€ bounty)
Seat 3: SmAAvel (38379, 0.67€ bounty)
Seat 4: P1xel7 (39968, 0.45€ bounty)
Seat 5: pyheros (19731, 0.67€ bounty)
Seat 6: Mouims (148197, 2.10€ bounty)
*** ANTE/BLINDS ***
Tahrqa175 posts ante 120
SmAAvel posts ante 120
Bet-Rus-Sama posts ante 120
P1xel7 posts ante 120
pyheros posts ante 120
Mouims posts ante 120
Tahrqa175 posts small blind 500
SmAAvel posts big blind 1000
Dealt to P1xel7 [5s Ac]
*** PRE-FLOP *** 
P1xel7 folds
pyheros folds
Mouims raises 1000 to 2000
Bet-Rus-Sama folds
Tahrqa175 folds
SmAAvel calls 1000
*** FLOP *** [Ah 9s 9h]
SmAAvel checks
Mouims bets 5220
SmAAvel folds
Mouims collected 10440 from pot
*** SUMMARY ***
Total pot 10440 | No rake
Board: [Ah 9s 9h]
Seat 6: Mouims won 10440


Winamax Poker - Tournament "WESTERN" buyIn: 0.90€ + 0.10€ level: 10 - HandId: #3112689500946432058-73-1703625529 - Holdem no limit (120/500/1000) - 2023/12/26 21:18:49 UTC
Table: 'WESTERN(724729500)#057' 6-max (real money) Seat #2 is the button
Seat 1: Bet-Rus-Sama (23494, 0.45€ bounty)
Seat 2: Tahrqa175 (18140, 0.45€ bounty)
Seat 3: SmAAvel (36259, 0.67€ bounty)
Seat 4: P1xel7 (39848, 0.45€ bounty)
Seat 5: pyheros (19611, 0.67€ bounty)
Seat 6: Mouims (151297, 2.10€ bounty)
*** ANTE/BLINDS ***
SmAAvel posts ante 120
P1xel7 posts ante 120
Bet-Rus-Sama posts ante 120
Tahrqa175 posts ante 120
pyheros posts ante 120
Mouims posts ante 120
SmAAvel posts small blind 500
P1xel7 posts big blind 1000
Dealt to P1xel7 [2s Th]
*** PRE-FLOP *** 
pyheros raises 1250 to 2250
Mouims folds
Bet-Rus-Sama folds
Tahrqa175 folds
SmAAvel folds
P1xel7 folds
pyheros collected 4470 from pot
*** SUMMARY ***
Total pot 4470 | No rake
Seat 5: pyheros won 4470


Winamax Poker - Tournament "WESTERN" buyIn: 0.90€ + 0.10€ level: 10 - HandId: #3112689500946432058-74-1703625555 - Holdem no limit (120/500/1000) - 2023/12/26 21:19:15 UTC
Table: 'WESTERN(724729500)#057' 6-max (real money) Seat #3 is the button
Seat 1: Bet-Rus-Sama (23374, 0.45€ bounty)
Seat 2: Tahrqa175 (18020, 0.45€ bounty)
Seat 3: SmAAvel (35639, 0.67€ bounty)
Seat 4: P1xel7 (38728, 0.45€ bounty)
Seat 5: pyheros (21711, 0.67€ bounty)
Seat 6: Mouims (151177, 2.10€ bounty)
*** ANTE/BLINDS ***
P1xel7 posts ante 120
pyheros posts ante 120
Bet-Rus-Sama posts ante 120
Tahrqa175 posts ante 120
SmAAvel posts ante 120
Mouims posts ante 120
P1xel7 posts small blind 500
pyheros posts big blind 1000
Dealt to P1xel7 [8d 3d]
*** PRE-FLOP *** 
Mouims calls 1000
Bet-Rus-Sama folds
Tahrqa175 folds
SmAAvel folds
P1xel7 folds
pyheros checks
*** FLOP *** [7s 4s 3s]
pyheros bets 1610
Mouims raises 1610 to 3220
pyheros calls 1610
*** TURN *** [7s 4s 3s][8h]
pyheros checks
Mouims bets 9660
pyheros folds
Mouims collected 19320 from pot
*** SUMMARY ***
Total pot 19320 | No rake
Board: [7s 4s 3s 8h]
Seat 6: Mouims won 19320


Winamax Poker - Tournament "WESTERN" buyIn: 0.90€ + 0.10€ level: 10 - HandId: #3112689500946432058-75-1703625627 - Holdem no limit (120/500/1000) - 2023/12/26 21:20:27 UTC
Table: 'WESTERN(724729500)#057' 6-max (real money) Seat #4 is the button
Seat 1: Bet-Rus-Sama (23254, 0.45€ bounty)
Seat 2: Tahrqa175 (17900, 0.45€ bounty)
Seat 3: SmAAvel (35519, 0.67€ bounty)
Seat 4: P1xel7 (38108, 0.45€ bounty)
Seat 5: pyheros (17371, 0.67€ bounty)
Seat 6: Mouims (156497, 2.10€ bounty)
*** ANTE/BLINDS ***
pyheros posts ante 120
Mouims posts ante 120
Bet-Rus-Sama posts ante 120
Tahrqa175 posts ante 120
SmAAvel posts ante 120
P1xel7 posts ante 120
pyheros posts small blind 500
Mouims posts big blind 1000
Dealt to P1xel7 [Qh 7s]
*** PRE-FLOP *** 
Bet-Rus-Sama folds
Tahrqa175 folds
SmAAvel folds
P1xel7 folds
pyheros raises 1000 to 2000
Mouims calls 1000
*** FLOP *** [2h 4s Th]
pyheros bets 1652
Mouims folds
pyheros collected 6372 from pot
*** SUMMARY ***
Total pot 6372 | No rake
Board: [2h 4s Th]
Seat 5: pyheros (small blind) won 6372


Winamax Poker - Tournament "WESTERN" buyIn: 0.90€ + 0.10€ level: 11 - HandId: #3112689500946432058-76-1703625674 - Holdem no limit (140/600/1200) - 2023/12/26 21:21:14 UTC
Table: 'WESTERN(724729500)#057' 6-max (real money) Seat #5 is the button
Seat 1: Bet-Rus-Sama (23134, 0.45€ bounty)
Seat 2: Tahrqa175 (17780, 0.45€ bounty)
Seat 3: SmAAvel (35399, 0.67€ bounty)
Seat 4: P1xel7 (37988, 0.45€ bounty)
Seat 5: pyheros (19971, 0.67€ bounty)
Seat 6: Mouims (154377, 2.10€ bounty)
*** ANTE/BLINDS ***
Mouims posts ante 140
Bet-Rus-Sama posts ante 140
Tahrqa175 posts ante 140
SmAAvel posts ante 140
P1xel7 posts ante 140
pyheros posts ante 140
Mouims posts small blind 600
Bet-Rus-Sama posts big blind 1200
Dealt to P1xel7 [9h Kd]
*** PRE-FLOP *** 
Tahrqa175 folds
SmAAvel folds
P1xel7 raises 1440 to 2640
pyheros folds
Mouims raises 3960 to 6600
Bet-Rus-Sama folds
P1xel7 calls 3960
*** FLOP *** [9c 6s As]
Mouims bets 3810
P1xel7 calls 3810
*** TURN *** [9c 6s As][Qs]
Mouims bets 5715
P1xel7 raises 5715 to 11430
Mouims calls 5715
*** RIVER *** [9c 6s As Qs][5s]
Mouims bets 22860
P1xel7 folds
Mouims collected 68580 from pot
*** SUMMARY ***
Total pot 68580 | No rake
Board: [9c 6s As Qs 5s]
Seat 6: Mouims (small blind) won 68580


Winamax Poker - Tournament "WESTERN" buyIn: 0.90€ + 0.10€ level: 11 - HandId: #3112689500946432058-77-1703625811 - Holdem no limit (140/600/1200) - 2023/12/26 21:23:31 UTC
Table: 'WESTERN(724729500)#057' 6-max (real money) Seat #6 is the button
Seat 1: Bet-Rus-Sama (21794, 0.45€ bounty)
Seat 2: Tahrqa175 (17640, 0.45€ bounty)
Seat 3: SmAAvel (35259, 0.67€ bounty)
Seat 4: P1xel7 (16008, 0.45€ bounty)
Seat 5: pyheros (19831, 0.67€ bounty)
Seat 6: Mouims (178117, 2.10€ bounty)
*** ANTE/BLINDS ***
Bet-Rus-Sama posts ante 140
Tahrqa175 posts ante 140
SmAAvel posts ante 140
P1xel7 posts ante 140
pyheros posts ante 140
Mouims posts ante 140
Bet-Rus-Sama posts small blind 600
Tahrqa175 posts big blind 1200
Dealt to P1xel7 [8c 5d]
*** PRE-FLOP *** 
SmAAvel folds
P1xel7 folds
pyheros folds
Mouims raises 3840 to 5040
Bet-Rus-Sama folds
Tahrqa175 folds
Mouims collected 7680 from pot
*** SUMMARY ***
Total pot 7680 | No rake
Seat 6: Mouims (button) won 7680


Winamax Poker - Tournament "WESTERN" buyIn: 0.90€ + 0.10€ level: 11 - HandId: #3112689500946432058-78-1703625837 - Holdem no limit (140/600/1200) - 2023/12/26 21:23:57 UTC
Table: 'WESTERN(724729500)#057' 6-max (real money) Seat #1 is the button
Seat 1: Bet-Rus-Sama (21054, 0.45€ bounty)
Seat 2: Tahrqa175 (16300, 0.45€ bounty)
Seat 3: SmAAvel (35119, 0.67€ bounty)
Seat 4: P1xel7 (15868, 0.45€ bounty)
Seat 5: pyheros (19691, 0.67€ bounty)
Seat 6: Mouims (180617, 2.10€ bounty)
*** ANTE/BLINDS ***
Tahrqa175 posts ante 140
SmAAvel posts ante 140
Bet-Rus-Sama posts ante 140
P1xel7 posts ante 140
pyheros posts ante 140
Mouims posts ante 140
Tahrqa175 posts small blind 600
SmAAvel posts big blind 1200
Dealt to P1xel7 [Qs 2c]
*** PRE-FLOP *** 
P1xel7 folds
pyheros folds
Mouims raises 1200 to 2400
Bet-Rus-Sama folds
Tahrqa175 folds
SmAAvel folds
Mouims collected 5040 from pot
*** SUMMARY ***
Total pot 5040 | No rake
Seat 6: Mouims won 5040


Winamax Poker - Tournament "WESTERN" buyIn: 0.90€ + 0.10€ level: 11 - HandId: #3112689500946432058-79-1703625872 - Holdem no limit (140/600/1200) - 2023/12/26 21:24:32 UTC
Table: 'WESTERN(724729500)#057' 6-max (real money) Seat #2 is the button
Seat 1: Bet-Rus-Sama (20914, 0.45€ bounty)
Seat 2: Tahrqa175 (15560, 0.45€ bounty)
Seat 3: SmAAvel (33779, 0.67€ bounty)
Seat 4: P1xel7 (15728, 0.45€ bounty)
Seat 5: pyheros (19551, 0.67€ bounty)
Seat 6: Mouims (183117, 2.10€ bounty)
*** ANTE/BLINDS ***
SmAAvel posts ante 140
P1xel7 posts ante 140
Bet-Rus-Sama posts ante 140
Tahrqa175 posts ante 140
pyheros posts ante 140
Mouims posts ante 140
SmAAvel posts small blind 600
P1xel7 posts big blind 1200
Dealt to P1xel7 [Td 9s]
*** PRE-FLOP *** 
pyheros folds
Mouims raises 1200 to 2400
Bet-Rus-Sama folds
Tahrqa175 folds
SmAAvel folds
P1xel7 calls 1200
*** FLOP *** [8s Th 3c]
P1xel7 checks
Mouims bets 3120
P1xel7 raises 10068 to 13188 and is all-in
Mouims calls 10068
*** TURN *** [8s Th 3c][Tc]
*** RIVER *** [8s Th 3c Tc][6h]
*** SHOW DOWN ***
Mouims shows [6s Qs] (Two pairs : Tens and 6)
P1xel7 shows [Td 9s] (Trips of Tens)
P1xel7 collected 32616 from pot
*** SUMMARY ***
Total pot 32616 | No rake
Board: [8s Th 3c Tc 6h]
Seat 4: P1xel7 (big blind) showed [Td 9s] and won 32616 with Trips of Tens
Seat 6: Mouims showed [6s Qs] and lost with Two pairs : Tens and 6


Winamax Poker - Tournament "WESTERN" buyIn: 0.90€ + 0.10€ level: 11 - HandId: #3112689500946432058-80-1703625918 - Holdem no limit (140/600/1200) - 2023/12/26 21:25:18 UTC
Table: 'WESTERN(724729500)#057' 6-max (real money) Seat #3 is the button
Seat 1: Bet-Rus-Sama (20774, 0.45€ bounty)
Seat 2: Tahrqa175 (15420, 0.45€ bounty)
Seat 3: SmAAvel (33039, 0.67€ bounty)
Seat 4: P1xel7 (32616, 0.45€ bounty)
Seat 5: pyheros (19411, 0.67€ bounty)
Seat 6: Mouims (167389, 2.10€ bounty)
*** ANTE/BLINDS ***
P1xel7 posts ante 140
pyheros posts ante 140
Bet-Rus-Sama posts ante 140
Tahrqa175 posts ante 140
SmAAvel posts ante 140
Mouims posts ante 140
P1xel7 posts small blind 600
pyheros posts big blind 1200
Dealt to P1xel7 [Qd Ts]
*** PRE-FLOP *** 
Mouims calls 1200
Bet-Rus-Sama folds
Tahrqa175 folds
SmAAvel folds
P1xel7 raises 2400 to 3600
pyheros folds
Mouims calls 2400
*** FLOP *** [3d Js Td]
P1xel7 bets 3234
Mouims calls 3234
*** TURN *** [3d Js Td][6d]
P1xel7 bets 25642 and is all-in
Mouims calls 25642
*** RIVER *** [3d Js Td 6d][Kc]
*** SHOW DOWN ***
Mouims shows [7c 8d] (High card : King)
P1xel7 shows [Qd Ts] (One pair : Tens)
P1xel7 collected 66992 from pot
*** SUMMARY ***
Total pot 66992 | No rake
Board: [3d Js Td 6d Kc]
Seat 4: P1xel7 (small blind) showed [Qd Ts] and won 66992 with One pair : Tens
Seat 6: Mouims showed [7c 8d] and lost with High card : King


Winamax Poker - Tournament "WESTERN" buyIn: 0.90€ + 0.10€ level: 11 - HandId: #3112689500946432058-81-1703625962 - Holdem no limit (140/600/1200) - 2023/12/26 21:26:02 UTC
Table: 'WESTERN(724729500)#057' 6-max (real money) Seat #4 is the button
Seat 1: Bet-Rus-Sama (20634, 0.45€ bounty)
Seat 2: Tahrqa175 (15280, 0.45€ bounty)
Seat 3: SmAAvel (32899, 0.67€ bounty)
Seat 4: P1xel7 (66992, 0.45€ bounty)
Seat 5: pyheros (18071, 0.67€ bounty)
Seat 6: Mouims (134773, 2.10€ bounty)
*** ANTE/BLINDS ***
pyheros posts ante 140
Mouims posts ante 140
Bet-Rus-Sama posts ante 140
Tahrqa175 posts ante 140
SmAAvel posts ante 140
P1xel7 posts ante 140
pyheros posts small blind 600
Mouims posts big blind 1200
Dealt to P1xel7 [8c 8s]
*** PRE-FLOP *** 
Bet-Rus-Sama folds
Tahrqa175 folds
SmAAvel folds
P1xel7 raises 16800 to 18000
pyheros folds
Mouims folds
P1xel7 collected 20640 from pot
*** SUMMARY ***
Total pot 20640 | No rake
Seat 4: P1xel7 (button) won 20640


Winamax Poker - Tournament "WESTERN" buyIn: 0.90€ + 0.10€ level: 12 - HandId: #3112689500946432020-104-1703626051 - Holdem no limit (160/700/1400) - 2023/12/26 21:27:31 UTC
Table: 'WESTERN(724729500)#019' 6-max (real money) Seat #3 is the button
Seat 1: P1xel7 (69492, 0.45€ bounty)
Seat 3: tipech29 (208942, 1.22€ bounty)
Seat 4: ArthyLaMyth (22064, 1.44€ bounty)
Seat 6: LePiKPokeR (128603, 1.66€ bounty)
*** ANTE/BLINDS ***
ArthyLaMyth posts ante 160
LePiKPokeR posts ante 160
P1xel7 posts ante 160
tipech29 posts ante 160
ArthyLaMyth posts small blind 700
LePiKPokeR posts big blind 1400
Dealt to P1xel7 [7c 8d]
*** PRE-FLOP *** 
P1xel7 folds
tipech29 raises 1400 to 2800
ArthyLaMyth raises 19104 to 21904 and is all-in
LePiKPokeR folds
tipech29 calls 19104
*** FLOP *** [4s 5d 9s]
*** TURN *** [4s 5d 9s][3d]
*** RIVER *** [4s 5d 9s 3d][Ad]
*** SHOW DOWN ***
ArthyLaMyth shows [Jc Ks] (High card : Ace)
tipech29 shows [9c 9d] (Trips of 9)
tipech29 collected 45848 from pot
*** SUMMARY ***
Total pot 45848 | No rake
Board: [4s 5d 9s 3d Ad]
Seat 3: tipech29 (button) showed [9c 9d] and won 45848 with Trips of 9
Seat 4: ArthyLaMyth (small blind) showed [Jc Ks] and lost with High card : Ace


Winamax Poker - Tournament "WESTERN" buyIn: 0.90€ + 0.10€ level: 12 - HandId: #3112689500946432020-105-1703626069 - Holdem no limit (160/700/1400) - 2023/12/26 21:27:49 UTC
Table: 'WESTERN(724729500)#019' 6-max (real money) Seat #4 is the button
Seat 1: P1xel7 (69332, 0.45€ bounty)
Seat 2: Gutii77 (42688, 0.45€ bounty)
Seat 3: tipech29 (232726, 1.94€ bounty)
Seat 5: Ace anfla (41892, 0.45€ bounty)
Seat 6: LePiKPokeR (127043, 1.66€ bounty)
*** ANTE/BLINDS ***
LePiKPokeR posts ante 160
P1xel7 posts ante 160
Gutii77 posts ante 160
tipech29 posts ante 160
LePiKPokeR posts small blind 700
P1xel7 posts big blind 1400
Dealt to P1xel7 [Jh 3h]
*** PRE-FLOP *** 
Gutii77 folds
tipech29 raises 1400 to 2800
LePiKPokeR raises 1400 to 4200
P1xel7 folds
tipech29 calls 1400
*** FLOP *** [6d Jc Qh]
LePiKPokeR checks
tipech29 checks
*** TURN *** [6d Jc Qh][Ts]
LePiKPokeR bets 1400
tipech29 calls 1400
*** RIVER *** [6d Jc Qh Ts][6h]
LePiKPokeR checks
tipech29 bets 13240
LePiKPokeR folds
tipech29 collected 26480 from pot
*** SUMMARY ***
Total pot 26480 | No rake
Board: [6d Jc Qh Ts 6h]
Seat 3: tipech29 won 26480


Winamax Poker - Tournament "WESTERN" buyIn: 0.90€ + 0.10€ level: 12 - HandId: #3112689500946432020-106-1703626142 - Holdem no limit (160/700/1400) - 2023/12/26 21:29:02 UTC
Table: 'WESTERN(724729500)#019' 6-max (real money) Seat #6 is the button
Seat 1: P1xel7 (67772, 0.45€ bounty)
Seat 2: Gutii77 (42528, 0.45€ bounty)
Seat 3: tipech29 (240206, 1.94€ bounty)
Seat 4: WonderPoul (29754, 0.67€ bounty)
Seat 5: Ace anfla (41892, 0.45€ bounty)
Seat 6: LePiKPokeR (121283, 1.66€ bounty)
*** ANTE/BLINDS ***
P1xel7 posts ante 160
Gutii77 posts ante 160
tipech29 posts ante 160
WonderPoul posts ante 160
Ace anfla posts ante 160
LePiKPokeR posts ante 160
P1xel7 posts small blind 700
Gutii77 posts big blind 1400
Dealt to P1xel7 [4h 5s]
*** PRE-FLOP *** 
tipech29 folds
WonderPoul raises 1400 to 2800
Ace anfla folds
LePiKPokeR folds
P1xel7 folds
Gutii77 calls 1400
*** FLOP *** [2c Tc As]
Gutii77 checks
WonderPoul bets 2100
Gutii77 folds
WonderPoul collected 9360 from pot
*** SUMMARY ***
Total pot 9360 | No rake
Board: [2c Tc As]
Seat 4: WonderPoul won 9360


Winamax Poker - Tournament "WESTERN" buyIn: 0.90€ + 0.10€ level: 12 - HandId: #3112689500946432020-107-1703626166 - Holdem no limit (160/700/1400) - 2023/12/26 21:29:26 UTC
Table: 'WESTERN(724729500)#019' 6-max (real money) Seat #1 is the button
Seat 1: P1xel7 (66912, 0.45€ bounty)
Seat 2: Gutii77 (39568, 0.45€ bounty)
Seat 3: tipech29 (240046, 1.94€ bounty)
Seat 4: WonderPoul (34054, 0.67€ bounty)
Seat 5: Ace anfla (41732, 0.45€ bounty)
Seat 6: LePiKPokeR (121123, 1.66€ bounty)
*** ANTE/BLINDS ***
Gutii77 posts ante 160
tipech29 posts ante 160
P1xel7 posts ante 160
WonderPoul posts ante 160
Ace anfla posts ante 160
LePiKPokeR posts ante 160
Gutii77 posts small blind 700
tipech29 posts big blind 1400
Dealt to P1xel7 [3h Td]
*** PRE-FLOP *** 
WonderPoul folds
Ace anfla folds
LePiKPokeR folds
P1xel7 folds
Gutii77 raises 1400 to 2800
tipech29 calls 1400
*** FLOP *** [8s 9c 2h]
Gutii77 bets 2296
tipech29 folds
Gutii77 collected 8856 from pot
*** SUMMARY ***
Total pot 8856 | No rake
Board: [8s 9c 2h]
Seat 2: Gutii77 (small blind) won 8856


Winamax Poker - Tournament "WESTERN" buyIn: 0.90€ + 0.10€ level: 12 - HandId: #3112689500946432020-108-1703626185 - Holdem no limit (160/700/1400) - 2023/12/26 21:29:45 UTC
Table: 'WESTERN(724729500)#019' 6-max (real money) Seat #2 is the button
Seat 1: P1xel7 (66752, 0.45€ bounty)
Seat 2: Gutii77 (43168, 0.45€ bounty)
Seat 3: tipech29 (237086, 1.94€ bounty)
Seat 4: WonderPoul (33894, 0.67€ bounty)
Seat 5: Ace anfla (41572, 0.45€ bounty)
Seat 6: LePiKPokeR (120963, 1.66€ bounty)
*** ANTE/BLINDS ***
tipech29 posts ante 160
WonderPoul posts ante 160
P1xel7 posts ante 160
Gutii77 posts ante 160
Ace anfla posts ante 160
LePiKPokeR posts ante 160
tipech29 posts small blind 700
WonderPoul posts big blind 1400
Dealt to P1xel7 [Qd 7h]
*** PRE-FLOP *** 
Ace anfla raises 1750 to 3150
LePiKPokeR calls 3150
P1xel7 folds
Gutii77 folds
tipech29 folds
WonderPoul folds
*** FLOP *** [Qc 5d 7s]
Ace anfla bets 6084
LePiKPokeR folds
Ace anfla collected 15444 from pot
*** SUMMARY ***
Total pot 15444 | No rake
Board: [Qc 5d 7s]
Seat 5: Ace anfla won 15444


Winamax Poker - Tournament "WESTERN" buyIn: 0.90€ + 0.10€ level: 12 - HandId: #3112689500946432020-109-1703626227 - Holdem no limit (160/700/1400) - 2023/12/26 21:30:27 UTC
Table: 'WESTERN(724729500)#019' 6-max (real money) Seat #3 is the button
Seat 1: P1xel7 (66592, 0.45€ bounty)
Seat 2: Gutii77 (43008, 0.45€ bounty)
Seat 3: tipech29 (236226, 1.94€ bounty)
Seat 4: WonderPoul (32334, 0.67€ bounty)
Seat 5: Ace anfla (47622, 0.45€ bounty)
Seat 6: LePiKPokeR (117653, 1.66€ bounty)
*** ANTE/BLINDS ***
WonderPoul posts ante 160
Ace anfla posts ante 160
P1xel7 posts ante 160
Gutii77 posts ante 160
tipech29 posts ante 160
LePiKPokeR posts ante 160
WonderPoul posts small blind 700
Ace anfla posts big blind 1400
Dealt to P1xel7 [Kd 8d]
*** PRE-FLOP *** 
LePiKPokeR calls 1400
P1xel7 folds
Gutii77 folds
tipech29 calls 1400
WonderPoul folds
Ace anfla checks
*** FLOP *** [3s Tc 5s]
Ace anfla checks
LePiKPokeR bets 3809
tipech29 calls 3809
Ace anfla raises 42253 to 46062 and is all-in
LePiKPokeR raises 70031 to 116093 and is all-in
tipech29 folds
*** TURN *** [3s Tc 5s][4h]
*** RIVER *** [3s Tc 5s 4h][2c]
*** SHOW DOWN ***
Ace anfla shows [Td Jc] (One pair : Tens)
LePiKPokeR shows [7s Ks] (High card : King)
LePiKPokeR collected 70031 from side pot 1
Ace anfla collected 101793 from main pot
*** SUMMARY ***
Total pot 171824 | No rake
Board: [3s Tc 5s 4h 2c]
Seat 5: Ace anfla (big blind) showed [Td Jc] and won 101793 with One pair : Tens
Seat 6: LePiKPokeR showed [7s Ks] and won 70031 with High card : King


Winamax Poker - Tournament "WESTERN" buyIn: 0.90€ + 0.10€ level: 12 - HandId: #3112689500946432020-110-1703626280 - Holdem no limit (160/700/1400) - 2023/12/26 21:31:20 UTC
Table: 'WESTERN(724729500)#019' 6-max (real money) Seat #4 is the button
Seat 1: P1xel7 (66432, 0.45€ bounty)
Seat 2: Gutii77 (42848, 0.45€ bounty)
Seat 3: tipech29 (230857, 1.94€ bounty)
Seat 4: WonderPoul (31474, 0.67€ bounty)
Seat 5: Ace anfla (101793, 0.45€ bounty)
Seat 6: LePiKPokeR (70031, 1.66€ bounty)
*** ANTE/BLINDS ***
Ace anfla posts ante 160
LePiKPokeR posts ante 160
P1xel7 posts ante 160
Gutii77 posts ante 160
tipech29 posts ante 160
WonderPoul posts ante 160
Ace anfla posts small blind 700
LePiKPokeR posts big blind 1400
Dealt to P1xel7 [8h 4h]
*** PRE-FLOP *** 
P1xel7 folds
Gutii77 folds
tipech29 raises 1400 to 2800
WonderPoul folds
Ace anfla folds
LePiKPokeR folds
tipech29 collected 5860 from pot
*** SUMMARY ***
Total pot 5860 | No rake
Seat 3: tipech29 won 5860


Winamax Poker - Tournament "WESTERN" buyIn: 0.90€ + 0.10€ level: 12 - HandId: #3112689500946432020-111-1703626302 - Holdem no limit (160/700/1400) - 2023/12/26 21:31:42 UTC
Table: 'WESTERN(724729500)#019' 6-max (real money) Seat #5 is the button
Seat 1: P1xel7 (66272, 0.45€ bounty)
Seat 2: Gutii77 (42688, 0.45€ bounty)
Seat 3: tipech29 (233757, 1.94€ bounty)
Seat 4: WonderPoul (31314, 0.67€ bounty)
Seat 5: Ace anfla (100933, 0.45€ bounty)
Seat 6: LePiKPokeR (68471, 1.66€ bounty)
*** ANTE/BLINDS ***
LePiKPokeR posts ante 160
P1xel7 posts ante 160
Gutii77 posts ante 160
tipech29 posts ante 160
WonderPoul posts ante 160
Ace anfla posts ante 160
LePiKPokeR posts small blind 700
P1xel7 posts big blind 1400
Dealt to P1xel7 [3d 8s]
*** PRE-FLOP *** 
Gutii77 folds
tipech29 raises 1400 to 2800
WonderPoul folds
Ace anfla folds
LePiKPokeR folds
P1xel7 folds
tipech29 collected 5860 from pot
*** SUMMARY ***
Total pot 5860 | No rake
Seat 3: tipech29 won 5860


Winamax Poker - Tournament "WESTERN" buyIn: 0.90€ + 0.10€ level: 12 - HandId: #3112689500946432020-112-1703626312 - Holdem no limit (160/700/1400) - 2023/12/26 21:31:52 UTC
Table: 'WESTERN(724729500)#019' 6-max (real money) Seat #6 is the button
Seat 1: P1xel7 (64712, 0.45€ bounty)
Seat 2: Gutii77 (42528, 0.45€ bounty)
Seat 3: tipech29 (236657, 1.94€ bounty)
Seat 4: WonderPoul (31154, 0.67€ bounty)
Seat 5: Ace anfla (100773, 0.45€ bounty)
Seat 6: LePiKPokeR (67611, 1.66€ bounty)
*** ANTE/BLINDS ***
P1xel7 posts ante 160
Gutii77 posts ante 160
tipech29 posts ante 160
WonderPoul posts ante 160
Ace anfla posts ante 160
LePiKPokeR posts ante 160
P1xel7 posts small blind 700
Gutii77 posts big blind 1400
Dealt to P1xel7 [Kd 5d]
*** PRE-FLOP *** 
tipech29 folds
WonderPoul folds
Ace anfla folds
LePiKPokeR raises 66051 to 67451 and is all-in
P1xel7 folds
Gutii77 folds
LePiKPokeR collected 70511 from pot
*** SUMMARY ***
Total pot 70511 | No rake
Seat 6: LePiKPokeR (button) won 70511


Winamax Poker - Tournament "WESTERN" buyIn: 0.90€ + 0.10€ level: 12 - HandId: #3112689500946432020-113-1703626326 - Holdem no limit (160/700/1400) - 2023/12/26 21:32:06 UTC
Table: 'WESTERN(724729500)#019' 6-max (real money) Seat #1 is the button
Seat 1: P1xel7 (63852, 0.45€ bounty)
Seat 2: Gutii77 (40968, 0.45€ bounty)
Seat 3: tipech29 (236497, 1.94€ bounty)
Seat 4: WonderPoul (30994, 0.67€ bounty)
Seat 5: Ace anfla (100613, 0.45€ bounty)
Seat 6: LePiKPokeR (70511, 1.66€ bounty)
*** ANTE/BLINDS ***
Gutii77 posts ante 160
tipech29 posts ante 160
P1xel7 posts ante 160
WonderPoul posts ante 160
Ace anfla posts ante 160
LePiKPokeR posts ante 160
Gutii77 posts small blind 700
tipech29 posts big blind 1400
Dealt to P1xel7 [Td 2h]
*** PRE-FLOP *** 
WonderPoul folds
Ace anfla folds
LePiKPokeR folds
P1xel7 folds
Gutii77 calls 700
tipech29 checks
*** FLOP *** [6h Qd 4d]
Gutii77 checks
tipech29 checks
*** TURN *** [6h Qd 4d][Kh]
Gutii77 checks
tipech29 checks
*** RIVER *** [6h Qd 4d Kh][4s]
Gutii77 bets 3008
tipech29 folds
Gutii77 collected 6768 from pot
*** SUMMARY ***
Total pot 6768 | No rake
Board: [6h Qd 4d Kh 4s]
Seat 2: Gutii77 (small blind) won 6768


Winamax Poker - Tournament "WESTERN" buyIn: 0.90€ + 0.10€ level: 13 - HandId: #3112689500946432020-114-1703626403 - Holdem no limit (200/800/1600) - 2023/12/26 21:33:23 UTC
Table: 'WESTERN(724729500)#019' 6-max (real money) Seat #2 is the button
Seat 1: P1xel7 (63692, 0.45€ bounty)
Seat 2: Gutii77 (43168, 0.45€ bounty)
Seat 3: tipech29 (234937, 1.94€ bounty)
Seat 4: WonderPoul (30834, 0.67€ bounty)
Seat 5: Ace anfla (100453, 0.45€ bounty)
Seat 6: LePiKPokeR (70351, 1.66€ bounty)
*** ANTE/BLINDS ***
tipech29 posts ante 200
WonderPoul posts ante 200
P1xel7 posts ante 200
Gutii77 posts ante 200
Ace anfla posts ante 200
LePiKPokeR posts ante 200
tipech29 posts small blind 800
WonderPoul posts big blind 1600
Dealt to P1xel7 [8s 9c]
*** PRE-FLOP *** 
Ace anfla folds
LePiKPokeR raises 68551 to 70151 and is all-in
P1xel7 folds
Gutii77 folds
tipech29 raises 164586 to 234737 and is all-in
WonderPoul folds
*** FLOP *** [2d 8d Qd]
*** TURN *** [2d 8d Qd][Qc]
*** RIVER *** [2d 8d Qd Qc][6h]
*** SHOW DOWN ***
LePiKPokeR shows [Tc Ah] (One pair : Queens)
tipech29 shows [Ks As] (One pair : Queens)
tipech29 collected 307688 from pot
*** SUMMARY ***
Total pot 307688 | No rake
Board: [2d 8d Qd Qc 6h]
Seat 3: tipech29 (small blind) showed [Ks As] and won 307688 with One pair : Queens
Seat 6: LePiKPokeR showed [Tc Ah] and lost with One pair : Queens


Winamax Poker - Tournament "WESTERN" buyIn: 0.90€ + 0.10€ level: 13 - HandId: #3112689500946432020-115-1703626428 - Holdem no limit (200/800/1600) - 2023/12/26 21:33:48 UTC
Table: 'WESTERN(724729500)#019' 6-max (real money) Seat #3 is the button
Seat 1: P1xel7 (63492, 0.45€ bounty)
Seat 2: Gutii77 (42968, 0.45€ bounty)
Seat 3: tipech29 (307688, 2.77€ bounty)
Seat 4: WonderPoul (29034, 0.67€ bounty)
Seat 5: Ace anfla (100253, 0.45€ bounty)
*** ANTE/BLINDS ***
WonderPoul posts ante 200
Ace anfla posts ante 200
P1xel7 posts ante 200
Gutii77 posts ante 200
tipech29 posts ante 200
WonderPoul posts small blind 800
Ace anfla posts big blind 1600
Dealt to P1xel7 [9d Qd]
*** PRE-FLOP *** 
P1xel7 folds
Gutii77 folds
tipech29 folds
WonderPoul calls 800
Ace anfla checks
*** FLOP *** [9h 3d 3c]
WonderPoul checks
Ace anfla checks
*** TURN *** [9h 3d 3c][2d]
WonderPoul bets 1600
Ace anfla calls 1600
*** RIVER *** [9h 3d 3c 2d][6c]
WonderPoul bets 5600
Ace anfla calls 5600
*** SHOW DOWN ***
Ace anfla shows [2c 5s] (Two pairs : 3 and 2)
WonderPoul shows [4h 3h] (Trips of 3)
WonderPoul collected 18600 from pot
*** SUMMARY ***
Total pot 18600 | No rake
Board: [9h 3d 3c 2d 6c]
Seat 4: WonderPoul (small blind) showed [4h 3h] and won 18600 with Trips of 3
Seat 5: Ace anfla (big blind) showed [2c 5s] and lost with Two pairs : 3 and 2


Winamax Poker - Tournament "WESTERN" buyIn: 0.90€ + 0.10€ level: 13 - HandId: #3112689500946432020-116-1703626486 - Holdem no limit (200/800/1600) - 2023/12/26 21:34:46 UTC
Table: 'WESTERN(724729500)#019' 6-max (real money) Seat #4 is the button
Seat 1: P1xel7 (63292, 0.45€ bounty)
Seat 2: Gutii77 (42768, 0.45€ bounty)
Seat 3: tipech29 (307488, 2.77€ bounty)
Seat 4: WonderPoul (38634, 0.67€ bounty)
Seat 5: Ace anfla (91253, 0.45€ bounty)
*** ANTE/BLINDS ***
Ace anfla posts ante 200
P1xel7 posts ante 200
Gutii77 posts ante 200
tipech29 posts ante 200
WonderPoul posts ante 200
Ace anfla posts small blind 800
P1xel7 posts big blind 1600
Dealt to P1xel7 [Ad Qc]
*** PRE-FLOP *** 
Gutii77 folds
tipech29 folds
WonderPoul folds
Ace anfla folds
P1xel7 collected 3400 from pot
*** SUMMARY ***
Total pot 3400 | No rake
Seat 1: P1xel7 (big blind) won 3400


Winamax Poker - Tournament "WESTERN" buyIn: 0.90€ + 0.10€ level: 13 - HandId: #3112689500946432020-117-1703626499 - Holdem no limit (200/800/1600) - 2023/12/26 21:34:59 UTC
Table: 'WESTERN(724729500)#019' 6-max (real money) Seat #5 is the button
Seat 1: P1xel7 (64892, 0.45€ bounty)
Seat 2: Gutii77 (42568, 0.45€ bounty)
Seat 3: tipech29 (307288, 2.77€ bounty)
Seat 4: WonderPoul (38434, 0.67€ bounty)
Seat 5: Ace anfla (90253, 0.45€ bounty)
*** ANTE/BLINDS ***
P1xel7 posts ante 200
Gutii77 posts ante 200
tipech29 posts ante 200
WonderPoul posts ante 200
Ace anfla posts ante 200
P1xel7 posts small blind 800
Gutii77 posts big blind 1600
Dealt to P1xel7 [5d 6s]
*** PRE-FLOP *** 
tipech29 raises 1600 to 3200
WonderPoul folds
Ace anfla folds
P1xel7 folds
Gutii77 calls 1600
*** FLOP *** [Js 4d As]
Gutii77 checks
tipech29 bets 2870
Gutii77 folds
tipech29 collected 11070 from pot
*** SUMMARY ***
Total pot 11070 | No rake
Board: [Js 4d As]
Seat 3: tipech29 won 11070


Winamax Poker - Tournament "WESTERN" buyIn: 0.90€ + 0.10€ level: 13 - HandId: #3112689500946432020-118-1703626540 - Holdem no limit (200/800/1600) - 2023/12/26 21:35:40 UTC
Table: 'WESTERN(724729500)#019' 6-max (real money) Seat #1 is the button
Seat 1: P1xel7 (63892, 0.45€ bounty)
Seat 2: Gutii77 (39168, 0.45€ bounty)
Seat 3: tipech29 (312088, 2.77€ bounty)
Seat 4: WonderPoul (38234, 0.67€ bounty)
Seat 5: Ace anfla (90053, 0.45€ bounty)
*** ANTE/BLINDS ***
Gutii77 posts ante 200
tipech29 posts ante 200
P1xel7 posts ante 200
WonderPoul posts ante 200
Ace anfla posts ante 200
Gutii77 posts small blind 800
tipech29 posts big blind 1600
Dealt to P1xel7 [8c 9d]
*** PRE-FLOP *** 
WonderPoul folds
Ace anfla folds
P1xel7 raises 1920 to 3520
Gutii77 folds
tipech29 folds
P1xel7 collected 6920 from pot
*** SUMMARY ***
Total pot 6920 | No rake
Seat 1: P1xel7 (button) won 6920


Winamax Poker - Tournament "WESTERN" buyIn: 0.90€ + 0.10€ level: 13 - HandId: #3112689500946432020-119-1703626570 - Holdem no limit (200/800/1600) - 2023/12/26 21:36:10 UTC
Table: 'WESTERN(724729500)#019' 6-max (real money) Seat #2 is the button
Seat 1: P1xel7 (67092, 0.45€ bounty)
Seat 2: Gutii77 (38168, 0.45€ bounty)
Seat 3: tipech29 (310288, 2.77€ bounty)
Seat 4: WonderPoul (38034, 0.67€ bounty)
Seat 5: Ace anfla (89853, 0.45€ bounty)
*** ANTE/BLINDS ***
tipech29 posts ante 200
WonderPoul posts ante 200
P1xel7 posts ante 200
Gutii77 posts ante 200
Ace anfla posts ante 200
tipech29 posts small blind 800
WonderPoul posts big blind 1600
Dealt to P1xel7 [7c 9s]
*** PRE-FLOP *** 
Ace anfla folds
P1xel7 folds
Gutii77 folds
tipech29 folds
WonderPoul collected 3400 from pot
*** SUMMARY ***
Total pot 3400 | No rake
Seat 4: WonderPoul (big blind) won 3400


Winamax Poker - Tournament "WESTERN" buyIn: 0.90€ + 0.10€ level: 13 - HandId: #3112689500946432020-120-1703626579 - Holdem no limit (200/800/1600) - 2023/12/26 21:36:19 UTC
Table: 'WESTERN(724729500)#019' 6-max (real money) Seat #3 is the button
Seat 1: P1xel7 (66892, 0.45€ bounty)
Seat 2: Gutii77 (37968, 0.45€ bounty)
Seat 3: tipech29 (309288, 2.77€ bounty)
Seat 4: WonderPoul (39634, 0.67€ bounty)
Seat 5: Ace anfla (89653, 0.45€ bounty)
*** ANTE/BLINDS ***
WonderPoul posts ante 200
Ace anfla posts ante 200
P1xel7 posts ante 200
Gutii77 posts ante 200
tipech29 posts ante 200
WonderPoul posts small blind 800
Ace anfla posts big blind 1600
Dealt to P1xel7 [Ts 4d]
*** PRE-FLOP *** 
P1xel7 folds
Gutii77 raises 2400 to 4000
tipech29 folds
WonderPoul folds
Ace anfla calls 2400
*** FLOP *** [3s Kc 9d]
Ace anfla checks
Gutii77 bets 3430
Ace anfla folds
Gutii77 collected 13230 from pot
*** SUMMARY ***
Total pot 13230 | No rake
Board: [3s Kc 9d]
Seat 2: Gutii77 won 13230


Winamax Poker - Tournament "WESTERN" buyIn: 0.90€ + 0.10€ level: 13 - HandId: #3112689500946432020-121-1703626645 - Holdem no limit (200/800/1600) - 2023/12/26 21:37:25 UTC
Table: 'WESTERN(724729500)#019' 6-max (real money) Seat #4 is the button
Seat 1: P1xel7 (66692, 0.45€ bounty)
Seat 2: Gutii77 (43568, 0.45€ bounty)
Seat 3: tipech29 (309088, 2.77€ bounty)
Seat 4: WonderPoul (38634, 0.67€ bounty)
Seat 5: Ace anfla (85453, 0.45€ bounty)
Seat 6: Grandmamach (80396, 0.67€ bounty)
*** ANTE/BLINDS ***
Ace anfla posts ante 200
Grandmamach posts ante 200
P1xel7 posts ante 200
Gutii77 posts ante 200
tipech29 posts ante 200
WonderPoul posts ante 200
Ace anfla posts small blind 800
Grandmamach posts big blind 1600
Dealt to P1xel7 [Ts 3d]
*** PRE-FLOP *** 
P1xel7 folds
Gutii77 calls 1600
tipech29 folds
WonderPoul calls 1600
Ace anfla calls 800
Grandmamach checks
*** FLOP *** [7c Jh Kh]
Ace anfla checks
Grandmamach checks
Gutii77 bets 2660
WonderPoul folds
Ace anfla folds
Grandmamach folds
Gutii77 collected 10260 from pot
*** SUMMARY ***
Total pot 10260 | No rake
Board: [7c Jh Kh]
Seat 2: Gutii77 won 10260


Winamax Poker - Tournament "WESTERN" buyIn: 0.90€ + 0.10€ level: 13 - HandId: #3112689500946432020-122-1703626718 - Holdem no limit (200/800/1600) - 2023/12/26 21:38:38 UTC
Table: 'WESTERN(724729500)#019' 6-max (real money) Seat #5 is the button
Seat 1: P1xel7 (66492, 0.45€ bounty)
Seat 2: Gutii77 (49368, 0.45€ bounty)
Seat 3: tipech29 (308888, 2.77€ bounty)
Seat 4: WonderPoul (36834, 0.67€ bounty)
Seat 5: Ace anfla (83653, 0.45€ bounty)
Seat 6: Grandmamach (78596, 0.67€ bounty)
*** ANTE/BLINDS ***
Grandmamach posts ante 200
P1xel7 posts ante 200
Gutii77 posts ante 200
tipech29 posts ante 200
WonderPoul posts ante 200
Ace anfla posts ante 200
Grandmamach posts small blind 800
P1xel7 posts big blind 1600
Dealt to P1xel7 [8s 7d]
*** PRE-FLOP *** 
Gutii77 raises 1600 to 3200
tipech29 calls 3200
WonderPoul folds
Ace anfla folds
Grandmamach folds
P1xel7 folds
*** FLOP *** [5d 3s Th]
Gutii77 bets 5000
tipech29 folds
Gutii77 collected 15000 from pot
*** SUMMARY ***
Total pot 15000 | No rake
Board: [5d 3s Th]
Seat 2: Gutii77 won 15000


Winamax Poker - Tournament "WESTERN" buyIn: 0.90€ + 0.10€ level: 14 - HandId: #3112689500946432020-123-1703626754 - Holdem no limit (250/1000/2000) - 2023/12/26 21:39:14 UTC
Table: 'WESTERN(724729500)#019' 6-max (real money) Seat #6 is the button
Seat 1: P1xel7 (64692, 0.45€ bounty)
Seat 2: Gutii77 (55968, 0.45€ bounty)
Seat 3: tipech29 (305488, 2.77€ bounty)
Seat 4: WonderPoul (36634, 0.67€ bounty)
Seat 5: Ace anfla (83453, 0.45€ bounty)
Seat 6: Grandmamach (77596, 0.67€ bounty)
*** ANTE/BLINDS ***
P1xel7 posts ante 250
Gutii77 posts ante 250
tipech29 posts ante 250
WonderPoul posts ante 250
Ace anfla posts ante 250
Grandmamach posts ante 250
P1xel7 posts small blind 1000
Gutii77 posts big blind 2000
Dealt to P1xel7 [6h 8h]
*** PRE-FLOP *** 
tipech29 folds
WonderPoul folds
Ace anfla folds
Grandmamach raises 2500 to 4500
P1xel7 folds
Gutii77 calls 2500
*** FLOP *** [Jd Qs 2s]
Gutii77 checks
Grandmamach bets 4025
Gutii77 calls 4025
*** TURN *** [Jd Qs 2s][6d]
Gutii77 bets 12708
Grandmamach folds
Gutii77 collected 32258 from pot
*** SUMMARY ***
Total pot 32258 | No rake
Board: [Jd Qs 2s 6d]
Seat 2: Gutii77 (big blind) won 32258


Winamax Poker - Tournament "WESTERN" buyIn: 0.90€ + 0.10€ level: 14 - HandId: #3112689500946432020-124-1703626828 - Holdem no limit (250/1000/2000) - 2023/12/26 21:40:28 UTC
Table: 'WESTERN(724729500)#019' 6-max (real money) Seat #1 is the button
Seat 1: P1xel7 (63442, 0.45€ bounty)
Seat 2: Gutii77 (66743, 0.45€ bounty)
Seat 3: tipech29 (305238, 2.77€ bounty)
Seat 4: WonderPoul (36384, 0.67€ bounty)
Seat 5: Ace anfla (83203, 0.45€ bounty)
Seat 6: Grandmamach (68821, 0.67€ bounty)
*** ANTE/BLINDS ***
Gutii77 posts ante 250
tipech29 posts ante 250
P1xel7 posts ante 250
WonderPoul posts ante 250
Ace anfla posts ante 250
Grandmamach posts ante 250
Gutii77 posts small blind 1000
tipech29 posts big blind 2000
Dealt to P1xel7 [7d 4h]
*** PRE-FLOP *** 
WonderPoul folds
Ace anfla raises 2000 to 4000
Grandmamach folds
P1xel7 folds
Gutii77 folds
tipech29 calls 2000
*** FLOP *** [Js 2c 4s]
tipech29 checks
Ace anfla checks
*** TURN *** [Js 2c 4s][5h]
tipech29 bets 6825
Ace anfla folds
tipech29 collected 17325 from pot
*** SUMMARY ***
Total pot 17325 | No rake
Board: [Js 2c 4s 5h]
Seat 3: tipech29 (big blind) won 17325


Winamax Poker - Tournament "WESTERN" buyIn: 0.90€ + 0.10€ level: 14 - HandId: #3112689500946432020-125-1703626865 - Holdem no limit (250/1000/2000) - 2023/12/26 21:41:05 UTC
Table: 'WESTERN(724729500)#019' 6-max (real money) Seat #2 is the button
Seat 1: P1xel7 (63192, 0.45€ bounty)
Seat 2: Gutii77 (65493, 0.45€ bounty)
Seat 3: tipech29 (311488, 2.77€ bounty)
Seat 4: WonderPoul (36134, 0.67€ bounty)
Seat 5: Ace anfla (78953, 0.45€ bounty)
Seat 6: Grandmamach (68571, 0.67€ bounty)
*** ANTE/BLINDS ***
tipech29 posts ante 250
WonderPoul posts ante 250
P1xel7 posts ante 250
Gutii77 posts ante 250
Ace anfla posts ante 250
Grandmamach posts ante 250
tipech29 posts small blind 1000
WonderPoul posts big blind 2000
Dealt to P1xel7 [Td 3d]
*** PRE-FLOP *** 
Ace anfla folds
Grandmamach folds
P1xel7 folds
Gutii77 folds
tipech29 calls 1000
WonderPoul checks
*** FLOP *** [2c 4h 8c]
tipech29 checks
WonderPoul checks
*** TURN *** [2c 4h 8c][7h]
tipech29 checks
WonderPoul bets 5500
tipech29 folds
WonderPoul collected 11000 from pot
*** SUMMARY ***
Total pot 11000 | No rake
Board: [2c 4h 8c 7h]
Seat 4: WonderPoul (big blind) won 11000


Winamax Poker - Tournament "WESTERN" buyIn: 0.90€ + 0.10€ level: 14 - HandId: #3112689500946432020-126-1703626907 - Holdem no limit (250/1000/2000) - 2023/12/26 21:41:47 UTC
Table: 'WESTERN(724729500)#019' 6-max (real money) Seat #3 is the button
Seat 1: P1xel7 (62942, 0.45€ bounty)
Seat 2: Gutii77 (65243, 0.45€ bounty)
Seat 3: tipech29 (309238, 2.77€ bounty)
Seat 4: WonderPoul (39384, 0.67€ bounty)
Seat 5: Ace anfla (78703, 0.45€ bounty)
Seat 6: Grandmamach (68321, 0.67€ bounty)
*** ANTE/BLINDS ***
WonderPoul posts ante 250
Ace anfla posts ante 250
P1xel7 posts ante 250
Gutii77 posts ante 250
tipech29 posts ante 250
Grandmamach posts ante 250
WonderPoul posts small blind 1000
Ace anfla posts big blind 2000
Dealt to P1xel7 [Ac 8s]
*** PRE-FLOP *** 
Grandmamach folds
P1xel7 folds
Gutii77 folds
tipech29 folds
WonderPoul folds
Ace anfla collected 4500 from pot
*** SUMMARY ***
Total pot 4500 | No rake
Seat 5: Ace anfla (big blind) won 4500


Winamax Poker - Tournament "WESTERN" buyIn: 0.90€ + 0.10€ level: 14 - HandId: #3112689500946432020-127-1703626932 - Holdem no limit (250/1000/2000) - 2023/12/26 21:42:12 UTC
Table: 'WESTERN(724729500)#019' 6-max (real money) Seat #4 is the button
Seat 1: P1xel7 (62692, 0.45€ bounty)
Seat 2: Gutii77 (64993, 0.45€ bounty)
Seat 3: tipech29 (308988, 2.77€ bounty)
Seat 4: WonderPoul (38134, 0.67€ bounty)
Seat 5: Ace anfla (80953, 0.45€ bounty)
Seat 6: Grandmamach (68071, 0.67€ bounty)
*** ANTE/BLINDS ***
Ace anfla posts ante 250
Grandmamach posts ante 250
P1xel7 posts ante 250
Gutii77 posts ante 250
tipech29 posts ante 250
WonderPoul posts ante 250
Ace anfla posts small blind 1000
Grandmamach posts big blind 2000
Dealt to P1xel7 [Kh 4d]
*** PRE-FLOP *** 
P1xel7 folds
Gutii77 raises 3000 to 5000
tipech29 folds
WonderPoul folds
Ace anfla folds
Grandmamach raises 6250 to 11250
Gutii77 calls 6250
*** FLOP *** [Jd Qd 4c]
Grandmamach checks
Gutii77 bets 8750
Grandmamach folds
Gutii77 collected 33750 from pot
*** SUMMARY ***
Total pot 33750 | No rake
Board: [Jd Qd 4c]
Seat 2: Gutii77 won 33750


Winamax Poker - Tournament "WESTERN" buyIn: 0.90€ + 0.10€ level: 14 - HandId: #3112689500946432020-128-1703626965 - Holdem no limit (250/1000/2000) - 2023/12/26 21:42:45 UTC
Table: 'WESTERN(724729500)#019' 6-max (real money) Seat #5 is the button
Seat 1: P1xel7 (62442, 0.45€ bounty)
Seat 2: Gutii77 (78493, 0.45€ bounty)
Seat 3: tipech29 (308738, 2.77€ bounty)
Seat 4: WonderPoul (37884, 0.67€ bounty)
Seat 5: Ace anfla (79703, 0.45€ bounty)
Seat 6: Grandmamach (56571, 0.67€ bounty)
*** ANTE/BLINDS ***
Grandmamach posts ante 250
P1xel7 posts ante 250
Gutii77 posts ante 250
tipech29 posts ante 250
WonderPoul posts ante 250
Ace anfla posts ante 250
Grandmamach posts small blind 1000
P1xel7 posts big blind 2000
Dealt to P1xel7 [Ts 5s]
*** PRE-FLOP *** 
Gutii77 raises 2000 to 4000
tipech29 folds
WonderPoul raises 33634 to 37634 and is all-in
Ace anfla raises 41819 to 79453 and is all-in
Grandmamach folds
P1xel7 folds
Gutii77 folds
*** FLOP *** [2h Qc Jc]
*** TURN *** [2h Qc Jc][2s]
*** RIVER *** [2h Qc Jc 2s][5d]
*** SHOW DOWN ***
WonderPoul shows [Th Jh] (Two pairs : Jacks and 2)
Ace anfla shows [Qs Ah] (Two pairs : Queens and 2)
Ace anfla collected 125587 from pot
*** SUMMARY ***
Total pot 125587 | No rake
Board: [2h Qc Jc 2s 5d]
Seat 4: WonderPoul showed [Th Jh] and lost with Two pairs : Jacks and 2
Seat 5: Ace anfla (button) showed [Qs Ah] and won 125587 with Two pairs : Queens and 2


Winamax Poker - Tournament "WESTERN" buyIn: 0.90€ + 0.10€ level: 14 - HandId: #3112689500946432020-129-1703626991 - Holdem no limit (250/1000/2000) - 2023/12/26 21:43:11 UTC
Table: 'WESTERN(724729500)#019' 6-max (real money) Seat #6 is the button
Seat 1: P1xel7 (60192, 0.45€ bounty)
Seat 2: Gutii77 (74243, 0.45€ bounty)
Seat 3: tipech29 (308488, 2.77€ bounty)
Seat 5: Ace anfla (125587, 0.78€ bounty)
Seat 6: Grandmamach (55321, 0.67€ bounty)
*** ANTE/BLINDS ***
P1xel7 posts ante 250
Gutii77 posts ante 250
tipech29 posts ante 250
Ace anfla posts ante 250
Grandmamach posts ante 250
P1xel7 posts small blind 1000
Gutii77 posts big blind 2000
Dealt to P1xel7 [6c 2d]
*** PRE-FLOP *** 
tipech29 folds
Ace anfla raises 2000 to 4000
Grandmamach calls 4000
P1xel7 folds
Gutii77 calls 2000
*** FLOP *** [Kd Th Ad]
Gutii77 checks
Ace anfla bets 4988
Grandmamach folds
Gutii77 calls 4988
*** TURN *** [Kd Th Ad][Ah]
Gutii77 checks
Ace anfla bets 116349 and is all-in
Gutii77 calls 65005 and is all-in
*** RIVER *** [Kd Th Ad Ah][8d]
*** SHOW DOWN ***
Gutii77 shows [7d As] (Trips of Aces)
Ace anfla shows [Ts Kc] (Two pairs : Aces and Kings)
Ace anfla collected 51344 from side pot 1
Gutii77 collected 154236 from main pot
*** SUMMARY ***
Total pot 205580 | No rake
Board: [Kd Th Ad Ah 8d]
Seat 2: Gutii77 (big blind) showed [7d As] and won 154236 with Trips of Aces
Seat 5: Ace anfla showed [Ts Kc] and won 51344 with Two pairs : Aces and Kings


Winamax Poker - Tournament "WESTERN" buyIn: 0.90€ + 0.10€ level: 14 - HandId: #3112689500946432020-130-1703627025 - Holdem no limit (250/1000/2000) - 2023/12/26 21:43:45 UTC
Table: 'WESTERN(724729500)#019' 6-max (real money) Seat #1 is the button
Seat 1: P1xel7 (58942, 0.45€ bounty)
Seat 2: Gutii77 (154236, 0.45€ bounty)
Seat 3: tipech29 (308238, 2.77€ bounty)
Seat 5: Ace anfla (51344, 0.78€ bounty)
Seat 6: Grandmamach (51071, 0.67€ bounty)
*** ANTE/BLINDS ***
Gutii77 posts ante 250
tipech29 posts ante 250
P1xel7 posts ante 250
Ace anfla posts ante 250
Grandmamach posts ante 250
Gutii77 posts small blind 1000
tipech29 posts big blind 2000
Dealt to P1xel7 [9d 3h]
*** PRE-FLOP *** 
Ace anfla folds
Grandmamach folds
P1xel7 folds
Gutii77 raises 2000 to 4000
tipech29 calls 2000
*** FLOP *** [Ah 6s Ac]
Gutii77 checks
tipech29 checks
*** TURN *** [Ah 6s Ac][Ts]
Gutii77 bets 3238
tipech29 calls 3238
*** RIVER *** [Ah 6s Ac Ts][Ks]
Gutii77 bets 5504
tipech29 raises 5779 to 11283
Gutii77 calls 5779
*** SHOW DOWN ***
Gutii77 shows [7c 7d] (Two pairs : Aces and 7)
tipech29 shows [As 4c] (Trips of Aces)
tipech29 collected 38292 from pot
*** SUMMARY ***
Total pot 38292 | No rake
Board: [Ah 6s Ac Ts Ks]
Seat 2: Gutii77 (small blind) showed [7c 7d] and lost with Two pairs : Aces and 7
Seat 3: tipech29 (big blind) showed [As 4c] and won 38292 with Trips of Aces


Winamax Poker - Tournament "WESTERN" buyIn: 0.90€ + 0.10€ level: 14 - HandId: #3112689500946432020-131-1703627055 - Holdem no limit (250/1000/2000) - 2023/12/26 21:44:15 UTC
Table: 'WESTERN(724729500)#019' 6-max (real money) Seat #2 is the button
Seat 1: P1xel7 (58692, 0.45€ bounty)
Seat 2: Gutii77 (135465, 0.45€ bounty)
Seat 3: tipech29 (327759, 2.77€ bounty)
Seat 4: velka moklo (66992, 0.45€ bounty)
Seat 5: Ace anfla (51094, 0.78€ bounty)
Seat 6: Grandmamach (50821, 0.67€ bounty)
*** ANTE/BLINDS ***
tipech29 posts ante 250
velka moklo posts ante 250
P1xel7 posts ante 250
Gutii77 posts ante 250
Ace anfla posts ante 250
Grandmamach posts ante 250
tipech29 posts small blind 1000
velka moklo posts big blind 2000
Dealt to P1xel7 [3c 4d]
*** PRE-FLOP *** 
Ace anfla folds
Grandmamach raises 2500 to 4500
P1xel7 folds
Gutii77 folds
tipech29 folds
velka moklo folds
Grandmamach collected 9000 from pot
*** SUMMARY ***
Total pot 9000 | No rake
Seat 6: Grandmamach won 9000


Winamax Poker - Tournament "WESTERN" buyIn: 0.90€ + 0.10€ level: 14 - HandId: #3112689500946432020-132-1703627071 - Holdem no limit (250/1000/2000) - 2023/12/26 21:44:31 UTC
Table: 'WESTERN(724729500)#019' 6-max (real money) Seat #3 is the button
Seat 1: P1xel7 (58442, 0.45€ bounty)
Seat 2: Gutii77 (135215, 0.45€ bounty)
Seat 3: tipech29 (326509, 2.77€ bounty)
Seat 4: velka moklo (64742, 0.45€ bounty)
Seat 5: Ace anfla (50844, 0.78€ bounty)
*** ANTE/BLINDS ***
velka moklo posts ante 250
Ace anfla posts ante 250
P1xel7 posts ante 250
Gutii77 posts ante 250
tipech29 posts ante 250
velka moklo posts small blind 1000
Ace anfla posts big blind 2000
Dealt to P1xel7 [6s 6d]
*** PRE-FLOP *** 
P1xel7 raises 2400 to 4400
Gutii77 folds
tipech29 folds
velka moklo folds
Ace anfla folds
P1xel7 collected 8650 from pot
*** SUMMARY ***
Total pot 8650 | No rake
Seat 1: P1xel7 won 8650


Winamax Poker - Tournament "WESTERN" buyIn: 0.90€ + 0.10€ level: 14 - HandId: #3112689500946432020-133-1703627089 - Holdem no limit (250/1000/2000) - 2023/12/26 21:44:49 UTC
Table: 'WESTERN(724729500)#019' 6-max (real money) Seat #4 is the button
Seat 1: P1xel7 (62442, 0.45€ bounty)
Seat 2: Gutii77 (134965, 0.45€ bounty)
Seat 3: tipech29 (326259, 2.77€ bounty)
Seat 4: velka moklo (63492, 0.45€ bounty)
Seat 5: Ace anfla (48594, 0.78€ bounty)
*** ANTE/BLINDS ***
Ace anfla posts ante 250
P1xel7 posts ante 250
Gutii77 posts ante 250
tipech29 posts ante 250
velka moklo posts ante 250
Ace anfla posts small blind 1000
P1xel7 posts big blind 2000
Dealt to P1xel7 [9c 5c]
*** PRE-FLOP *** 
Gutii77 raises 2000 to 4000
tipech29 folds
velka moklo folds
Ace anfla calls 3000
P1xel7 folds
*** FLOP *** [Kd 2d 8s]
Ace anfla checks
Gutii77 bets 5625
Ace anfla folds
Gutii77 collected 16875 from pot
*** SUMMARY ***
Total pot 16875 | No rake
Board: [Kd 2d 8s]
Seat 2: Gutii77 won 16875


Winamax Poker - Tournament "WESTERN" buyIn: 0.90€ + 0.10€ level: 15 - HandId: #3112689500946432020-134-1703627113 - Holdem no limit (300/1250/2500) - 2023/12/26 21:45:13 UTC
Table: 'WESTERN(724729500)#019' 6-max (real money) Seat #5 is the button
Seat 1: P1xel7 (60192, 0.45€ bounty)
Seat 2: Gutii77 (141965, 0.45€ bounty)
Seat 3: tipech29 (326009, 2.77€ bounty)
Seat 4: velka moklo (63242, 0.45€ bounty)
Seat 5: Ace anfla (44344, 0.78€ bounty)
Seat 6: Sreyna (20740, 0.45€ bounty)
*** ANTE/BLINDS ***
P1xel7 posts ante 300
Gutii77 posts ante 300
tipech29 posts ante 300
velka moklo posts ante 300
Ace anfla posts ante 300
P1xel7 posts small blind 1250
Gutii77 posts big blind 2500
Dealt to P1xel7 [9h 9c]
*** PRE-FLOP *** 
tipech29 folds
velka moklo raises 2500 to 5000
Ace anfla folds
P1xel7 raises 11250 to 16250
Gutii77 folds
velka moklo folds
P1xel7 collected 25250 from pot
*** SUMMARY ***
Total pot 25250 | No rake
Seat 1: P1xel7 (small blind) won 25250


Winamax Poker - Tournament "WESTERN" buyIn: 0.90€ + 0.10€ level: 15 - HandId: #3112689500946432020-135-1703627156 - Holdem no limit (300/1250/2500) - 2023/12/26 21:45:56 UTC
Table: 'WESTERN(724729500)#019' 6-max (real money) Seat #1 is the button
Seat 1: P1xel7 (68892, 0.45€ bounty)
Seat 2: Gutii77 (139165, 0.45€ bounty)
Seat 3: tipech29 (325709, 2.77€ bounty)
Seat 4: velka moklo (57942, 0.45€ bounty)
Seat 5: Ace anfla (44044, 0.78€ bounty)
Seat 6: Sreyna (20740, 0.45€ bounty)
*** ANTE/BLINDS ***
Gutii77 posts ante 300
tipech29 posts ante 300
P1xel7 posts ante 300
velka moklo posts ante 300
Ace anfla posts ante 300
Sreyna posts ante 300
Gutii77 posts small blind 1250
tipech29 posts big blind 2500
Dealt to P1xel7 [3s 6d]
*** PRE-FLOP *** 
velka moklo folds
Ace anfla raises 41244 to 43744 and is all-in
Sreyna folds
P1xel7 folds
Gutii77 folds
tipech29 folds
Ace anfla collected 49294 from pot
*** SUMMARY ***
Total pot 49294 | No rake
Seat 5: Ace anfla won 49294


Winamax Poker - Tournament "WESTERN" buyIn: 0.90€ + 0.10€ level: 15 - HandId: #3112689500946432020-136-1703627184 - Holdem no limit (300/1250/2500) - 2023/12/26 21:46:24 UTC
Table: 'WESTERN(724729500)#019' 6-max (real money) Seat #2 is the button
Seat 1: P1xel7 (68592, 0.45€ bounty)
Seat 2: Gutii77 (137615, 0.45€ bounty)
Seat 3: tipech29 (322909, 2.77€ bounty)
Seat 4: velka moklo (57642, 0.45€ bounty)
Seat 5: Ace anfla (49294, 0.78€ bounty)
Seat 6: Sreyna (20440, 0.45€ bounty)
*** ANTE/BLINDS ***
tipech29 posts ante 300
velka moklo posts ante 300
P1xel7 posts ante 300
Gutii77 posts ante 300
Ace anfla posts ante 300
Sreyna posts ante 300
tipech29 posts small blind 1250
velka moklo posts big blind 2500
Dealt to P1xel7 [4d Jd]
*** PRE-FLOP *** 
Ace anfla folds
Sreyna calls 2500
P1xel7 folds
Gutii77 folds
tipech29 calls 1250
velka moklo checks
*** FLOP *** [Kd 2h 3d]
tipech29 checks
velka moklo checks
Sreyna bets 3255
tipech29 folds
velka moklo folds
Sreyna collected 12555 from pot
*** SUMMARY ***
Total pot 12555 | No rake
Board: [Kd 2h 3d]
Seat 6: Sreyna won 12555


Winamax Poker - Tournament "WESTERN" buyIn: 0.90€ + 0.10€ level: 15 - HandId: #3112689500946432020-137-1703627221 - Holdem no limit (300/1250/2500) - 2023/12/26 21:47:01 UTC
Table: 'WESTERN(724729500)#019' 6-max (real money) Seat #3 is the button
Seat 1: P1xel7 (68292, 0.45€ bounty)
Seat 2: Gutii77 (137315, 0.45€ bounty)
Seat 3: tipech29 (320109, 2.77€ bounty)
Seat 4: velka moklo (54842, 0.45€ bounty)
Seat 5: Ace anfla (48994, 0.78€ bounty)
Seat 6: Sreyna (26940, 0.45€ bounty)
*** ANTE/BLINDS ***
velka moklo posts ante 300
Ace anfla posts ante 300
P1xel7 posts ante 300
Gutii77 posts ante 300
tipech29 posts ante 300
Sreyna posts ante 300
velka moklo posts small blind 1250
Ace anfla posts big blind 2500
Dealt to P1xel7 [Kh 3c]
*** PRE-FLOP *** 
Sreyna folds
P1xel7 folds
Gutii77 folds
tipech29 folds
velka moklo calls 1250
Ace anfla checks
*** FLOP *** [Qc 5h 9c]
velka moklo checks
Ace anfla checks
*** TURN *** [Qc 5h 9c][Qd]
velka moklo checks
Ace anfla checks
*** RIVER *** [Qc 5h 9c Qd][5s]
velka moklo checks
Ace anfla checks
*** SHOW DOWN ***
velka moklo shows [8s Js] (Two pairs : Queens and 5)
Ace anfla shows [Jh 8d] (Two pairs : Queens and 5)
Ace anfla collected 3400 from pot
velka moklo collected 3400 from pot
*** SUMMARY ***
Total pot 6800 | No rake
Board: [Qc 5h 9c Qd 5s]
Seat 4: velka moklo (small blind) showed [8s Js] and won 3400 with Two pairs : Queens and 5
Seat 5: Ace anfla (big blind) showed [Jh 8d] and won 3400 with Two pairs : Queens and 5


Winamax Poker - Tournament "WESTERN" buyIn: 0.90€ + 0.10€ level: 15 - HandId: #3112689500946432020-138-1703627269 - Holdem no limit (300/1250/2500) - 2023/12/26 21:47:49 UTC
Table: 'WESTERN(724729500)#019' 6-max (real money) Seat #4 is the button
Seat 1: P1xel7 (67992, 0.45€ bounty)
Seat 2: Gutii77 (137015, 0.45€ bounty)
Seat 3: tipech29 (319809, 2.77€ bounty)
Seat 4: velka moklo (55442, 0.45€ bounty)
Seat 5: Ace anfla (49594, 0.78€ bounty)
Seat 6: Sreyna (26640, 0.45€ bounty)
*** ANTE/BLINDS ***
Ace anfla posts ante 300
Sreyna posts ante 300
P1xel7 posts ante 300
Gutii77 posts ante 300
tipech29 posts ante 300
velka moklo posts ante 300
Ace anfla posts small blind 1250
Sreyna posts big blind 2500
Dealt to P1xel7 [7h 4d]
*** PRE-FLOP *** 
P1xel7 folds
Gutii77 raises 2500 to 5000
tipech29 folds
velka moklo folds
Ace anfla calls 3750
Sreyna folds
*** FLOP *** [9c Th Qc]
Ace anfla checks
Gutii77 bets 3575
Ace anfla folds
Gutii77 collected 17875 from pot
*** SUMMARY ***
Total pot 17875 | No rake
Board: [9c Th Qc]
Seat 2: Gutii77 won 17875


Winamax Poker - Tournament "WESTERN" buyIn: 0.90€ + 0.10€ level: 15 - HandId: #3112689500946432020-139-1703627314 - Holdem no limit (300/1250/2500) - 2023/12/26 21:48:34 UTC
Table: 'WESTERN(724729500)#019' 6-max (real money) Seat #5 is the button
Seat 1: P1xel7 (67692, 0.45€ bounty)
Seat 2: Gutii77 (146015, 0.45€ bounty)
Seat 3: tipech29 (319509, 2.77€ bounty)
Seat 4: velka moklo (55142, 0.45€ bounty)
Seat 5: Ace anfla (44294, 0.78€ bounty)
Seat 6: Sreyna (23840, 0.45€ bounty)
*** ANTE/BLINDS ***
Sreyna posts ante 300
P1xel7 posts ante 300
Gutii77 posts ante 300
tipech29 posts ante 300
velka moklo posts ante 300
Ace anfla posts ante 300
Sreyna posts small blind 1250
P1xel7 posts big blind 2500
Dealt to P1xel7 [7s 9h]
*** PRE-FLOP *** 
Gutii77 folds
tipech29 raises 3750 to 6250
velka moklo folds
Ace anfla folds
Sreyna folds
P1xel7 folds
tipech29 collected 11800 from pot
*** SUMMARY ***
Total pot 11800 | No rake
Seat 3: tipech29 won 11800


Winamax Poker - Tournament "WESTERN" buyIn: 0.90€ + 0.10€ level: 15 - HandId: #3112689500946432020-140-1703627342 - Holdem no limit (300/1250/2500) - 2023/12/26 21:49:02 UTC
Table: 'WESTERN(724729500)#019' 6-max (real money) Seat #6 is the button
Seat 1: P1xel7 (64892, 0.45€ bounty)
Seat 2: Gutii77 (145715, 0.45€ bounty)
Seat 3: tipech29 (324759, 2.77€ bounty)
Seat 4: velka moklo (54842, 0.45€ bounty)
Seat 5: Ace anfla (43994, 0.78€ bounty)
Seat 6: Sreyna (22290, 0.45€ bounty)
*** ANTE/BLINDS ***
P1xel7 posts ante 300
Gutii77 posts ante 300
tipech29 posts ante 300
velka moklo posts ante 300
Ace anfla posts ante 300
Sreyna posts ante 300
P1xel7 posts small blind 1250
Gutii77 posts big blind 2500
Dealt to P1xel7 [4s 5c]
*** PRE-FLOP *** 
tipech29 folds
velka moklo folds
Ace anfla raises 41194 to 43694 and is all-in
Sreyna folds
P1xel7 folds
Gutii77 folds
Ace anfla collected 49244 from pot
*** SUMMARY ***
Total pot 49244 | No rake
Seat 5: Ace anfla won 49244


Winamax Poker - Tournament "WESTERN" buyIn: 0.90€ + 0.10€ level: 15 - HandId: #3112689500946432020-141-1703627360 - Holdem no limit (300/1250/2500) - 2023/12/26 21:49:20 UTC
Table: 'WESTERN(724729500)#019' 6-max (real money) Seat #1 is the button
Seat 1: P1xel7 (63342, 0.45€ bounty)
Seat 2: Gutii77 (142915, 0.45€ bounty)
Seat 3: tipech29 (324459, 2.77€ bounty)
Seat 4: velka moklo (54542, 0.45€ bounty)
Seat 5: Ace anfla (49244, 0.78€ bounty)
Seat 6: Sreyna (21990, 0.45€ bounty)
*** ANTE/BLINDS ***
Gutii77 posts ante 300
tipech29 posts ante 300
P1xel7 posts ante 300
velka moklo posts ante 300
Ace anfla posts ante 300
Sreyna posts ante 300
Gutii77 posts small blind 1250
tipech29 posts big blind 2500
Dealt to P1xel7 [6c 3s]
*** PRE-FLOP *** 
velka moklo folds
Ace anfla folds
Sreyna folds
P1xel7 folds
Gutii77 folds
tipech29 collected 5550 from pot
*** SUMMARY ***
Total pot 5550 | No rake
Seat 3: tipech29 (big blind) won 5550


Winamax Poker - Tournament "WESTERN" buyIn: 0.90€ + 0.10€ level: 15 - HandId: #3112689500946432020-142-1703627375 - Holdem no limit (300/1250/2500) - 2023/12/26 21:49:35 UTC
Table: 'WESTERN(724729500)#019' 6-max (real money) Seat #2 is the button
Seat 1: P1xel7 (63042, 0.45€ bounty)
Seat 2: Gutii77 (141365, 0.45€ bounty)
Seat 3: tipech29 (327209, 2.77€ bounty)
Seat 4: velka moklo (54242, 0.45€ bounty)
Seat 5: Ace anfla (48944, 0.78€ bounty)
Seat 6: Sreyna (21690, 0.45€ bounty)
*** ANTE/BLINDS ***
tipech29 posts ante 300
velka moklo posts ante 300
P1xel7 posts ante 300
Gutii77 posts ante 300
Ace anfla posts ante 300
Sreyna posts ante 300
tipech29 posts small blind 1250
velka moklo posts big blind 2500
Dealt to P1xel7 [3s 5d]
*** PRE-FLOP *** 
Ace anfla folds
Sreyna folds
P1xel7 folds
Gutii77 folds
tipech29 raises 2500 to 5000
velka moklo calls 2500
*** FLOP *** [Tc 6s As]
tipech29 bets 4130
velka moklo folds
tipech29 collected 15930 from pot
*** SUMMARY ***
Total pot 15930 | No rake
Board: [Tc 6s As]
Seat 3: tipech29 (small blind) won 15930


Winamax Poker - Tournament "WESTERN" buyIn: 0.90€ + 0.10€ level: 15 - HandId: #3112689500946432020-143-1703627415 - Holdem no limit (300/1250/2500) - 2023/12/26 21:50:15 UTC
Table: 'WESTERN(724729500)#019' 6-max (real money) Seat #3 is the button
Seat 1: P1xel7 (62742, 0.45€ bounty)
Seat 2: Gutii77 (141065, 0.45€ bounty)
Seat 3: tipech29 (333709, 2.77€ bounty)
Seat 4: velka moklo (48942, 0.45€ bounty)
Seat 5: Ace anfla (48644, 0.78€ bounty)
Seat 6: Sreyna (21390, 0.45€ bounty)
*** ANTE/BLINDS ***
velka moklo posts ante 300
Ace anfla posts ante 300
P1xel7 posts ante 300
Gutii77 posts ante 300
tipech29 posts ante 300
Sreyna posts ante 300
velka moklo posts small blind 1250
Ace anfla posts big blind 2500
Dealt to P1xel7 [4d 6c]
*** PRE-FLOP *** 
Sreyna calls 2500
P1xel7 folds
Gutii77 raises 2500 to 5000
tipech29 folds
velka moklo folds
Ace anfla folds
Sreyna calls 2500
*** FLOP *** [Qc 8d 6s]
Sreyna checks
Gutii77 bets 5443
Sreyna folds
Gutii77 collected 20993 from pot
*** SUMMARY ***
Total pot 20993 | No rake
Board: [Qc 8d 6s]
Seat 2: Gutii77 won 20993


Winamax Poker - Tournament "WESTERN" buyIn: 0.90€ + 0.10€ level: 16 - HandId: #3112689500946432020-144-1703627465 - Holdem no limit (350/1500/3000) - 2023/12/26 21:51:05 UTC
Table: 'WESTERN(724729500)#019' 6-max (real money) Seat #4 is the button
Seat 1: P1xel7 (62442, 0.45€ bounty)
Seat 2: Gutii77 (151315, 0.45€ bounty)
Seat 3: tipech29 (333409, 2.77€ bounty)
Seat 4: velka moklo (47392, 0.45€ bounty)
Seat 5: Ace anfla (45844, 0.78€ bounty)
Seat 6: Sreyna (16090, 0.45€ bounty)
*** ANTE/BLINDS ***
Ace anfla posts ante 350
Sreyna posts ante 350
P1xel7 posts ante 350
Gutii77 posts ante 350
tipech29 posts ante 350
velka moklo posts ante 350
Ace anfla posts small blind 1500
Sreyna posts big blind 3000
Dealt to P1xel7 [9c 6d]
*** PRE-FLOP *** 
P1xel7 folds
Gutii77 folds
tipech29 folds
velka moklo folds
Ace anfla folds
Sreyna collected 6600 from pot
*** SUMMARY ***
Total pot 6600 | No rake
Seat 6: Sreyna (big blind) won 6600


Winamax Poker - Tournament "WESTERN" buyIn: 0.90€ + 0.10€ level: 16 - HandId: #3112689500946432020-145-1703627488 - Holdem no limit (350/1500/3000) - 2023/12/26 21:51:28 UTC
Table: 'WESTERN(724729500)#019' 6-max (real money) Seat #5 is the button
Seat 1: P1xel7 (62092, 0.45€ bounty)
Seat 2: Gutii77 (150965, 0.45€ bounty)
Seat 3: tipech29 (333059, 2.77€ bounty)
Seat 4: velka moklo (47042, 0.45€ bounty)
Seat 5: Ace anfla (43994, 0.78€ bounty)
Seat 6: Sreyna (19340, 0.45€ bounty)
*** ANTE/BLINDS ***
Sreyna posts ante 350
P1xel7 posts ante 350
Gutii77 posts ante 350
tipech29 posts ante 350
velka moklo posts ante 350
Ace anfla posts ante 350
Sreyna posts small blind 1500
P1xel7 posts big blind 3000
Dealt to P1xel7 [Qd Jc]
*** PRE-FLOP *** 
Gutii77 folds
tipech29 folds
velka moklo folds
Ace anfla folds
Sreyna folds
P1xel7 collected 6600 from pot
*** SUMMARY ***
Total pot 6600 | No rake
Seat 1: P1xel7 (big blind) won 6600


Winamax Poker - Tournament "WESTERN" buyIn: 0.90€ + 0.10€ level: 16 - HandId: #3112689500946432020-146-1703627505 - Holdem no limit (350/1500/3000) - 2023/12/26 21:51:45 UTC
Table: 'WESTERN(724729500)#019' 6-max (real money) Seat #6 is the button
Seat 1: P1xel7 (65342, 0.45€ bounty)
Seat 2: Gutii77 (150615, 0.45€ bounty)
Seat 3: tipech29 (332709, 2.77€ bounty)
Seat 4: velka moklo (46692, 0.45€ bounty)
Seat 5: Ace anfla (43644, 0.78€ bounty)
Seat 6: Sreyna (17490, 0.45€ bounty)
*** ANTE/BLINDS ***
P1xel7 posts ante 350
Gutii77 posts ante 350
tipech29 posts ante 350
velka moklo posts ante 350
Ace anfla posts ante 350
Sreyna posts ante 350
P1xel7 posts small blind 1500
Gutii77 posts big blind 3000
Dealt to P1xel7 [As 5d]
*** PRE-FLOP *** 
tipech29 folds
velka moklo folds
Ace anfla folds
Sreyna folds
P1xel7 folds
Gutii77 collected 6600 from pot
*** SUMMARY ***
Total pot 6600 | No rake
Seat 2: Gutii77 (big blind) won 6600


Winamax Poker - Tournament "WESTERN" buyIn: 0.90€ + 0.10€ level: 16 - HandId: #3112689500946432020-147-1703627530 - Holdem no limit (350/1500/3000) - 2023/12/26 21:52:10 UTC
Table: 'WESTERN(724729500)#019' 6-max (real money) Seat #1 is the button
Seat 1: P1xel7 (63492, 0.45€ bounty)
Seat 2: Gutii77 (153865, 0.45€ bounty)
Seat 3: tipech29 (332359, 2.77€ bounty)
Seat 4: velka moklo (46342, 0.45€ bounty)
Seat 5: Ace anfla (43294, 0.78€ bounty)
Seat 6: Sreyna (17140, 0.45€ bounty)
*** ANTE/BLINDS ***
Gutii77 posts ante 350
tipech29 posts ante 350
P1xel7 posts ante 350
velka moklo posts ante 350
Ace anfla posts ante 350
Sreyna posts ante 350
Gutii77 posts small blind 1500
tipech29 posts big blind 3000
Dealt to P1xel7 [Jc As]
*** PRE-FLOP *** 
velka moklo raises 42992 to 45992 and is all-in
Ace anfla calls 42944 and is all-in
Sreyna folds
P1xel7 folds
Gutii77 folds
tipech29 folds
*** FLOP *** [3d 9d Td]
*** TURN *** [3d 9d Td][Th]
*** RIVER *** [3d 9d Td Th][2c]
*** SHOW DOWN ***
Ace anfla shows [Kc Kd] (Two pairs : Kings and Tens)
velka moklo shows [9c 9s] (Full of 9 and Tens)
velka moklo collected 95536 from pot
*** SUMMARY ***
Total pot 95536 | No rake
Board: [3d 9d Td Th 2c]
Seat 4: velka moklo showed [9c 9s] and won 95536 with Full of 9 and Tens
Seat 5: Ace anfla showed [Kc Kd] and lost with Two pairs : Kings and Tens


Winamax Poker - Tournament "WESTERN" buyIn: 0.90€ + 0.10€ level: 16 - HandId: #3112689500946432020-148-1703627594 - Holdem no limit (350/1500/3000) - 2023/12/26 21:53:14 UTC
Table: 'WESTERN(724729500)#019' 6-max (real money) Seat #2 is the button
Seat 1: P1xel7 (63142, 0.45€ bounty)
Seat 2: Gutii77 (152015, 0.45€ bounty)
Seat 3: tipech29 (329009, 2.77€ bounty)
Seat 4: velka moklo (95536, 0.84€ bounty)
Seat 6: Sreyna (16790, 0.45€ bounty)
*** ANTE/BLINDS ***
tipech29 posts ante 350
velka moklo posts ante 350
P1xel7 posts ante 350
Gutii77 posts ante 350
Sreyna posts ante 350
tipech29 posts small blind 1500
velka moklo posts big blind 3000
Dealt to P1xel7 [3d Tc]
*** PRE-FLOP *** 
Sreyna folds
P1xel7 folds
Gutii77 folds
tipech29 raises 4500 to 7500
velka moklo calls 4500
*** FLOP *** [7h Ac Ks]
tipech29 bets 5863
velka moklo folds
tipech29 collected 22613 from pot
*** SUMMARY ***
Total pot 22613 | No rake
Board: [7h Ac Ks]
Seat 3: tipech29 (small blind) won 22613


Winamax Poker - Tournament "WESTERN" buyIn: 0.90€ + 0.10€ level: 16 - HandId: #3112689500946432020-149-1703627615 - Holdem no limit (350/1500/3000) - 2023/12/26 21:53:35 UTC
Table: 'WESTERN(724729500)#019' 6-max (real money) Seat #3 is the button
Seat 1: P1xel7 (62792, 0.45€ bounty)
Seat 2: Gutii77 (151665, 0.45€ bounty)
Seat 3: tipech29 (337909, 2.77€ bounty)
Seat 4: velka moklo (87686, 0.84€ bounty)
Seat 5: nolimite71 (124506, 1.22€ bounty)
Seat 6: Sreyna (16440, 0.45€ bounty)
*** ANTE/BLINDS ***
velka moklo posts ante 350
nolimite71 posts ante 350
P1xel7 posts ante 350
Gutii77 posts ante 350
tipech29 posts ante 350
Sreyna posts ante 350
velka moklo posts small blind 1500
nolimite71 posts big blind 3000
Dealt to P1xel7 [4h 7s]
*** PRE-FLOP *** 
Sreyna folds
P1xel7 folds
Gutii77 folds
tipech29 raises 3000 to 6000
velka moklo folds
nolimite71 folds
tipech29 collected 12600 from pot
*** SUMMARY ***
Total pot 12600 | No rake
Seat 3: tipech29 (button) won 12600


Winamax Poker - Tournament "WESTERN" buyIn: 0.90€ + 0.10€ level: 16 - HandId: #3112689500946432020-150-1703627648 - Holdem no limit (350/1500/3000) - 2023/12/26 21:54:08 UTC
Table: 'WESTERN(724729500)#019' 6-max (real money) Seat #4 is the button
Seat 1: P1xel7 (62442, 0.45€ bounty)
Seat 2: Gutii77 (151315, 0.45€ bounty)
Seat 3: tipech29 (344159, 2.77€ bounty)
Seat 4: velka moklo (85836, 0.84€ bounty)
Seat 5: nolimite71 (121156, 1.22€ bounty)
Seat 6: Sreyna (16090, 0.45€ bounty)
*** ANTE/BLINDS ***
nolimite71 posts ante 350
Sreyna posts ante 350
P1xel7 posts ante 350
Gutii77 posts ante 350
tipech29 posts ante 350
velka moklo posts ante 350
nolimite71 posts small blind 1500
Sreyna posts big blind 3000
Dealt to P1xel7 [Kd As]
*** PRE-FLOP *** 
P1xel7 raises 3600 to 6600
Gutii77 calls 6600
tipech29 folds
velka moklo folds
nolimite71 folds
Sreyna folds
*** FLOP *** [Ts Jh 6d]
P1xel7 bets 6930
Gutii77 calls 6930
*** TURN *** [Ts Jh 6d][7h]
P1xel7 checks
Gutii77 bets 16830
P1xel7 calls 16830
*** RIVER *** [Ts Jh 6d 7h][4h]
P1xel7 checks
Gutii77 checks
*** SHOW DOWN ***
P1xel7 shows [Kd As] (High card : Ace)
Gutii77 shows [Ks Th] (One pair : Tens)
Gutii77 collected 67320 from pot
*** SUMMARY ***
Total pot 67320 | No rake
Board: [Ts Jh 6d 7h 4h]
Seat 1: P1xel7 showed [Kd As] and lost with High card : Ace
Seat 2: Gutii77 showed [Ks Th] and won 67320 with One pair : Tens


Winamax Poker - Tournament "WESTERN" buyIn: 0.90€ + 0.10€ level: 16 - HandId: #3112689500946432020-151-1703627690 - Holdem no limit (350/1500/3000) - 2023/12/26 21:54:50 UTC
Table: 'WESTERN(724729500)#019' 6-max (real money) Seat #5 is the button
Seat 1: P1xel7 (31732, 0.45€ bounty)
Seat 2: Gutii77 (187925, 0.45€ bounty)
Seat 3: tipech29 (343809, 2.77€ bounty)
Seat 4: velka moklo (85486, 0.84€ bounty)
Seat 5: nolimite71 (119306, 1.22€ bounty)
Seat 6: Sreyna (12740, 0.45€ bounty)
*** ANTE/BLINDS ***
Sreyna posts ante 350
P1xel7 posts ante 350
Gutii77 posts ante 350
tipech29 posts ante 350
velka moklo posts ante 350
nolimite71 posts ante 350
Sreyna posts small blind 1500
P1xel7 posts big blind 3000
Dealt to P1xel7 [4d Td]
*** PRE-FLOP *** 
Gutii77 folds
tipech29 folds
velka moklo folds
nolimite71 raises 115956 to 118956 and is all-in
Sreyna calls 10890 and is all-in
P1xel7 folds
*** FLOP *** [6s 2d Ah]
*** TURN *** [6s 2d Ah][5h]
*** RIVER *** [6s 2d Ah 5h][7c]
*** SHOW DOWN ***
Sreyna shows [Kd 9d] (High card : Ace)
nolimite71 shows [Ac 4h] (One pair : Aces)
nolimite71 collected 136446 from pot
*** SUMMARY ***
Total pot 136446 | No rake
Board: [6s 2d Ah 5h 7c]
Seat 5: nolimite71 (button) showed [Ac 4h] and won 136446 with One pair : Aces
Seat 6: Sreyna (small blind) showed [Kd 9d] and lost with High card : Ace


Winamax Poker - Tournament "WESTERN" buyIn: 0.90€ + 0.10€ level: 16 - HandId: #3112689500946432020-152-1703628060 - Holdem no limit (350/1500/3000) - 2023/12/26 22:01:00 UTC
Table: 'WESTERN(724729500)#019' 6-max (real money) Seat #6 is the button
Seat 1: P1xel7 (28382, 0.45€ bounty)
Seat 2: Gutii77 (187575, 0.45€ bounty)
Seat 3: tipech29 (343459, 2.77€ bounty)
Seat 4: velka moklo (85136, 0.84€ bounty)
Seat 5: nolimite71 (136446, 1.44€ bounty)
Seat 6: Percheron61 (70161, 0.67€ bounty)
*** ANTE/BLINDS ***
P1xel7 posts ante 350
Gutii77 posts ante 350
tipech29 posts ante 350
velka moklo posts ante 350
nolimite71 posts ante 350
P1xel7 posts small blind 1500
Gutii77 posts big blind 3000
Dealt to P1xel7 [6h Js]
*** PRE-FLOP *** 
tipech29 folds
velka moklo folds
nolimite71 folds
P1xel7 folds
Gutii77 collected 6250 from pot
*** SUMMARY ***
Total pot 6250 | No rake
Seat 2: Gutii77 (big blind) won 6250


Winamax Poker - Tournament "WESTERN" buyIn: 0.90€ + 0.10€ level: 16 - HandId: #3112689500946432020-153-1703628074 - Holdem no limit (350/1500/3000) - 2023/12/26 22:01:14 UTC
Table: 'WESTERN(724729500)#019' 6-max (real money) Seat #1 is the button
Seat 1: P1xel7 (26532, 0.45€ bounty)
Seat 2: Gutii77 (190475, 0.45€ bounty)
Seat 3: tipech29 (343109, 2.77€ bounty)
Seat 4: velka moklo (84786, 0.84€ bounty)
Seat 5: nolimite71 (136096, 1.44€ bounty)
Seat 6: Percheron61 (70161, 0.67€ bounty)
*** ANTE/BLINDS ***
Gutii77 posts ante 350
tipech29 posts ante 350
P1xel7 posts ante 350
velka moklo posts ante 350
nolimite71 posts ante 350
Percheron61 posts ante 350
Gutii77 posts small blind 1500
tipech29 posts big blind 3000
Dealt to P1xel7 [3s 2c]
*** PRE-FLOP *** 
velka moklo folds
nolimite71 folds
Percheron61 calls 3000
P1xel7 folds
Gutii77 calls 1500
tipech29 checks
*** FLOP *** [8s Ac 2s]
Gutii77 bets 3885
tipech29 folds
Percheron61 folds
Gutii77 collected 14985 from pot
*** SUMMARY ***
Total pot 14985 | No rake
Board: [8s Ac 2s]
Seat 2: Gutii77 (small blind) won 14985


Winamax Poker - Tournament "WESTERN" buyIn: 0.90€ + 0.10€ level: 16 - HandId: #3112689500946432020-154-1703628104 - Holdem no limit (350/1500/3000) - 2023/12/26 22:01:44 UTC
Table: 'WESTERN(724729500)#019' 6-max (real money) Seat #2 is the button
Seat 1: P1xel7 (26182, 0.45€ bounty)
Seat 2: Gutii77 (198225, 0.45€ bounty)
Seat 3: tipech29 (339759, 2.77€ bounty)
Seat 4: velka moklo (84436, 0.84€ bounty)
Seat 5: nolimite71 (135746, 1.44€ bounty)
Seat 6: Percheron61 (66811, 0.67€ bounty)
*** ANTE/BLINDS ***
tipech29 posts ante 350
velka moklo posts ante 350
P1xel7 posts ante 350
Gutii77 posts ante 350
nolimite71 posts ante 350
Percheron61 posts ante 350
tipech29 posts small blind 1500
velka moklo posts big blind 3000
Dealt to P1xel7 [Qh Kc]
*** PRE-FLOP *** 
nolimite71 folds
Percheron61 folds
P1xel7 raises 22832 to 25832 and is all-in
Gutii77 folds
tipech29 folds
velka moklo folds
P1xel7 collected 32432 from pot
*** SUMMARY ***
Total pot 32432 | No rake
Seat 1: P1xel7 won 32432


Winamax Poker - Tournament "WESTERN" buyIn: 0.90€ + 0.10€ level: 16 - HandId: #3112689500946432020-155-1703628139 - Holdem no limit (350/1500/3000) - 2023/12/26 22:02:19 UTC
Table: 'WESTERN(724729500)#019' 6-max (real money) Seat #3 is the button
Seat 1: P1xel7 (32432, 0.45€ bounty)
Seat 2: Gutii77 (197875, 0.45€ bounty)
Seat 3: tipech29 (337909, 2.77€ bounty)
Seat 4: velka moklo (81086, 0.84€ bounty)
Seat 5: nolimite71 (135396, 1.44€ bounty)
Seat 6: Percheron61 (66461, 0.67€ bounty)
*** ANTE/BLINDS ***
velka moklo posts ante 350
nolimite71 posts ante 350
P1xel7 posts ante 350
Gutii77 posts ante 350
tipech29 posts ante 350
Percheron61 posts ante 350
velka moklo posts small blind 1500
nolimite71 posts big blind 3000
Dealt to P1xel7 [4c 4d]
*** PRE-FLOP *** 
Percheron61 folds
P1xel7 raises 29082 to 32082 and is all-in
Gutii77 calls 32082
tipech29 folds
velka moklo folds
nolimite71 folds
*** FLOP *** [5d 9d 8d]
*** TURN *** [5d 9d 8d][8s]
*** RIVER *** [5d 9d 8d 8s][9c]
*** SHOW DOWN ***
P1xel7 shows [4c 4d] (Two pairs : 9 and 8)
Gutii77 shows [7c 7s] (Two pairs : 9 and 8)
Gutii77 collected 70764 from pot
*** SUMMARY ***
Total pot 70764 | No rake
Board: [5d 9d 8d 8s 9c]
Seat 1: P1xel7 showed [4c 4d] and lost with Two pairs : 9 and 8
Seat 2: Gutii77 showed [7c 7s] and won 70764 with Two pairs : 9 and 8


