Winamax Poker - Tournament "LE SUD VS LE RESTE DU MONDE" buyIn: 1.80€ + 0.20€ level: 1 - HandId: #3102745607979139122-15-1703014932 - Holdem no limit (25/100/200) - 2023/12/19 19:42:12 UTC
Table: 'LE SUD VS LE RESTE DU MONDE(722414257)#0049' 6-max (real money) Seat #3 is the button
Seat 1: Lizayo (7843, 0.90€ bounty)
Seat 2: Dracarys- (72621, 2.25€ bounty)
Seat 3: snow6464 (18225, 0.90€ bounty)
Seat 4: As-Franck-As (21854, 0.90€ bounty)
Seat 5: P1xel7 (20000, 0.90€ bounty)
Seat 6: Malito35 (39882, 0.90€ bounty)
*** ANTE/BLINDS ***
As-Franck-As posts ante 25
P1xel7 posts ante 25
Lizayo posts ante 25
Dracarys- posts ante 25
snow6464 posts ante 25
Malito35 posts ante 25
As-Franck-As posts small blind 100
P1xel7 posts big blind 200
Dealt to P1xel7 [7c Qs]
*** PRE-FLOP *** 
Malito35 raises 300 to 500
Lizayo folds
Dracarys- folds
snow6464 folds
As-Franck-As calls 400
P1xel7 folds
*** FLOP *** [9d 3s 2c]
As-Franck-As checks
Malito35 checks
*** TURN *** [9d 3s 2c][Ts]
As-Franck-As checks
Malito35 bets 900
As-Franck-As calls 900
*** RIVER *** [9d 3s 2c Ts][Th]
As-Franck-As checks
Malito35 checks
*** SHOW DOWN ***
Malito35 shows [Jd Ac] (One pair : Tens)
As-Franck-As shows [4c 4d] (Two pairs : Tens and 4)
As-Franck-As collected 3150 from pot
*** SUMMARY ***
Total pot 3150 | No rake
Board: [9d 3s 2c Ts Th]
Seat 4: As-Franck-As (small blind) showed [4c 4d] and won 3150 with Two pairs : Tens and 4
Seat 6: Malito35 showed [Jd Ac] and lost with One pair : Tens


Winamax Poker - Tournament "LE SUD VS LE RESTE DU MONDE" buyIn: 1.80€ + 0.20€ level: 1 - HandId: #3102745607979139122-16-1703015014 - Holdem no limit (25/100/200) - 2023/12/19 19:43:34 UTC
Table: 'LE SUD VS LE RESTE DU MONDE(722414257)#0049' 6-max (real money) Seat #4 is the button
Seat 1: Lizayo (7818, 0.90€ bounty)
Seat 2: Dracarys- (72596, 2.25€ bounty)
Seat 3: snow6464 (18200, 0.90€ bounty)
Seat 4: As-Franck-As (23579, 0.90€ bounty)
Seat 5: P1xel7 (19775, 0.90€ bounty)
Seat 6: Malito35 (38457, 0.90€ bounty)
*** ANTE/BLINDS ***
P1xel7 posts ante 25
Malito35 posts ante 25
Lizayo posts ante 25
Dracarys- posts ante 25
snow6464 posts ante 25
As-Franck-As posts ante 25
P1xel7 posts small blind 100
Malito35 posts big blind 200
Dealt to P1xel7 [8d 5s]
*** PRE-FLOP *** 
Lizayo calls 200
Dracarys- folds
snow6464 raises 200 to 400
As-Franck-As calls 400
P1xel7 folds
Malito35 folds
Lizayo calls 200
*** FLOP *** [Jd 8h 3c]
Lizayo checks
snow6464 bets 825
As-Franck-As folds
Lizayo folds
snow6464 collected 2475 from pot
*** SUMMARY ***
Total pot 2475 | No rake
Board: [Jd 8h 3c]
Seat 3: snow6464 won 2475


Winamax Poker - Tournament "LE SUD VS LE RESTE DU MONDE" buyIn: 1.80€ + 0.20€ level: 1 - HandId: #3102745607979139122-17-1703015050 - Holdem no limit (25/100/200) - 2023/12/19 19:44:10 UTC
Table: 'LE SUD VS LE RESTE DU MONDE(722414257)#0049' 6-max (real money) Seat #5 is the button
Seat 1: Lizayo (7393, 0.90€ bounty)
Seat 2: Dracarys- (72571, 2.25€ bounty)
Seat 3: snow6464 (19425, 0.90€ bounty)
Seat 4: As-Franck-As (23154, 0.90€ bounty)
Seat 5: P1xel7 (19650, 0.90€ bounty)
Seat 6: Malito35 (38232, 0.90€ bounty)
*** ANTE/BLINDS ***
Malito35 posts ante 25
Lizayo posts ante 25
Dracarys- posts ante 25
snow6464 posts ante 25
As-Franck-As posts ante 25
P1xel7 posts ante 25
Malito35 posts small blind 100
Lizayo posts big blind 200
Dealt to P1xel7 [4s 9h]
*** PRE-FLOP *** 
Dracarys- raises 650 to 850
snow6464 folds
As-Franck-As folds
P1xel7 folds
Malito35 folds
Lizayo folds
Dracarys- collected 1300 from pot
*** SUMMARY ***
Total pot 1300 | No rake
Seat 2: Dracarys- won 1300


Winamax Poker - Tournament "LE SUD VS LE RESTE DU MONDE" buyIn: 1.80€ + 0.20€ level: 1 - HandId: #3102745607979139122-18-1703015083 - Holdem no limit (25/100/200) - 2023/12/19 19:44:43 UTC
Table: 'LE SUD VS LE RESTE DU MONDE(722414257)#0049' 6-max (real money) Seat #6 is the button
Seat 1: Lizayo (7168, 0.90€ bounty)
Seat 2: Dracarys- (72996, 2.25€ bounty)
Seat 3: snow6464 (19400, 0.90€ bounty)
Seat 4: As-Franck-As (23129, 0.90€ bounty)
Seat 5: P1xel7 (19625, 0.90€ bounty)
Seat 6: Malito35 (38107, 0.90€ bounty)
*** ANTE/BLINDS ***
Lizayo posts ante 25
Dracarys- posts ante 25
snow6464 posts ante 25
As-Franck-As posts ante 25
P1xel7 posts ante 25
Malito35 posts ante 25
Lizayo posts small blind 100
Dracarys- posts big blind 200
Dealt to P1xel7 [2h 2s]
*** PRE-FLOP *** 
snow6464 folds
As-Franck-As raises 200 to 400
P1xel7 folds
Malito35 folds
Lizayo calls 300
Dracarys- folds
*** FLOP *** [6h 5h 5c]
Lizayo checks
As-Franck-As bets 403
Lizayo calls 403
*** TURN *** [6h 5h 5c][6c]
Lizayo checks
As-Franck-As bets 708
Lizayo calls 708
*** RIVER *** [6h 5h 5c 6c][8s]
Lizayo checks
As-Franck-As bets 21593 and is all-in
Lizayo folds
As-Franck-As collected 24965 from pot
*** SUMMARY ***
Total pot 24965 | No rake
Board: [6h 5h 5c 6c 8s]
Seat 4: As-Franck-As won 24965


Winamax Poker - Tournament "LE SUD VS LE RESTE DU MONDE" buyIn: 1.80€ + 0.20€ level: 1 - HandId: #3102745607979139122-19-1703015151 - Holdem no limit (25/100/200) - 2023/12/19 19:45:51 UTC
Table: 'LE SUD VS LE RESTE DU MONDE(722414257)#0049' 6-max (real money) Seat #1 is the button
Seat 1: Lizayo (5632, 0.90€ bounty)
Seat 2: Dracarys- (72771, 2.25€ bounty)
Seat 3: snow6464 (19375, 0.90€ bounty)
Seat 4: As-Franck-As (24965, 0.90€ bounty)
Seat 5: P1xel7 (19600, 0.90€ bounty)
Seat 6: Malito35 (38082, 0.90€ bounty)
*** ANTE/BLINDS ***
Dracarys- posts ante 25
snow6464 posts ante 25
Lizayo posts ante 25
As-Franck-As posts ante 25
P1xel7 posts ante 25
Malito35 posts ante 25
Dracarys- posts small blind 100
snow6464 posts big blind 200
Dealt to P1xel7 [9s 4h]
*** PRE-FLOP *** 
As-Franck-As folds
P1xel7 folds
Malito35 folds
Lizayo calls 200
Dracarys- calls 100
snow6464 checks
*** FLOP *** [As 6s 3s]
Dracarys- checks
snow6464 checks
Lizayo checks
*** TURN *** [As 6s 3s][2h]
Dracarys- checks
snow6464 checks
Lizayo checks
*** RIVER *** [As 6s 3s 2h][Ac]
Dracarys- checks
snow6464 checks
Lizayo checks
*** SHOW DOWN ***
Lizayo shows [4c Jd] (One pair : Aces)
snow6464 shows [5h Th] (One pair : Aces)
Dracarys- shows [6c 8s] (Two pairs : Aces and 6)
Dracarys- collected 750 from pot
*** SUMMARY ***
Total pot 750 | No rake
Board: [As 6s 3s 2h Ac]
Seat 1: Lizayo (button) showed [4c Jd] and lost with One pair : Aces
Seat 2: Dracarys- (small blind) showed [6c 8s] and won 750 with Two pairs : Aces and 6
Seat 3: snow6464 (big blind) showed [5h Th] and lost with One pair : Aces


Winamax Poker - Tournament "LE SUD VS LE RESTE DU MONDE" buyIn: 1.80€ + 0.20€ level: 1 - HandId: #3102745607979139122-20-1703015210 - Holdem no limit (25/100/200) - 2023/12/19 19:46:50 UTC
Table: 'LE SUD VS LE RESTE DU MONDE(722414257)#0049' 6-max (real money) Seat #2 is the button
Seat 1: Lizayo (5407, 0.90€ bounty)
Seat 2: Dracarys- (73296, 2.25€ bounty)
Seat 3: snow6464 (19150, 0.90€ bounty)
Seat 4: As-Franck-As (24940, 0.90€ bounty)
Seat 5: P1xel7 (19575, 0.90€ bounty)
Seat 6: Malito35 (38057, 0.90€ bounty)
*** ANTE/BLINDS ***
snow6464 posts ante 25
As-Franck-As posts ante 25
Lizayo posts ante 25
Dracarys- posts ante 25
P1xel7 posts ante 25
Malito35 posts ante 25
snow6464 posts small blind 100
As-Franck-As posts big blind 200
Dealt to P1xel7 [7c 3d]
*** PRE-FLOP *** 
P1xel7 folds
Malito35 raises 300 to 500
Lizayo calls 500
Dracarys- calls 500
snow6464 folds
As-Franck-As folds
*** FLOP *** [6h Kh Jh]
Malito35 checks
Lizayo checks
Dracarys- checks
*** TURN *** [6h Kh Jh][Ts]
Malito35 checks
Lizayo checks
Dracarys- checks
*** RIVER *** [6h Kh Jh Ts][6s]
Malito35 checks
Lizayo checks
Dracarys- checks
*** SHOW DOWN ***
Lizayo shows [Qd 7d] (One pair : 6)
Dracarys- shows [4s Ad] (One pair : 6)
Malito35 shows [Ac 8d] (One pair : 6)
Malito35 collected 975 from pot
Dracarys- collected 975 from pot
*** SUMMARY ***
Total pot 1950 | No rake
Board: [6h Kh Jh Ts 6s]
Seat 1: Lizayo showed [Qd 7d] and lost with One pair : 6
Seat 2: Dracarys- (button) showed [4s Ad] and won 975 with One pair : 6
Seat 6: Malito35 showed [Ac 8d] and won 975 with One pair : 6


Winamax Poker - Tournament "LE SUD VS LE RESTE DU MONDE" buyIn: 1.80€ + 0.20€ level: 1 - HandId: #3102745607979139122-21-1703015298 - Holdem no limit (25/100/200) - 2023/12/19 19:48:18 UTC
Table: 'LE SUD VS LE RESTE DU MONDE(722414257)#0049' 6-max (real money) Seat #3 is the button
Seat 1: Lizayo (4882, 0.90€ bounty)
Seat 2: Dracarys- (73746, 2.25€ bounty)
Seat 3: snow6464 (19025, 0.90€ bounty)
Seat 4: As-Franck-As (24715, 0.90€ bounty)
Seat 5: P1xel7 (19550, 0.90€ bounty)
Seat 6: Malito35 (38507, 0.90€ bounty)
*** ANTE/BLINDS ***
As-Franck-As posts ante 25
P1xel7 posts ante 25
Lizayo posts ante 25
Dracarys- posts ante 25
snow6464 posts ante 25
Malito35 posts ante 25
As-Franck-As posts small blind 100
P1xel7 posts big blind 200
Dealt to P1xel7 [3s 4s]
*** PRE-FLOP *** 
Malito35 raises 300 to 500
Lizayo folds
Dracarys- folds
snow6464 folds
As-Franck-As folds
P1xel7 calls 300
*** FLOP *** [3h Qh Th]
P1xel7 checks
Malito35 bets 313
P1xel7 calls 313
*** TURN *** [3h Qh Th][5d]
P1xel7 checks
Malito35 bets 1900
P1xel7 folds
Malito35 collected 3776 from pot
*** SUMMARY ***
Total pot 3776 | No rake
Board: [3h Qh Th 5d]
Seat 6: Malito35 won 3776


Winamax Poker - Tournament "LE SUD VS LE RESTE DU MONDE" buyIn: 1.80€ + 0.20€ level: 1 - HandId: #3102745607979139122-22-1703015352 - Holdem no limit (25/100/200) - 2023/12/19 19:49:12 UTC
Table: 'LE SUD VS LE RESTE DU MONDE(722414257)#0049' 6-max (real money) Seat #4 is the button
Seat 1: Lizayo (4857, 0.90€ bounty)
Seat 2: Dracarys- (73721, 2.25€ bounty)
Seat 3: snow6464 (19000, 0.90€ bounty)
Seat 4: As-Franck-As (24590, 0.90€ bounty)
Seat 5: P1xel7 (18712, 0.90€ bounty)
Seat 6: Malito35 (39545, 0.90€ bounty)
*** ANTE/BLINDS ***
P1xel7 posts ante 25
Malito35 posts ante 25
Lizayo posts ante 25
Dracarys- posts ante 25
snow6464 posts ante 25
As-Franck-As posts ante 25
P1xel7 posts small blind 100
Malito35 posts big blind 200
Dealt to P1xel7 [Jd 2d]
*** PRE-FLOP *** 
Lizayo folds
Dracarys- folds
snow6464 raises 200 to 400
As-Franck-As calls 400
P1xel7 folds
Malito35 calls 200
*** FLOP *** [2s 4c 8h]
Malito35 checks
snow6464 bets 943
As-Franck-As calls 943
Malito35 calls 943
*** TURN *** [2s 4c 8h][3c]
Malito35 checks
snow6464 bets 2140
As-Franck-As calls 2140
Malito35 folds
*** RIVER *** [2s 4c 8h 3c][2h]
snow6464 checks
As-Franck-As checks
*** SHOW DOWN ***
As-Franck-As shows [Ah Kh] (One pair : 2)
snow6464 shows [Qs 8s] (Two pairs : 8 and 2)
snow6464 collected 8559 from pot
*** SUMMARY ***
Total pot 8559 | No rake
Board: [2s 4c 8h 3c 2h]
Seat 3: snow6464 showed [Qs 8s] and won 8559 with Two pairs : 8 and 2
Seat 4: As-Franck-As (button) showed [Ah Kh] and lost with One pair : 2


Winamax Poker - Tournament "LE SUD VS LE RESTE DU MONDE" buyIn: 1.80€ + 0.20€ level: 1 - HandId: #3102745607979139122-23-1703015405 - Holdem no limit (25/100/200) - 2023/12/19 19:50:05 UTC
Table: 'LE SUD VS LE RESTE DU MONDE(722414257)#0049' 6-max (real money) Seat #5 is the button
Seat 1: Lizayo (4832, 0.90€ bounty)
Seat 2: Dracarys- (73696, 2.25€ bounty)
Seat 3: snow6464 (24051, 0.90€ bounty)
Seat 4: As-Franck-As (21082, 0.90€ bounty)
Seat 5: P1xel7 (18587, 0.90€ bounty)
Seat 6: Malito35 (38177, 0.90€ bounty)
*** ANTE/BLINDS ***
Malito35 posts ante 25
Lizayo posts ante 25
Dracarys- posts ante 25
snow6464 posts ante 25
As-Franck-As posts ante 25
P1xel7 posts ante 25
Malito35 posts small blind 100
Lizayo posts big blind 200
Dealt to P1xel7 [6c 8c]
*** PRE-FLOP *** 
Dracarys- raises 73471 to 73671 and is all-in
snow6464 folds
As-Franck-As folds
P1xel7 folds
Malito35 folds
Lizayo folds
Dracarys- collected 74121 from pot
*** SUMMARY ***
Total pot 74121 | No rake
Seat 2: Dracarys- won 74121


Winamax Poker - Tournament "LE SUD VS LE RESTE DU MONDE" buyIn: 1.80€ + 0.20€ level: 1 - HandId: #3102745607979139122-24-1703015455 - Holdem no limit (25/100/200) - 2023/12/19 19:50:55 UTC
Table: 'LE SUD VS LE RESTE DU MONDE(722414257)#0049' 6-max (real money) Seat #6 is the button
Seat 1: Lizayo (4607, 0.90€ bounty)
Seat 2: Dracarys- (74121, 2.25€ bounty)
Seat 3: snow6464 (24026, 0.90€ bounty)
Seat 4: As-Franck-As (21057, 0.90€ bounty)
Seat 5: P1xel7 (18562, 0.90€ bounty)
Seat 6: Malito35 (38052, 0.90€ bounty)
*** ANTE/BLINDS ***
Lizayo posts ante 25
Dracarys- posts ante 25
snow6464 posts ante 25
As-Franck-As posts ante 25
P1xel7 posts ante 25
Malito35 posts ante 25
Lizayo posts small blind 100
Dracarys- posts big blind 200
Dealt to P1xel7 [9c Jc]
*** PRE-FLOP *** 
snow6464 folds
As-Franck-As folds
P1xel7 raises 300 to 500
Malito35 folds
Lizayo folds
Dracarys- folds
P1xel7 collected 950 from pot
*** SUMMARY ***
Total pot 950 | No rake
Seat 5: P1xel7 won 950


Winamax Poker - Tournament "LE SUD VS LE RESTE DU MONDE" buyIn: 1.80€ + 0.20€ level: 1 - HandId: #3102745607979139122-25-1703015476 - Holdem no limit (25/100/200) - 2023/12/19 19:51:16 UTC
Table: 'LE SUD VS LE RESTE DU MONDE(722414257)#0049' 6-max (real money) Seat #1 is the button
Seat 1: Lizayo (4482, 0.90€ bounty)
Seat 2: Dracarys- (73896, 2.25€ bounty)
Seat 3: snow6464 (24001, 0.90€ bounty)
Seat 4: As-Franck-As (21032, 0.90€ bounty)
Seat 5: P1xel7 (18987, 0.90€ bounty)
Seat 6: Malito35 (38027, 0.90€ bounty)
*** ANTE/BLINDS ***
Dracarys- posts ante 25
snow6464 posts ante 25
Lizayo posts ante 25
As-Franck-As posts ante 25
P1xel7 posts ante 25
Malito35 posts ante 25
Dracarys- posts small blind 100
snow6464 posts big blind 200
Dealt to P1xel7 [8c Tc]
*** PRE-FLOP *** 
As-Franck-As folds
P1xel7 folds
Malito35 folds
Lizayo calls 200
Dracarys- raises 400 to 600
snow6464 folds
Lizayo calls 400
*** FLOP *** [2d 4s 5d]
Dracarys- bets 1008
Lizayo calls 1008
*** TURN *** [2d 4s 5d][Ad]
Dracarys- checks
Lizayo bets 2849 and is all-in
Dracarys- folds
Lizayo collected 6415 from pot
*** SUMMARY ***
Total pot 6415 | No rake
Board: [2d 4s 5d Ad]
Seat 1: Lizayo (button) won 6415


Winamax Poker - Tournament "LE SUD VS LE RESTE DU MONDE" buyIn: 1.80€ + 0.20€ level: 1 - HandId: #3102745607979139122-26-1703015536 - Holdem no limit (25/100/200) - 2023/12/19 19:52:16 UTC
Table: 'LE SUD VS LE RESTE DU MONDE(722414257)#0049' 6-max (real money) Seat #2 is the button
Seat 1: Lizayo (6415, 0.90€ bounty)
Seat 2: Dracarys- (72263, 2.25€ bounty)
Seat 3: snow6464 (23776, 0.90€ bounty)
Seat 4: As-Franck-As (21007, 0.90€ bounty)
Seat 5: P1xel7 (18962, 0.90€ bounty)
Seat 6: Malito35 (38002, 0.90€ bounty)
*** ANTE/BLINDS ***
snow6464 posts ante 25
As-Franck-As posts ante 25
Lizayo posts ante 25
Dracarys- posts ante 25
P1xel7 posts ante 25
Malito35 posts ante 25
snow6464 posts small blind 100
As-Franck-As posts big blind 200
Dealt to P1xel7 [Jh 8h]
*** PRE-FLOP *** 
P1xel7 folds
Malito35 folds
Lizayo calls 200
Dracarys- calls 200
snow6464 calls 100
As-Franck-As raises 950 to 1150
Lizayo calls 950
Dracarys- calls 950
snow6464 folds
*** FLOP *** [7h 5s 5c]
As-Franck-As checks
Lizayo checks
Dracarys- checks
*** TURN *** [7h 5s 5c][9s]
As-Franck-As bets 3040
Lizayo folds
Dracarys- folds
As-Franck-As collected 6840 from pot
*** SUMMARY ***
Total pot 6840 | No rake
Board: [7h 5s 5c 9s]
Seat 4: As-Franck-As (big blind) won 6840


Winamax Poker - Tournament "LE SUD VS LE RESTE DU MONDE" buyIn: 1.80€ + 0.20€ level: 1 - HandId: #3102745607979139122-27-1703015618 - Holdem no limit (25/100/200) - 2023/12/19 19:53:38 UTC
Table: 'LE SUD VS LE RESTE DU MONDE(722414257)#0049' 6-max (real money) Seat #3 is the button
Seat 1: Lizayo (5240, 0.90€ bounty)
Seat 2: Dracarys- (71088, 2.25€ bounty)
Seat 3: snow6464 (23551, 0.90€ bounty)
Seat 4: As-Franck-As (23632, 0.90€ bounty)
Seat 5: P1xel7 (18937, 0.90€ bounty)
Seat 6: Malito35 (37977, 0.90€ bounty)
*** ANTE/BLINDS ***
As-Franck-As posts ante 25
P1xel7 posts ante 25
Lizayo posts ante 25
Dracarys- posts ante 25
snow6464 posts ante 25
Malito35 posts ante 25
As-Franck-As posts small blind 100
P1xel7 posts big blind 200
Dealt to P1xel7 [Qc 9s]
*** PRE-FLOP *** 
Malito35 folds
Lizayo calls 200
Dracarys- folds
snow6464 folds
As-Franck-As folds
P1xel7 checks
*** FLOP *** [2s 9h 6s]
P1xel7 checks
Lizayo checks
*** TURN *** [2s 9h 6s][2c]
P1xel7 bets 228
Lizayo calls 228
*** RIVER *** [2s 9h 6s 2c][7s]
P1xel7 bets 885
Lizayo folds
P1xel7 collected 1991 from pot
*** SUMMARY ***
Total pot 1991 | No rake
Board: [2s 9h 6s 2c 7s]
Seat 5: P1xel7 (big blind) won 1991


Winamax Poker - Tournament "LE SUD VS LE RESTE DU MONDE" buyIn: 1.80€ + 0.20€ level: 1 - HandId: #3102745607979139122-28-1703015665 - Holdem no limit (25/100/200) - 2023/12/19 19:54:25 UTC
Table: 'LE SUD VS LE RESTE DU MONDE(722414257)#0049' 6-max (real money) Seat #4 is the button
Seat 1: Lizayo (4787, 0.90€ bounty)
Seat 2: Dracarys- (71063, 2.25€ bounty)
Seat 3: snow6464 (23526, 0.90€ bounty)
Seat 4: As-Franck-As (23507, 0.90€ bounty)
Seat 5: P1xel7 (19590, 0.90€ bounty)
Seat 6: Malito35 (37952, 0.90€ bounty)
*** ANTE/BLINDS ***
P1xel7 posts ante 25
Malito35 posts ante 25
Lizayo posts ante 25
Dracarys- posts ante 25
snow6464 posts ante 25
As-Franck-As posts ante 25
P1xel7 posts small blind 100
Malito35 posts big blind 200
Dealt to P1xel7 [5s 5c]
*** PRE-FLOP *** 
Lizayo calls 200
Dracarys- folds
snow6464 folds
As-Franck-As folds
P1xel7 raises 800 to 1000
Malito35 calls 800
Lizayo calls 800
*** FLOP *** [Th 9d 2h]
P1xel7 bets 1103
Malito35 calls 1103
Lizayo calls 1103
*** TURN *** [Th 9d 2h][9s]
P1xel7 checks
Malito35 checks
Lizayo checks
*** RIVER *** [Th 9d 2h 9s][9c]
P1xel7 checks
Malito35 checks
Lizayo checks
*** SHOW DOWN ***
Lizayo shows [Jh 6h] (Trips of 9)
Malito35 shows [Js Ah] (Trips of 9)
P1xel7 shows [5s 5c] (Full of 9 and 5)
P1xel7 collected 6459 from pot
*** SUMMARY ***
Total pot 6459 | No rake
Board: [Th 9d 2h 9s 9c]
Seat 1: Lizayo showed [Jh 6h] and lost with Trips of 9
Seat 5: P1xel7 (small blind) showed [5s 5c] and won 6459 with Full of 9 and 5
Seat 6: Malito35 (big blind) showed [Js Ah] and lost with Trips of 9


Winamax Poker - Tournament "LE SUD VS LE RESTE DU MONDE" buyIn: 1.80€ + 0.20€ level: 1 - HandId: #3102745607979139122-29-1703016061 - Holdem no limit (25/100/200) - 2023/12/19 20:01:01 UTC
Table: 'LE SUD VS LE RESTE DU MONDE(722414257)#0049' 6-max (real money) Seat #5 is the button
Seat 1: Lizayo (2659, 0.90€ bounty)
Seat 2: Dracarys- (71038, 2.25€ bounty)
Seat 3: snow6464 (23501, 0.90€ bounty)
Seat 4: As-Franck-As (23482, 0.90€ bounty)
Seat 5: P1xel7 (23921, 0.90€ bounty)
Seat 6: Malito35 (35824, 0.90€ bounty)
*** ANTE/BLINDS ***
Malito35 posts ante 25
Lizayo posts ante 25
Dracarys- posts ante 25
snow6464 posts ante 25
As-Franck-As posts ante 25
P1xel7 posts ante 25
Malito35 posts small blind 100
Lizayo posts big blind 200
Dealt to P1xel7 [2c 4s]
*** PRE-FLOP *** 
Dracarys- calls 200
snow6464 folds
As-Franck-As folds
P1xel7 folds
Malito35 calls 100
Lizayo checks
*** FLOP *** [4h Ts 5d]
Malito35 checks
Lizayo bets 2434 and is all-in
Dracarys- folds
Malito35 folds
Lizayo collected 3184 from pot
*** SUMMARY ***
Total pot 3184 | No rake
Board: [4h Ts 5d]
Seat 1: Lizayo (big blind) won 3184


Winamax Poker - Tournament "LE SUD VS LE RESTE DU MONDE" buyIn: 1.80€ + 0.20€ level: 1 - HandId: #3102745607979139122-30-1703016106 - Holdem no limit (25/100/200) - 2023/12/19 20:01:46 UTC
Table: 'LE SUD VS LE RESTE DU MONDE(722414257)#0049' 6-max (real money) Seat #6 is the button
Seat 1: Lizayo (3184, 0.90€ bounty)
Seat 2: Dracarys- (70813, 2.25€ bounty)
Seat 3: snow6464 (23476, 0.90€ bounty)
Seat 4: As-Franck-As (23457, 0.90€ bounty)
Seat 5: P1xel7 (23896, 0.90€ bounty)
Seat 6: Malito35 (35599, 0.90€ bounty)
*** ANTE/BLINDS ***
Lizayo posts ante 25
Dracarys- posts ante 25
snow6464 posts ante 25
As-Franck-As posts ante 25
P1xel7 posts ante 25
Malito35 posts ante 25
Lizayo posts small blind 100
Dracarys- posts big blind 200
Dealt to P1xel7 [Kh Qd]
*** PRE-FLOP *** 
snow6464 folds
As-Franck-As folds
P1xel7 raises 300 to 500
Malito35 folds
Lizayo raises 2659 to 3159 and is all-in
Dracarys- folds
P1xel7 calls 2659
*** FLOP *** [Td 4d 2c]
*** TURN *** [Td 4d 2c][5d]
*** RIVER *** [Td 4d 2c 5d][9c]
*** SHOW DOWN ***
P1xel7 shows [Kh Qd] (High card : King)
Lizayo shows [Qs Qh] (One pair : Queens)
Lizayo collected 6668 from pot
*** SUMMARY ***
Total pot 6668 | No rake
Board: [Td 4d 2c 5d 9c]
Seat 1: Lizayo (small blind) showed [Qs Qh] and won 6668 with One pair : Queens
Seat 5: P1xel7 showed [Kh Qd] and lost with High card : King


Winamax Poker - Tournament "LE SUD VS LE RESTE DU MONDE" buyIn: 1.80€ + 0.20€ level: 1 - HandId: #3102745607979139122-31-1703016145 - Holdem no limit (25/100/200) - 2023/12/19 20:02:25 UTC
Table: 'LE SUD VS LE RESTE DU MONDE(722414257)#0049' 6-max (real money) Seat #1 is the button
Seat 1: Lizayo (6668, 0.90€ bounty)
Seat 2: Dracarys- (70588, 2.25€ bounty)
Seat 3: snow6464 (23451, 0.90€ bounty)
Seat 5: P1xel7 (20712, 0.90€ bounty)
Seat 6: Malito35 (35574, 0.90€ bounty)
*** ANTE/BLINDS ***
Dracarys- posts ante 25
snow6464 posts ante 25
Lizayo posts ante 25
P1xel7 posts ante 25
Malito35 posts ante 25
Dracarys- posts small blind 100
snow6464 posts big blind 200
Dealt to P1xel7 [5s 9d]
*** PRE-FLOP *** 
P1xel7 folds
Malito35 folds
Lizayo folds
Dracarys- folds
snow6464 collected 425 from pot
*** SUMMARY ***
Total pot 425 | No rake
Seat 3: snow6464 (big blind) won 425


Winamax Poker - Tournament "LE SUD VS LE RESTE DU MONDE" buyIn: 1.80€ + 0.20€ level: 1 - HandId: #3102745607979139122-32-1703016164 - Holdem no limit (25/100/200) - 2023/12/19 20:02:44 UTC
Table: 'LE SUD VS LE RESTE DU MONDE(722414257)#0049' 6-max (real money) Seat #2 is the button
Seat 1: Lizayo (6643, 0.90€ bounty)
Seat 2: Dracarys- (70463, 2.25€ bounty)
Seat 3: snow6464 (23651, 0.90€ bounty)
Seat 4: Torrejones (20000, 0.90€ bounty)
Seat 5: P1xel7 (20687, 0.90€ bounty)
Seat 6: Malito35 (35549, 0.90€ bounty)
*** ANTE/BLINDS ***
snow6464 posts ante 25
Torrejones posts ante 25
Lizayo posts ante 25
Dracarys- posts ante 25
P1xel7 posts ante 25
Malito35 posts ante 25
snow6464 posts small blind 100
Torrejones posts big blind 200
Dealt to P1xel7 [8s 5h]
*** PRE-FLOP *** 
P1xel7 folds
Malito35 folds
Lizayo folds
Dracarys- folds
snow6464 calls 100
Torrejones checks
*** FLOP *** [4s 5d 7h]
snow6464 checks
Torrejones checks
*** TURN *** [4s 5d 7h][Ah]
snow6464 bets 275
Torrejones folds
snow6464 collected 825 from pot
*** SUMMARY ***
Total pot 825 | No rake
Board: [4s 5d 7h Ah]
Seat 3: snow6464 (small blind) won 825


Winamax Poker - Tournament "LE SUD VS LE RESTE DU MONDE" buyIn: 1.80€ + 0.20€ level: 1 - HandId: #3102745607979139122-33-1703016214 - Holdem no limit (25/100/200) - 2023/12/19 20:03:34 UTC
Table: 'LE SUD VS LE RESTE DU MONDE(722414257)#0049' 6-max (real money) Seat #3 is the button
Seat 1: Lizayo (6618, 0.90€ bounty)
Seat 2: Dracarys- (70438, 2.25€ bounty)
Seat 3: snow6464 (23976, 0.90€ bounty)
Seat 4: Torrejones (19775, 0.90€ bounty)
Seat 5: P1xel7 (20662, 0.90€ bounty)
Seat 6: Malito35 (35524, 0.90€ bounty)
*** ANTE/BLINDS ***
Torrejones posts ante 25
P1xel7 posts ante 25
Lizayo posts ante 25
Dracarys- posts ante 25
snow6464 posts ante 25
Malito35 posts ante 25
Torrejones posts small blind 100
P1xel7 posts big blind 200
Dealt to P1xel7 [4h 9c]
*** PRE-FLOP *** 
Malito35 folds
Lizayo folds
Dracarys- raises 400 to 600
snow6464 folds
Torrejones calls 500
P1xel7 folds
*** FLOP *** [Ac 6s Qc]
Torrejones checks
Dracarys- bets 1008
Torrejones folds
Dracarys- collected 2558 from pot
*** SUMMARY ***
Total pot 2558 | No rake
Board: [Ac 6s Qc]
Seat 2: Dracarys- won 2558


Winamax Poker - Tournament "LE SUD VS LE RESTE DU MONDE" buyIn: 1.80€ + 0.20€ level: 1 - HandId: #3102745607979139122-34-1703016254 - Holdem no limit (25/100/200) - 2023/12/19 20:04:14 UTC
Table: 'LE SUD VS LE RESTE DU MONDE(722414257)#0049' 6-max (real money) Seat #4 is the button
Seat 1: Lizayo (6593, 0.90€ bounty)
Seat 2: Dracarys- (71363, 2.25€ bounty)
Seat 3: snow6464 (23951, 0.90€ bounty)
Seat 4: Torrejones (19150, 0.90€ bounty)
Seat 5: P1xel7 (20437, 0.90€ bounty)
Seat 6: Malito35 (35499, 0.90€ bounty)
*** ANTE/BLINDS ***
P1xel7 posts ante 25
Malito35 posts ante 25
Lizayo posts ante 25
Dracarys- posts ante 25
snow6464 posts ante 25
Torrejones posts ante 25
P1xel7 posts small blind 100
Malito35 posts big blind 200
Dealt to P1xel7 [8d 9s]
*** PRE-FLOP *** 
Lizayo folds
Dracarys- calls 200
snow6464 folds
Torrejones calls 200
P1xel7 calls 100
Malito35 checks
*** FLOP *** [Ad 2s Qd]
P1xel7 checks
Malito35 bets 333
Dracarys- folds
Torrejones folds
P1xel7 folds
Malito35 collected 1283 from pot
*** SUMMARY ***
Total pot 1283 | No rake
Board: [Ad 2s Qd]
Seat 6: Malito35 (big blind) won 1283


Winamax Poker - Tournament "LE SUD VS LE RESTE DU MONDE" buyIn: 1.80€ + 0.20€ level: 1 - HandId: #3102745607979139122-35-1703016317 - Holdem no limit (25/100/200) - 2023/12/19 20:05:17 UTC
Table: 'LE SUD VS LE RESTE DU MONDE(722414257)#0049' 6-max (real money) Seat #5 is the button
Seat 1: Lizayo (6568, 0.90€ bounty)
Seat 2: Dracarys- (71138, 2.25€ bounty)
Seat 3: snow6464 (23926, 0.90€ bounty)
Seat 4: Torrejones (18925, 0.90€ bounty)
Seat 5: P1xel7 (20212, 0.90€ bounty)
Seat 6: Malito35 (36224, 0.90€ bounty)
*** ANTE/BLINDS ***
Malito35 posts ante 25
Lizayo posts ante 25
Dracarys- posts ante 25
snow6464 posts ante 25
Torrejones posts ante 25
P1xel7 posts ante 25
Malito35 posts small blind 100
Lizayo posts big blind 200
Dealt to P1xel7 [3d 2d]
*** PRE-FLOP *** 
Dracarys- raises 400 to 600
snow6464 folds
Torrejones folds
P1xel7 folds
Malito35 folds
Lizayo folds
Dracarys- collected 1050 from pot
*** SUMMARY ***
Total pot 1050 | No rake
Seat 2: Dracarys- won 1050


Winamax Poker - Tournament "LE SUD VS LE RESTE DU MONDE" buyIn: 1.80€ + 0.20€ level: 1 - HandId: #3102745607979139122-36-1703016336 - Holdem no limit (25/100/200) - 2023/12/19 20:05:36 UTC
Table: 'LE SUD VS LE RESTE DU MONDE(722414257)#0049' 6-max (real money) Seat #6 is the button
Seat 1: Lizayo (6343, 0.90€ bounty)
Seat 2: Dracarys- (71563, 2.25€ bounty)
Seat 3: snow6464 (23901, 0.90€ bounty)
Seat 4: Torrejones (18900, 0.90€ bounty)
Seat 5: P1xel7 (20187, 0.90€ bounty)
Seat 6: Malito35 (36099, 0.90€ bounty)
*** ANTE/BLINDS ***
Lizayo posts ante 25
Dracarys- posts ante 25
snow6464 posts ante 25
Torrejones posts ante 25
P1xel7 posts ante 25
Malito35 posts ante 25
Lizayo posts small blind 100
Dracarys- posts big blind 200
Dealt to P1xel7 [6s Tc]
*** PRE-FLOP *** 
snow6464 folds
Torrejones folds
P1xel7 folds
Malito35 raises 300 to 500
Lizayo folds
Dracarys- raises 1000 to 1500
Malito35 raises 3603 to 5103
Dracarys- calls 3603
*** FLOP *** [5s Jd 4s]
Dracarys- bets 6796
Malito35 raises 8626 to 15422
Dracarys- raises 21447 to 36869
Malito35 calls 15549 and is all-in
*** TURN *** [5s Jd 4s][Qh]
*** RIVER *** [5s Jd 4s Qh][3s]
*** SHOW DOWN ***
Dracarys- shows [Ts Jh] (One pair : Jacks)
Malito35 shows [Kc Kd] (One pair : Kings)
Malito35 collected 72398 from main pot
Dracarys- collected 5898 from side pot 1
*** SUMMARY ***
Total pot 78296 | No rake
Board: [5s Jd 4s Qh 3s]
Seat 2: Dracarys- (big blind) showed [Ts Jh] and won 5898 with One pair : Jacks
Seat 6: Malito35 (button) showed [Kc Kd] and won 72398 with One pair : Kings


Winamax Poker - Tournament "LE SUD VS LE RESTE DU MONDE" buyIn: 1.80€ + 0.20€ level: 2 - HandId: #3102745607979139122-37-1703016413 - Holdem no limit (30/125/250) - 2023/12/19 20:06:53 UTC
Table: 'LE SUD VS LE RESTE DU MONDE(722414257)#0049' 6-max (real money) Seat #1 is the button
Seat 1: Lizayo (6218, 0.90€ bounty)
Seat 2: Dracarys- (35464, 2.25€ bounty)
Seat 3: snow6464 (23876, 0.90€ bounty)
Seat 4: Torrejones (18875, 0.90€ bounty)
Seat 5: P1xel7 (20162, 0.90€ bounty)
Seat 6: Malito35 (72398, 0.90€ bounty)
*** ANTE/BLINDS ***
Dracarys- posts ante 30
snow6464 posts ante 30
Lizayo posts ante 30
Torrejones posts ante 30
P1xel7 posts ante 30
Malito35 posts ante 30
Dracarys- posts small blind 125
snow6464 posts big blind 250
Dealt to P1xel7 [8d 6s]
*** PRE-FLOP *** 
Torrejones folds
P1xel7 folds
Malito35 raises 375 to 625
Lizayo calls 625
Dracarys- raises 1250 to 1875
snow6464 folds
Malito35 folds
Lizayo calls 1250
*** FLOP *** [9h 7s 9c]
Dracarys- bets 3123
Lizayo folds
Dracarys- collected 7928 from pot
*** SUMMARY ***
Total pot 7928 | No rake
Board: [9h 7s 9c]
Seat 2: Dracarys- (small blind) won 7928


Winamax Poker - Tournament "LE SUD VS LE RESTE DU MONDE" buyIn: 1.80€ + 0.20€ level: 2 - HandId: #3102745607979139122-38-1703016448 - Holdem no limit (30/125/250) - 2023/12/19 20:07:28 UTC
Table: 'LE SUD VS LE RESTE DU MONDE(722414257)#0049' 6-max (real money) Seat #2 is the button
Seat 1: Lizayo (4313, 0.90€ bounty)
Seat 2: Dracarys- (38364, 2.25€ bounty)
Seat 3: snow6464 (23596, 0.90€ bounty)
Seat 4: Torrejones (18845, 0.90€ bounty)
Seat 5: P1xel7 (20132, 0.90€ bounty)
Seat 6: Malito35 (71743, 0.90€ bounty)
*** ANTE/BLINDS ***
snow6464 posts ante 30
Torrejones posts ante 30
Lizayo posts ante 30
Dracarys- posts ante 30
P1xel7 posts ante 30
Malito35 posts ante 30
snow6464 posts small blind 125
Torrejones posts big blind 250
Dealt to P1xel7 [As 8c]
*** PRE-FLOP *** 
P1xel7 folds
Malito35 folds
Lizayo folds
Dracarys- raises 500 to 750
snow6464 folds
Torrejones folds
Dracarys- collected 1305 from pot
*** SUMMARY ***
Total pot 1305 | No rake
Seat 2: Dracarys- (button) won 1305


Winamax Poker - Tournament "LE SUD VS LE RESTE DU MONDE" buyIn: 1.80€ + 0.20€ level: 2 - HandId: #3102745607979139122-39-1703016466 - Holdem no limit (30/125/250) - 2023/12/19 20:07:46 UTC
Table: 'LE SUD VS LE RESTE DU MONDE(722414257)#0049' 6-max (real money) Seat #3 is the button
Seat 1: Lizayo (4283, 0.90€ bounty)
Seat 2: Dracarys- (38889, 2.25€ bounty)
Seat 3: snow6464 (23441, 0.90€ bounty)
Seat 4: Torrejones (18565, 0.90€ bounty)
Seat 5: P1xel7 (20102, 0.90€ bounty)
Seat 6: Malito35 (71713, 0.90€ bounty)
*** ANTE/BLINDS ***
Torrejones posts ante 30
P1xel7 posts ante 30
Lizayo posts ante 30
Dracarys- posts ante 30
snow6464 posts ante 30
Malito35 posts ante 30
Torrejones posts small blind 125
P1xel7 posts big blind 250
Dealt to P1xel7 [5c 9s]
*** PRE-FLOP *** 
Malito35 folds
Lizayo folds
Dracarys- folds
snow6464 folds
Torrejones folds
P1xel7 collected 555 from pot
*** SUMMARY ***
Total pot 555 | No rake
Seat 5: P1xel7 (big blind) won 555


Winamax Poker - Tournament "LE SUD VS LE RESTE DU MONDE" buyIn: 1.80€ + 0.20€ level: 2 - HandId: #3102745607979139122-40-1703016478 - Holdem no limit (30/125/250) - 2023/12/19 20:07:58 UTC
Table: 'LE SUD VS LE RESTE DU MONDE(722414257)#0049' 6-max (real money) Seat #4 is the button
Seat 1: Lizayo (4253, 0.90€ bounty)
Seat 2: Dracarys- (38859, 2.25€ bounty)
Seat 3: snow6464 (23411, 0.90€ bounty)
Seat 4: Torrejones (18410, 0.90€ bounty)
Seat 5: P1xel7 (20377, 0.90€ bounty)
Seat 6: Malito35 (71683, 0.90€ bounty)
*** ANTE/BLINDS ***
P1xel7 posts ante 30
Malito35 posts ante 30
Lizayo posts ante 30
Dracarys- posts ante 30
snow6464 posts ante 30
Torrejones posts ante 30
P1xel7 posts small blind 125
Malito35 posts big blind 250
Dealt to P1xel7 [5c 6s]
*** PRE-FLOP *** 
Lizayo folds
Dracarys- raises 805 to 1055
snow6464 folds
Torrejones calls 1055
P1xel7 folds
Malito35 folds
*** FLOP *** [6c Ah 8s]
Dracarys- bets 1732
Torrejones calls 1732
*** TURN *** [6c Ah 8s][Jc]
Dracarys- checks
Torrejones bets 3065
Dracarys- folds
Torrejones collected 9194 from pot
*** SUMMARY ***
Total pot 9194 | No rake
Board: [6c Ah 8s Jc]
Seat 4: Torrejones (button) won 9194


Winamax Poker - Tournament "LE SUD VS LE RESTE DU MONDE" buyIn: 1.80€ + 0.20€ level: 2 - HandId: #3102745607979139122-41-1703016522 - Holdem no limit (30/125/250) - 2023/12/19 20:08:42 UTC
Table: 'LE SUD VS LE RESTE DU MONDE(722414257)#0049' 6-max (real money) Seat #5 is the button
Seat 1: Lizayo (4223, 0.90€ bounty)
Seat 2: Dracarys- (36042, 2.25€ bounty)
Seat 3: snow6464 (23381, 0.90€ bounty)
Seat 4: Torrejones (21722, 0.90€ bounty)
Seat 5: P1xel7 (20222, 0.90€ bounty)
Seat 6: Malito35 (71403, 0.90€ bounty)
*** ANTE/BLINDS ***
Malito35 posts ante 30
Lizayo posts ante 30
Dracarys- posts ante 30
snow6464 posts ante 30
Torrejones posts ante 30
P1xel7 posts ante 30
Malito35 posts small blind 125
Lizayo posts big blind 250
Dealt to P1xel7 [9d Qs]
*** PRE-FLOP *** 
Dracarys- raises 35762 to 36012 and is all-in
snow6464 folds
Torrejones folds
P1xel7 folds
Malito35 folds
Lizayo calls 3943 and is all-in
*** FLOP *** [Ts 3s Th]
*** TURN *** [Ts 3s Th][As]
*** RIVER *** [Ts 3s Th As][8s]
*** SHOW DOWN ***
Lizayo shows [4c Ac] (Two pairs : Aces and Tens)
Dracarys- shows [Kd Js] (Flush Ace high)
Dracarys- collected 40510 from pot
*** SUMMARY ***
Total pot 40510 | No rake
Board: [Ts 3s Th As 8s]
Seat 1: Lizayo (big blind) showed [4c Ac] and lost with Two pairs : Aces and Tens
Seat 2: Dracarys- showed [Kd Js] and won 40510 with Flush Ace high


Winamax Poker - Tournament "LE SUD VS LE RESTE DU MONDE" buyIn: 1.80€ + 0.20€ level: 2 - HandId: #3102745607979139122-42-1703016551 - Holdem no limit (30/125/250) - 2023/12/19 20:09:11 UTC
Table: 'LE SUD VS LE RESTE DU MONDE(722414257)#0049' 6-max (real money) Seat #6 is the button
Seat 2: Dracarys- (40510, 2.70€ bounty)
Seat 3: snow6464 (23351, 0.90€ bounty)
Seat 4: Torrejones (21692, 0.90€ bounty)
Seat 5: P1xel7 (20192, 0.90€ bounty)
Seat 6: Malito35 (71248, 0.90€ bounty)
*** ANTE/BLINDS ***
Dracarys- posts ante 30
snow6464 posts ante 30
Torrejones posts ante 30
P1xel7 posts ante 30
Malito35 posts ante 30
Dracarys- posts big blind 250
Dealt to P1xel7 [Kd 9h]
*** PRE-FLOP *** 
snow6464 raises 250 to 500
Torrejones folds
P1xel7 folds
Malito35 folds
Dracarys- raises 1150 to 1650
snow6464 calls 1150
*** FLOP *** [Qc 7c Qs]
Dracarys- checks
snow6464 bets 1725
Dracarys- folds
snow6464 collected 5175 from pot
*** SUMMARY ***
Total pot 5175 | No rake
Board: [Qc 7c Qs]
Seat 3: snow6464 won 5175


Winamax Poker - Tournament "LE SUD VS LE RESTE DU MONDE" buyIn: 1.80€ + 0.20€ level: 2 - HandId: #3102745607979139122-43-1703016581 - Holdem no limit (30/125/250) - 2023/12/19 20:09:41 UTC
Table: 'LE SUD VS LE RESTE DU MONDE(722414257)#0049' 6-max (real money) Seat #1 is the button
Seat 1: Bastif__ (20000, 0.90€ bounty)
Seat 2: Dracarys- (38830, 2.70€ bounty)
Seat 3: snow6464 (25121, 0.90€ bounty)
Seat 4: Torrejones (21662, 0.90€ bounty)
Seat 5: P1xel7 (20162, 0.90€ bounty)
Seat 6: Malito35 (71218, 0.90€ bounty)
*** ANTE/BLINDS ***
Dracarys- posts ante 30
snow6464 posts ante 30
Torrejones posts ante 30
P1xel7 posts ante 30
Malito35 posts ante 30
Dracarys- posts small blind 125
snow6464 posts big blind 250
Dealt to P1xel7 [Jd 2h]
*** PRE-FLOP *** 
Torrejones folds
P1xel7 folds
Malito35 folds
Dracarys- calls 125
snow6464 checks
*** FLOP *** [Ah Ts 6s]
Dracarys- checks
snow6464 checks
*** TURN *** [Ah Ts 6s][8s]
Dracarys- checks
snow6464 checks
*** RIVER *** [Ah Ts 6s 8s][5s]
Dracarys- checks
snow6464 bets 423
Dracarys- folds
snow6464 collected 1073 from pot
*** SUMMARY ***
Total pot 1073 | No rake
Board: [Ah Ts 6s 8s 5s]
Seat 3: snow6464 (big blind) won 1073


Winamax Poker - Tournament "LE SUD VS LE RESTE DU MONDE" buyIn: 1.80€ + 0.20€ level: 2 - HandId: #3102745607979139122-44-1703016633 - Holdem no limit (30/125/250) - 2023/12/19 20:10:33 UTC
Table: 'LE SUD VS LE RESTE DU MONDE(722414257)#0049' 6-max (real money) Seat #2 is the button
Seat 1: Bastif__ (20000, 0.90€ bounty)
Seat 2: Dracarys- (38550, 2.70€ bounty)
Seat 3: snow6464 (25491, 0.90€ bounty)
Seat 4: Torrejones (21632, 0.90€ bounty)
Seat 5: P1xel7 (20132, 0.90€ bounty)
Seat 6: Malito35 (71188, 0.90€ bounty)
*** ANTE/BLINDS ***
snow6464 posts ante 30
Torrejones posts ante 30
Bastif__ posts ante 30
Dracarys- posts ante 30
P1xel7 posts ante 30
Malito35 posts ante 30
snow6464 posts small blind 125
Torrejones posts big blind 250
Dealt to P1xel7 [4h 4s]
*** PRE-FLOP *** 
P1xel7 raises 300 to 550
Malito35 folds
Bastif__ folds
Dracarys- raises 1655 to 2205
snow6464 folds
Torrejones folds
P1xel7 calls 1655
*** FLOP *** [Jd 2d Kd]
P1xel7 checks
Dracarys- checks
*** TURN *** [Jd 2d Kd][6s]
P1xel7 checks
Dracarys- bets 3227
P1xel7 folds
Dracarys- collected 8192 from pot
*** SUMMARY ***
Total pot 8192 | No rake
Board: [Jd 2d Kd 6s]
Seat 2: Dracarys- (button) won 8192


Winamax Poker - Tournament "LE SUD VS LE RESTE DU MONDE" buyIn: 1.80€ + 0.20€ level: 2 - HandId: #3102745607979139122-45-1703016710 - Holdem no limit (30/125/250) - 2023/12/19 20:11:50 UTC
Table: 'LE SUD VS LE RESTE DU MONDE(722414257)#0049' 6-max (real money) Seat #3 is the button
Seat 1: Bastif__ (19970, 0.90€ bounty)
Seat 2: Dracarys- (41280, 2.70€ bounty)
Seat 3: snow6464 (25336, 0.90€ bounty)
Seat 4: Torrejones (21352, 0.90€ bounty)
Seat 5: P1xel7 (17897, 0.90€ bounty)
Seat 6: Malito35 (71158, 0.90€ bounty)
*** ANTE/BLINDS ***
Torrejones posts ante 30
P1xel7 posts ante 30
Bastif__ posts ante 30
Dracarys- posts ante 30
snow6464 posts ante 30
Malito35 posts ante 30
Torrejones posts small blind 125
P1xel7 posts big blind 250
Dealt to P1xel7 [4c 7c]
*** PRE-FLOP *** 
Malito35 folds
Bastif__ raises 250 to 500
Dracarys- folds
snow6464 folds
Torrejones folds
P1xel7 folds
Bastif__ collected 1055 from pot
*** SUMMARY ***
Total pot 1055 | No rake
Seat 1: Bastif__ won 1055


Winamax Poker - Tournament "LE SUD VS LE RESTE DU MONDE" buyIn: 1.80€ + 0.20€ level: 2 - HandId: #3102745607979139122-46-1703016741 - Holdem no limit (30/125/250) - 2023/12/19 20:12:21 UTC
Table: 'LE SUD VS LE RESTE DU MONDE(722414257)#0049' 6-max (real money) Seat #4 is the button
Seat 2: Dracarys- (41250, 2.70€ bounty)
Seat 3: snow6464 (25306, 0.90€ bounty)
Seat 4: Torrejones (21197, 0.90€ bounty)
Seat 5: P1xel7 (17617, 0.90€ bounty)
Seat 6: Malito35 (71128, 0.90€ bounty)
*** ANTE/BLINDS ***
P1xel7 posts ante 30
Malito35 posts ante 30
Dracarys- posts ante 30
snow6464 posts ante 30
Torrejones posts ante 30
P1xel7 posts small blind 125
Malito35 posts big blind 250
Dealt to P1xel7 [7c 9s]
*** PRE-FLOP *** 
Dracarys- folds
snow6464 folds
Torrejones folds
P1xel7 folds
Malito35 collected 525 from pot
*** SUMMARY ***
Total pot 525 | No rake
Seat 6: Malito35 (big blind) won 525


Winamax Poker - Tournament "LE SUD VS LE RESTE DU MONDE" buyIn: 1.80€ + 0.20€ level: 3 - HandId: #3102745607979139122-47-1703016759 - Holdem no limit (35/150/300) - 2023/12/19 20:12:39 UTC
Table: 'LE SUD VS LE RESTE DU MONDE(722414257)#0049' 6-max (real money) Seat #5 is the button
Seat 1: steph64 (20000, 0.90€ bounty)
Seat 2: Dracarys- (41220, 2.70€ bounty)
Seat 3: snow6464 (25276, 0.90€ bounty)
Seat 4: Torrejones (21167, 0.90€ bounty)
Seat 5: P1xel7 (17462, 0.90€ bounty)
Seat 6: Malito35 (71373, 0.90€ bounty)
*** ANTE/BLINDS ***
Malito35 posts ante 35
steph64 posts ante 35
Dracarys- posts ante 35
snow6464 posts ante 35
Torrejones posts ante 35
P1xel7 posts ante 35
Malito35 posts small blind 150
steph64 posts big blind 300
Dealt to P1xel7 [Td 5d]
*** PRE-FLOP *** 
Dracarys- folds
snow6464 raises 300 to 600
Torrejones folds
P1xel7 folds
Malito35 folds
steph64 folds
snow6464 collected 1260 from pot
*** SUMMARY ***
Total pot 1260 | No rake
Seat 3: snow6464 won 1260


Winamax Poker - Tournament "LE SUD VS LE RESTE DU MONDE" buyIn: 1.80€ + 0.20€ level: 3 - HandId: #3102745607979139122-48-1703016779 - Holdem no limit (35/150/300) - 2023/12/19 20:12:59 UTC
Table: 'LE SUD VS LE RESTE DU MONDE(722414257)#0049' 6-max (real money) Seat #6 is the button
Seat 1: steph64 (19665, 0.90€ bounty)
Seat 2: Dracarys- (41185, 2.70€ bounty)
Seat 3: snow6464 (25901, 0.90€ bounty)
Seat 4: Torrejones (21132, 0.90€ bounty)
Seat 5: P1xel7 (17427, 0.90€ bounty)
Seat 6: Malito35 (71188, 0.90€ bounty)
*** ANTE/BLINDS ***
steph64 posts ante 35
Dracarys- posts ante 35
snow6464 posts ante 35
Torrejones posts ante 35
P1xel7 posts ante 35
Malito35 posts ante 35
steph64 posts small blind 150
Dracarys- posts big blind 300
Dealt to P1xel7 [Jd Tc]
*** PRE-FLOP *** 
snow6464 raises 300 to 600
Torrejones folds
P1xel7 calls 600
Malito35 folds
steph64 folds
Dracarys- raises 2160 to 2760
snow6464 folds
P1xel7 folds
Dracarys- collected 4320 from pot
*** SUMMARY ***
Total pot 4320 | No rake
Seat 2: Dracarys- (big blind) won 4320


Winamax Poker - Tournament "LE SUD VS LE RESTE DU MONDE" buyIn: 1.80€ + 0.20€ level: 3 - HandId: #3102745607979139122-49-1703016800 - Holdem no limit (35/150/300) - 2023/12/19 20:13:20 UTC
Table: 'LE SUD VS LE RESTE DU MONDE(722414257)#0049' 6-max (real money) Seat #1 is the button
Seat 1: steph64 (19480, 0.90€ bounty)
Seat 2: Dracarys- (42710, 2.70€ bounty)
Seat 3: snow6464 (25266, 0.90€ bounty)
Seat 4: Torrejones (21097, 0.90€ bounty)
Seat 5: P1xel7 (16792, 0.90€ bounty)
Seat 6: Malito35 (71153, 0.90€ bounty)
*** ANTE/BLINDS ***
Dracarys- posts ante 35
snow6464 posts ante 35
steph64 posts ante 35
Torrejones posts ante 35
P1xel7 posts ante 35
Malito35 posts ante 35
Dracarys- posts small blind 150
snow6464 posts big blind 300
Dealt to P1xel7 [3c 4h]
*** PRE-FLOP *** 
Torrejones raises 375 to 675
P1xel7 folds
Malito35 folds
steph64 folds
Dracarys- calls 525
snow6464 folds
*** FLOP *** [3h Ks 3d]
Dracarys- bets 1209
Torrejones folds
Dracarys- collected 3069 from pot
*** SUMMARY ***
Total pot 3069 | No rake
Board: [3h Ks 3d]
Seat 2: Dracarys- (small blind) won 3069


Winamax Poker - Tournament "LE SUD VS LE RESTE DU MONDE" buyIn: 1.80€ + 0.20€ level: 3 - HandId: #3102745607979139122-50-1703016823 - Holdem no limit (35/150/300) - 2023/12/19 20:13:43 UTC
Table: 'LE SUD VS LE RESTE DU MONDE(722414257)#0049' 6-max (real money) Seat #2 is the button
Seat 1: steph64 (19445, 0.90€ bounty)
Seat 2: Dracarys- (43860, 2.70€ bounty)
Seat 3: snow6464 (24931, 0.90€ bounty)
Seat 4: Torrejones (20387, 0.90€ bounty)
Seat 5: P1xel7 (16757, 0.90€ bounty)
Seat 6: Malito35 (71118, 0.90€ bounty)
*** ANTE/BLINDS ***
snow6464 posts ante 35
Torrejones posts ante 35
steph64 posts ante 35
Dracarys- posts ante 35
P1xel7 posts ante 35
Malito35 posts ante 35
snow6464 posts small blind 150
Torrejones posts big blind 300
Dealt to P1xel7 [3c Jc]
*** PRE-FLOP *** 
P1xel7 folds
Malito35 folds
steph64 folds
Dracarys- calls 300
snow6464 folds
Torrejones checks
*** FLOP *** [8s Tc Jd]
Torrejones checks
Dracarys- bets 624
Torrejones folds
Dracarys- collected 1584 from pot
*** SUMMARY ***
Total pot 1584 | No rake
Board: [8s Tc Jd]
Seat 2: Dracarys- (button) won 1584


Winamax Poker - Tournament "LE SUD VS LE RESTE DU MONDE" buyIn: 1.80€ + 0.20€ level: 3 - HandId: #3102745607979139122-51-1703016866 - Holdem no limit (35/150/300) - 2023/12/19 20:14:26 UTC
Table: 'LE SUD VS LE RESTE DU MONDE(722414257)#0049' 6-max (real money) Seat #3 is the button
Seat 1: steph64 (19410, 0.90€ bounty)
Seat 2: Dracarys- (44485, 2.70€ bounty)
Seat 3: snow6464 (24746, 0.90€ bounty)
Seat 4: Torrejones (20052, 0.90€ bounty)
Seat 5: P1xel7 (16722, 0.90€ bounty)
Seat 6: Malito35 (71083, 0.90€ bounty)
*** ANTE/BLINDS ***
Torrejones posts ante 35
P1xel7 posts ante 35
steph64 posts ante 35
Dracarys- posts ante 35
snow6464 posts ante 35
Malito35 posts ante 35
Torrejones posts small blind 150
P1xel7 posts big blind 300
Dealt to P1xel7 [Qd Ts]
*** PRE-FLOP *** 
Malito35 folds
steph64 raises 900 to 1200
Dracarys- calls 1200
snow6464 folds
Torrejones folds
P1xel7 calls 900
*** FLOP *** [5c Jc 7d]
P1xel7 checks
steph64 bets 1200
Dracarys- calls 1200
P1xel7 calls 1200
*** TURN *** [5c Jc 7d][7s]
P1xel7 checks
steph64 bets 4800
Dracarys- folds
P1xel7 folds
steph64 collected 12360 from pot
*** SUMMARY ***
Total pot 12360 | No rake
Board: [5c Jc 7d 7s]
Seat 1: steph64 won 12360


Winamax Poker - Tournament "LE SUD VS LE RESTE DU MONDE" buyIn: 1.80€ + 0.20€ level: 3 - HandId: #3102745607979139122-52-1703016922 - Holdem no limit (35/150/300) - 2023/12/19 20:15:22 UTC
Table: 'LE SUD VS LE RESTE DU MONDE(722414257)#0049' 6-max (real money) Seat #4 is the button
Seat 1: steph64 (24535, 0.90€ bounty)
Seat 2: Dracarys- (42050, 2.70€ bounty)
Seat 3: snow6464 (24711, 0.90€ bounty)
Seat 4: Torrejones (19867, 0.90€ bounty)
Seat 5: P1xel7 (14287, 0.90€ bounty)
Seat 6: Malito35 (71048, 0.90€ bounty)
*** ANTE/BLINDS ***
P1xel7 posts ante 35
Malito35 posts ante 35
steph64 posts ante 35
Dracarys- posts ante 35
snow6464 posts ante 35
Torrejones posts ante 35
P1xel7 posts small blind 150
Malito35 posts big blind 300
Dealt to P1xel7 [7c 5c]
*** PRE-FLOP *** 
steph64 folds
Dracarys- folds
snow6464 raises 300 to 600
Torrejones folds
P1xel7 folds
Malito35 calls 300
*** FLOP *** [Kc 5s 4h]
Malito35 checks
snow6464 bets 546
Malito35 calls 546
*** TURN *** [Kc 5s 4h][Qs]
Malito35 checks
snow6464 checks
*** RIVER *** [Kc 5s 4h Qs][7d]
Malito35 bets 2250
snow6464 folds
Malito35 collected 4902 from pot
*** SUMMARY ***
Total pot 4902 | No rake
Board: [Kc 5s 4h Qs 7d]
Seat 6: Malito35 (big blind) won 4902


Winamax Poker - Tournament "LE SUD VS LE RESTE DU MONDE" buyIn: 1.80€ + 0.20€ level: 3 - HandId: #3102745607979139122-53-1703016967 - Holdem no limit (35/150/300) - 2023/12/19 20:16:07 UTC
Table: 'LE SUD VS LE RESTE DU MONDE(722414257)#0049' 6-max (real money) Seat #5 is the button
Seat 1: steph64 (24500, 0.90€ bounty)
Seat 2: Dracarys- (42015, 2.70€ bounty)
Seat 3: snow6464 (23530, 0.90€ bounty)
Seat 4: Torrejones (19832, 0.90€ bounty)
Seat 5: P1xel7 (14102, 0.90€ bounty)
Seat 6: Malito35 (72519, 0.90€ bounty)
*** ANTE/BLINDS ***
Malito35 posts ante 35
steph64 posts ante 35
Dracarys- posts ante 35
snow6464 posts ante 35
Torrejones posts ante 35
P1xel7 posts ante 35
Malito35 posts small blind 150
steph64 posts big blind 300
Dealt to P1xel7 [As 9c]
*** PRE-FLOP *** 
Dracarys- folds
snow6464 raises 300 to 600
Torrejones folds
P1xel7 calls 600
Malito35 folds
steph64 calls 300
*** FLOP *** [Ts Jh Kd]
steph64 checks
snow6464 checks
P1xel7 checks
*** TURN *** [Ts Jh Kd][7d]
steph64 checks
snow6464 bets 756
P1xel7 folds
steph64 calls 756
*** RIVER *** [Ts Jh Kd 7d][8c]
steph64 checks
snow6464 bets 2938
steph64 folds
snow6464 collected 6610 from pot
*** SUMMARY ***
Total pot 6610 | No rake
Board: [Ts Jh Kd 7d 8c]
Seat 3: snow6464 won 6610


Winamax Poker - Tournament "LE SUD VS LE RESTE DU MONDE" buyIn: 1.80€ + 0.20€ level: 3 - HandId: #3102745607979139122-54-1703017037 - Holdem no limit (35/150/300) - 2023/12/19 20:17:17 UTC
Table: 'LE SUD VS LE RESTE DU MONDE(722414257)#0049' 6-max (real money) Seat #6 is the button
Seat 1: steph64 (23109, 0.90€ bounty)
Seat 2: Dracarys- (41980, 2.70€ bounty)
Seat 3: snow6464 (25811, 0.90€ bounty)
Seat 4: Torrejones (19797, 0.90€ bounty)
Seat 5: P1xel7 (13467, 0.90€ bounty)
Seat 6: Malito35 (72334, 0.90€ bounty)
*** ANTE/BLINDS ***
steph64 posts ante 35
Dracarys- posts ante 35
snow6464 posts ante 35
Torrejones posts ante 35
P1xel7 posts ante 35
Malito35 posts ante 35
steph64 posts small blind 150
Dracarys- posts big blind 300
Dealt to P1xel7 [Ac Ks]
*** PRE-FLOP *** 
snow6464 folds
Torrejones folds
P1xel7 raises 300 to 600
Malito35 folds
steph64 folds
Dracarys- folds
P1xel7 collected 1260 from pot
*** SUMMARY ***
Total pot 1260 | No rake
Seat 5: P1xel7 won 1260


Winamax Poker - Tournament "LE SUD VS LE RESTE DU MONDE" buyIn: 1.80€ + 0.20€ level: 3 - HandId: #3102745607979139122-55-1703017055 - Holdem no limit (35/150/300) - 2023/12/19 20:17:35 UTC
Table: 'LE SUD VS LE RESTE DU MONDE(722414257)#0049' 6-max (real money) Seat #1 is the button
Seat 1: steph64 (22924, 0.90€ bounty)
Seat 2: Dracarys- (41645, 2.70€ bounty)
Seat 3: snow6464 (25776, 0.90€ bounty)
Seat 4: Torrejones (19762, 0.90€ bounty)
Seat 5: P1xel7 (14092, 0.90€ bounty)
Seat 6: Malito35 (72299, 0.90€ bounty)
*** ANTE/BLINDS ***
Dracarys- posts ante 35
snow6464 posts ante 35
steph64 posts ante 35
Torrejones posts ante 35
P1xel7 posts ante 35
Malito35 posts ante 35
Dracarys- posts small blind 150
snow6464 posts big blind 300
Dealt to P1xel7 [Jc Qh]
*** PRE-FLOP *** 
Torrejones folds
P1xel7 raises 300 to 600
Malito35 calls 600
steph64 folds
Dracarys- calls 450
snow6464 calls 300
*** FLOP *** [Jd 7h 3h]
Dracarys- checks
snow6464 checks
P1xel7 bets 1305
Malito35 calls 1305
Dracarys- calls 1305
snow6464 folds
*** TURN *** [Jd 7h 3h][Qc]
Dracarys- checks
P1xel7 checks
Malito35 bets 4950
Dracarys- calls 4950
P1xel7 raises 7202 to 12152 and is all-in
Malito35 raises 58207 to 70359 and is all-in
Dracarys- folds
*** RIVER *** [Jd 7h 3h Qc][Ks]
*** SHOW DOWN ***
P1xel7 shows [Jc Qh] (Two pairs : Queens and Jacks)
Malito35 shows [Jh Qs] (Two pairs : Queens and Jacks)
Malito35 collected 76097 from side pot 1
P1xel7 collected 17889 from main pot
*** SUMMARY ***
Total pot 93986 | No rake
Board: [Jd 7h 3h Qc Ks]
Seat 5: P1xel7 showed [Jc Qh] and won 17889 with Two pairs : Queens and Jacks
Seat 6: Malito35 showed [Jh Qs] and won 76097 with Two pairs : Queens and Jacks


Winamax Poker - Tournament "LE SUD VS LE RESTE DU MONDE" buyIn: 1.80€ + 0.20€ level: 4 - HandId: #3102745607979139122-56-1703017153 - Holdem no limit (40/175/350) - 2023/12/19 20:19:13 UTC
Table: 'LE SUD VS LE RESTE DU MONDE(722414257)#0049' 6-max (real money) Seat #2 is the button
Seat 1: steph64 (22889, 0.90€ bounty)
Seat 2: Dracarys- (34755, 2.70€ bounty)
Seat 3: snow6464 (25141, 0.90€ bounty)
Seat 4: Torrejones (19727, 0.90€ bounty)
Seat 5: P1xel7 (17889, 0.90€ bounty)
Seat 6: Malito35 (76097, 0.90€ bounty)
*** ANTE/BLINDS ***
snow6464 posts ante 40
Torrejones posts ante 40
steph64 posts ante 40
Dracarys- posts ante 40
P1xel7 posts ante 40
Malito35 posts ante 40
snow6464 posts small blind 175
Torrejones posts big blind 350
Dealt to P1xel7 [Js 5h]
*** PRE-FLOP *** 
P1xel7 folds
Malito35 folds
steph64 raises 875 to 1225
Dracarys- folds
snow6464 folds
Torrejones folds
steph64 collected 1990 from pot
*** SUMMARY ***
Total pot 1990 | No rake
Seat 1: steph64 won 1990


Winamax Poker - Tournament "LE SUD VS LE RESTE DU MONDE" buyIn: 1.80€ + 0.20€ level: 4 - HandId: #3102745607979139122-57-1703017174 - Holdem no limit (40/175/350) - 2023/12/19 20:19:34 UTC
Table: 'LE SUD VS LE RESTE DU MONDE(722414257)#0049' 6-max (real money) Seat #3 is the button
Seat 1: steph64 (23614, 0.90€ bounty)
Seat 2: Dracarys- (34715, 2.70€ bounty)
Seat 3: snow6464 (24926, 0.90€ bounty)
Seat 4: Torrejones (19337, 0.90€ bounty)
Seat 5: P1xel7 (17849, 0.90€ bounty)
Seat 6: Malito35 (76057, 0.90€ bounty)
*** ANTE/BLINDS ***
Torrejones posts ante 40
P1xel7 posts ante 40
steph64 posts ante 40
Dracarys- posts ante 40
snow6464 posts ante 40
Malito35 posts ante 40
Torrejones posts small blind 175
P1xel7 posts big blind 350
Dealt to P1xel7 [8s Jc]
*** PRE-FLOP *** 
Malito35 folds
steph64 folds
Dracarys- raises 1115 to 1465
snow6464 folds
Torrejones calls 1290
P1xel7 folds
*** FLOP *** [8d 4d 6s]
Torrejones checks
Dracarys- bets 2288
Torrejones folds
Dracarys- collected 5808 from pot
*** SUMMARY ***
Total pot 5808 | No rake
Board: [8d 4d 6s]
Seat 2: Dracarys- won 5808


Winamax Poker - Tournament "LE SUD VS LE RESTE DU MONDE" buyIn: 1.80€ + 0.20€ level: 4 - HandId: #3102745607979139122-58-1703017213 - Holdem no limit (40/175/350) - 2023/12/19 20:20:13 UTC
Table: 'LE SUD VS LE RESTE DU MONDE(722414257)#0049' 6-max (real money) Seat #4 is the button
Seat 1: steph64 (23574, 0.90€ bounty)
Seat 2: Dracarys- (36730, 2.70€ bounty)
Seat 3: snow6464 (24886, 0.90€ bounty)
Seat 4: Torrejones (17832, 0.90€ bounty)
Seat 5: P1xel7 (17459, 0.90€ bounty)
Seat 6: Malito35 (76017, 0.90€ bounty)
*** ANTE/BLINDS ***
P1xel7 posts ante 40
Malito35 posts ante 40
steph64 posts ante 40
Dracarys- posts ante 40
snow6464 posts ante 40
Torrejones posts ante 40
P1xel7 posts small blind 175
Malito35 posts big blind 350
Dealt to P1xel7 [4c 8d]
*** PRE-FLOP *** 
steph64 folds
Dracarys- folds
snow6464 folds
Torrejones folds
P1xel7 folds
Malito35 collected 765 from pot
*** SUMMARY ***
Total pot 765 | No rake
Seat 6: Malito35 (big blind) won 765


Winamax Poker - Tournament "LE SUD VS LE RESTE DU MONDE" buyIn: 1.80€ + 0.20€ level: 4 - HandId: #3102745607979139122-59-1703017251 - Holdem no limit (40/175/350) - 2023/12/19 20:20:51 UTC
Table: 'LE SUD VS LE RESTE DU MONDE(722414257)#0049' 6-max (real money) Seat #5 is the button
Seat 1: steph64 (23534, 0.90€ bounty)
Seat 2: Dracarys- (36690, 2.70€ bounty)
Seat 3: snow6464 (24846, 0.90€ bounty)
Seat 4: Torrejones (17792, 0.90€ bounty)
Seat 5: P1xel7 (17244, 0.90€ bounty)
Seat 6: Malito35 (76392, 0.90€ bounty)
*** ANTE/BLINDS ***
Malito35 posts ante 40
steph64 posts ante 40
Dracarys- posts ante 40
snow6464 posts ante 40
Torrejones posts ante 40
P1xel7 posts ante 40
Malito35 posts small blind 175
steph64 posts big blind 350
Dealt to P1xel7 [9s 6c]
*** PRE-FLOP *** 
Dracarys- folds
snow6464 raises 525 to 875
Torrejones folds
P1xel7 folds
Malito35 calls 700
steph64 folds
*** FLOP *** [Kc 4s 5d]
Malito35 checks
snow6464 bets 819
Malito35 raises 1580 to 2399
snow6464 raises 21532 to 23931 and is all-in
Malito35 folds
snow6464 collected 28670 from pot
*** SUMMARY ***
Total pot 28670 | No rake
Board: [Kc 4s 5d]
Seat 3: snow6464 won 28670


Winamax Poker - Tournament "LE SUD VS LE RESTE DU MONDE" buyIn: 1.80€ + 0.20€ level: 4 - HandId: #3102745607979139122-60-1703017319 - Holdem no limit (40/175/350) - 2023/12/19 20:21:59 UTC
Table: 'LE SUD VS LE RESTE DU MONDE(722414257)#0049' 6-max (real money) Seat #6 is the button
Seat 1: steph64 (23144, 0.90€ bounty)
Seat 2: Dracarys- (36650, 2.70€ bounty)
Seat 3: snow6464 (28670, 0.90€ bounty)
Seat 4: Torrejones (17752, 0.90€ bounty)
Seat 5: P1xel7 (17204, 0.90€ bounty)
Seat 6: Malito35 (73078, 0.90€ bounty)
*** ANTE/BLINDS ***
steph64 posts ante 40
Dracarys- posts ante 40
snow6464 posts ante 40
Torrejones posts ante 40
P1xel7 posts ante 40
Malito35 posts ante 40
steph64 posts small blind 175
Dracarys- posts big blind 350
Dealt to P1xel7 [9c 8c]
*** PRE-FLOP *** 
snow6464 folds
Torrejones folds
P1xel7 raises 350 to 700
Malito35 calls 700
steph64 folds
Dracarys- raises 1400 to 2100
P1xel7 folds
Malito35 calls 1400
*** FLOP *** [7s 4h 2h]
Dracarys- bets 3455
Malito35 calls 3455
*** TURN *** [7s 4h 2h][3c]
Dracarys- checks
Malito35 bets 6113
Dracarys- folds
Malito35 collected 18338 from pot
*** SUMMARY ***
Total pot 18338 | No rake
Board: [7s 4h 2h 3c]
Seat 6: Malito35 (button) won 18338


Winamax Poker - Tournament "LE SUD VS LE RESTE DU MONDE" buyIn: 1.80€ + 0.20€ level: 4 - HandId: #3102745607979139122-61-1703017391 - Holdem no limit (40/175/350) - 2023/12/19 20:23:11 UTC
Table: 'LE SUD VS LE RESTE DU MONDE(722414257)#0049' 6-max (real money) Seat #1 is the button
Seat 1: steph64 (22929, 0.90€ bounty)
Seat 2: Dracarys- (31055, 2.70€ bounty)
Seat 3: snow6464 (28630, 0.90€ bounty)
Seat 4: Torrejones (17712, 0.90€ bounty)
Seat 5: P1xel7 (16464, 0.90€ bounty)
Seat 6: Malito35 (79708, 0.90€ bounty)
*** ANTE/BLINDS ***
Dracarys- posts ante 40
snow6464 posts ante 40
steph64 posts ante 40
Torrejones posts ante 40
P1xel7 posts ante 40
Malito35 posts ante 40
Dracarys- posts small blind 175
snow6464 posts big blind 350
Dealt to P1xel7 [6h 8c]
*** PRE-FLOP *** 
Torrejones folds
P1xel7 folds
Malito35 raises 525 to 875
steph64 calls 875
Dracarys- raises 30140 to 31015 and is all-in
snow6464 folds
Malito35 calls 30140
steph64 folds
*** FLOP *** [7h Kd 6s]
*** TURN *** [7h Kd 6s][6c]
*** RIVER *** [7h Kd 6s 6c][Ac]
*** SHOW DOWN ***
Malito35 shows [Jh Jd] (Two pairs : Jacks and 6)
Dracarys- shows [Ks Ah] (Two pairs : Aces and Kings)
Dracarys- collected 63495 from pot
*** SUMMARY ***
Total pot 63495 | No rake
Board: [7h Kd 6s 6c Ac]
Seat 2: Dracarys- (small blind) showed [Ks Ah] and won 63495 with Two pairs : Aces and Kings
Seat 6: Malito35 showed [Jh Jd] and lost with Two pairs : Jacks and 6


Winamax Poker - Tournament "LE SUD VS LE RESTE DU MONDE" buyIn: 1.80€ + 0.20€ level: 4 - HandId: #3102745607979139122-62-1703017442 - Holdem no limit (40/175/350) - 2023/12/19 20:24:02 UTC
Table: 'LE SUD VS LE RESTE DU MONDE(722414257)#0049' 6-max (real money) Seat #2 is the button
Seat 1: steph64 (22014, 0.90€ bounty)
Seat 2: Dracarys- (63495, 2.70€ bounty)
Seat 3: snow6464 (28240, 0.90€ bounty)
Seat 4: Torrejones (17672, 0.90€ bounty)
Seat 5: P1xel7 (16424, 0.90€ bounty)
Seat 6: Malito35 (48653, 0.90€ bounty)
*** ANTE/BLINDS ***
snow6464 posts ante 40
Torrejones posts ante 40
steph64 posts ante 40
Dracarys- posts ante 40
P1xel7 posts ante 40
Malito35 posts ante 40
snow6464 posts small blind 175
Torrejones posts big blind 350
Dealt to P1xel7 [Qs 4c]
*** PRE-FLOP *** 
P1xel7 folds
Malito35 folds
steph64 folds
Dracarys- raises 63105 to 63455 and is all-in
snow6464 folds
Torrejones folds
Dracarys- collected 64220 from pot
*** SUMMARY ***
Total pot 64220 | No rake
Seat 2: Dracarys- (button) won 64220


Winamax Poker - Tournament "LE SUD VS LE RESTE DU MONDE" buyIn: 1.80€ + 0.20€ level: 4 - HandId: #3102745607979139122-63-1703017456 - Holdem no limit (40/175/350) - 2023/12/19 20:24:16 UTC
Table: 'LE SUD VS LE RESTE DU MONDE(722414257)#0049' 6-max (real money) Seat #3 is the button
Seat 1: steph64 (21974, 0.90€ bounty)
Seat 2: Dracarys- (64220, 2.70€ bounty)
Seat 3: snow6464 (28025, 0.90€ bounty)
Seat 4: Torrejones (17282, 0.90€ bounty)
Seat 5: P1xel7 (16384, 0.90€ bounty)
Seat 6: Malito35 (48613, 0.90€ bounty)
*** ANTE/BLINDS ***
Torrejones posts ante 40
P1xel7 posts ante 40
steph64 posts ante 40
Dracarys- posts ante 40
snow6464 posts ante 40
Malito35 posts ante 40
Torrejones posts small blind 175
P1xel7 posts big blind 350
Dealt to P1xel7 [Ah Td]
*** PRE-FLOP *** 
Malito35 folds
steph64 folds
Dracarys- raises 700 to 1050
snow6464 folds
Torrejones folds
P1xel7 calls 700
*** FLOP *** [3c 8h 7h]
P1xel7 checks
Dracarys- bets 1635
P1xel7 folds
Dracarys- collected 4150 from pot
*** SUMMARY ***
Total pot 4150 | No rake
Board: [3c 8h 7h]
Seat 2: Dracarys- won 4150


Winamax Poker - Tournament "LE SUD VS LE RESTE DU MONDE" buyIn: 1.80€ + 0.20€ level: 5 - HandId: #3102745607979139122-64-1703017511 - Holdem no limit (50/200/400) - 2023/12/19 20:25:11 UTC
Table: 'LE SUD VS LE RESTE DU MONDE(722414257)#0049' 6-max (real money) Seat #4 is the button
Seat 1: steph64 (21934, 0.90€ bounty)
Seat 2: Dracarys- (65645, 2.70€ bounty)
Seat 3: snow6464 (27985, 0.90€ bounty)
Seat 4: Torrejones (17067, 0.90€ bounty)
Seat 5: P1xel7 (15294, 0.90€ bounty)
Seat 6: Malito35 (48573, 0.90€ bounty)
*** ANTE/BLINDS ***
P1xel7 posts ante 50
Malito35 posts ante 50
steph64 posts ante 50
Dracarys- posts ante 50
snow6464 posts ante 50
Torrejones posts ante 50
P1xel7 posts small blind 200
Malito35 posts big blind 400
Dealt to P1xel7 [2c Jc]
*** PRE-FLOP *** 
steph64 folds
Dracarys- folds
snow6464 folds
Torrejones folds
P1xel7 folds
Malito35 collected 900 from pot
*** SUMMARY ***
Total pot 900 | No rake
Seat 6: Malito35 (big blind) won 900


Winamax Poker - Tournament "LE SUD VS LE RESTE DU MONDE" buyIn: 1.80€ + 0.20€ level: 5 - HandId: #3102745607979139122-65-1703017526 - Holdem no limit (50/200/400) - 2023/12/19 20:25:26 UTC
Table: 'LE SUD VS LE RESTE DU MONDE(722414257)#0049' 6-max (real money) Seat #5 is the button
Seat 1: steph64 (21884, 0.90€ bounty)
Seat 2: Dracarys- (65595, 2.70€ bounty)
Seat 3: snow6464 (27935, 0.90€ bounty)
Seat 4: Torrejones (17017, 0.90€ bounty)
Seat 5: P1xel7 (15044, 0.90€ bounty)
Seat 6: Malito35 (49023, 0.90€ bounty)
*** ANTE/BLINDS ***
Malito35 posts ante 50
steph64 posts ante 50
Dracarys- posts ante 50
snow6464 posts ante 50
Torrejones posts ante 50
P1xel7 posts ante 50
Malito35 posts small blind 200
steph64 posts big blind 400
Dealt to P1xel7 [Kc Ah]
*** PRE-FLOP *** 
Dracarys- folds
snow6464 folds
Torrejones raises 500 to 900
P1xel7 raises 2100 to 3000
Malito35 folds
steph64 folds
Torrejones raises 13967 to 16967 and is all-in
P1xel7 calls 11994 and is all-in
*** FLOP *** [Td 3s 8s]
*** TURN *** [Td 3s 8s][Qs]
*** RIVER *** [Td 3s 8s Qs][8d]
*** SHOW DOWN ***
P1xel7 shows [Kc Ah] (One pair : 8)
Torrejones shows [Js Jd] (Two pairs : Jacks and 8)
Torrejones collected 32861 from pot
*** SUMMARY ***
Total pot 32861 | No rake
Board: [Td 3s 8s Qs 8d]
Seat 4: Torrejones showed [Js Jd] and won 32861 with Two pairs : Jacks and 8
Seat 5: P1xel7 (button) showed [Kc Ah] and lost with One pair : 8


Winamax Poker - Tournament "LE SUD VS LE RESTE DU MONDE" buyIn: 1.80€ + 0.20€ level: 5 - HandId: #3102745607979139258-29-1703017634 - Holdem no limit (50/200/400) - 2023/12/19 20:27:14 UTC
Table: 'LE SUD VS LE RESTE DU MONDE(722414257)#0185' 6-max (real money) Seat #2 is the button
Seat 1: P1xel7 (20000, 0.90€ bounty)
Seat 2: Soprassis34 (20849, 0.90€ bounty)
Seat 3: jamesnolan (69272, 1.80€ bounty)
Seat 4: jlmiams37 (26194, 0.90€ bounty)
Seat 5: 100K to 0 (18749, 0.90€ bounty)
Seat 6: J.Sinner. (15798, 0.90€ bounty)
*** ANTE/BLINDS ***
jamesnolan posts ante 50
jlmiams37 posts ante 50
P1xel7 posts ante 50
Soprassis34 posts ante 50
100K to 0 posts ante 50
J.Sinner. posts ante 50
jamesnolan posts small blind 200
jlmiams37 posts big blind 400
Dealt to P1xel7 [5h 8h]
*** PRE-FLOP *** 
100K to 0 folds
J.Sinner. folds
P1xel7 folds
Soprassis34 raises 400 to 800
jamesnolan calls 600
jlmiams37 folds
*** FLOP *** [4c Qc Qd]
jamesnolan checks
Soprassis34 checks
*** TURN *** [4c Qc Qd][As]
jamesnolan checks
Soprassis34 bets 805
jamesnolan calls 805
*** RIVER *** [4c Qc Qd As][5d]
jamesnolan checks
Soprassis34 bets 1369
jamesnolan folds
Soprassis34 collected 5279 from pot
*** SUMMARY ***
Total pot 5279 | No rake
Board: [4c Qc Qd As 5d]
Seat 2: Soprassis34 (button) won 5279


Winamax Poker - Tournament "LE SUD VS LE RESTE DU MONDE" buyIn: 1.80€ + 0.20€ level: 5 - HandId: #3102745607979139258-30-1703017693 - Holdem no limit (50/200/400) - 2023/12/19 20:28:13 UTC
Table: 'LE SUD VS LE RESTE DU MONDE(722414257)#0185' 6-max (real money) Seat #3 is the button
Seat 1: P1xel7 (19950, 0.90€ bounty)
Seat 2: Soprassis34 (23104, 0.90€ bounty)
Seat 3: jamesnolan (67617, 1.80€ bounty)
Seat 4: jlmiams37 (25744, 0.90€ bounty)
Seat 5: 100K to 0 (18699, 0.90€ bounty)
Seat 6: J.Sinner. (15748, 0.90€ bounty)
*** ANTE/BLINDS ***
jlmiams37 posts ante 50
100K to 0 posts ante 50
P1xel7 posts ante 50
Soprassis34 posts ante 50
jamesnolan posts ante 50
J.Sinner. posts ante 50
jlmiams37 posts small blind 200
100K to 0 posts big blind 400
Dealt to P1xel7 [Kd Tc]
*** PRE-FLOP *** 
J.Sinner. folds
P1xel7 raises 600 to 1000
Soprassis34 raises 22054 to 23054 and is all-in
jamesnolan folds
jlmiams37 folds
100K to 0 folds
P1xel7 folds
Soprassis34 collected 24954 from pot
*** SUMMARY ***
Total pot 24954 | No rake
Seat 2: Soprassis34 won 24954


Winamax Poker - Tournament "LE SUD VS LE RESTE DU MONDE" buyIn: 1.80€ + 0.20€ level: 5 - HandId: #3102745607979139258-31-1703017721 - Holdem no limit (50/200/400) - 2023/12/19 20:28:41 UTC
Table: 'LE SUD VS LE RESTE DU MONDE(722414257)#0185' 6-max (real money) Seat #4 is the button
Seat 1: P1xel7 (18900, 0.90€ bounty)
Seat 2: Soprassis34 (24954, 0.90€ bounty)
Seat 3: jamesnolan (67567, 1.80€ bounty)
Seat 4: jlmiams37 (25494, 0.90€ bounty)
Seat 5: 100K to 0 (18249, 0.90€ bounty)
Seat 6: J.Sinner. (15698, 0.90€ bounty)
*** ANTE/BLINDS ***
100K to 0 posts ante 50
J.Sinner. posts ante 50
P1xel7 posts ante 50
Soprassis34 posts ante 50
jamesnolan posts ante 50
jlmiams37 posts ante 50
100K to 0 posts small blind 200
J.Sinner. posts big blind 400
Dealt to P1xel7 [6c Ts]
*** PRE-FLOP *** 
P1xel7 folds
Soprassis34 folds
jamesnolan raises 400 to 800
jlmiams37 folds
100K to 0 raises 2300 to 3100
J.Sinner. folds
jamesnolan calls 2300
*** FLOP *** [7c 4c Qd]
100K to 0 bets 2277
jamesnolan folds
100K to 0 collected 9177 from pot
*** SUMMARY ***
Total pot 9177 | No rake
Board: [7c 4c Qd]
Seat 5: 100K to 0 (small blind) won 9177


Winamax Poker - Tournament "LE SUD VS LE RESTE DU MONDE" buyIn: 1.80€ + 0.20€ level: 5 - HandId: #3102745607979139258-32-1703017779 - Holdem no limit (50/200/400) - 2023/12/19 20:29:39 UTC
Table: 'LE SUD VS LE RESTE DU MONDE(722414257)#0185' 6-max (real money) Seat #5 is the button
Seat 1: P1xel7 (18850, 0.90€ bounty)
Seat 2: Soprassis34 (24904, 0.90€ bounty)
Seat 3: jamesnolan (64417, 1.80€ bounty)
Seat 4: jlmiams37 (25444, 0.90€ bounty)
Seat 5: 100K to 0 (21999, 0.90€ bounty)
Seat 6: J.Sinner. (15248, 0.90€ bounty)
*** ANTE/BLINDS ***
J.Sinner. posts ante 50
P1xel7 posts ante 50
Soprassis34 posts ante 50
jamesnolan posts ante 50
jlmiams37 posts ante 50
100K to 0 posts ante 50
J.Sinner. posts small blind 200
P1xel7 posts big blind 400
Dealt to P1xel7 [Ac Qd]
*** PRE-FLOP *** 
Soprassis34 raises 400 to 800
jamesnolan calls 800
jlmiams37 calls 800
100K to 0 calls 800
J.Sinner. folds
P1xel7 raises 4000 to 4800
Soprassis34 folds
jamesnolan folds
jlmiams37 folds
100K to 0 calls 4000
*** FLOP *** [9h Kd 5s]
P1xel7 bets 4375
100K to 0 folds
P1xel7 collected 16875 from pot
*** SUMMARY ***
Total pot 16875 | No rake
Board: [9h Kd 5s]
Seat 1: P1xel7 (big blind) won 16875


Winamax Poker - Tournament "LE SUD VS LE RESTE DU MONDE" buyIn: 1.80€ + 0.20€ level: 6 - HandId: #3102745607979139258-33-1703017872 - Holdem no limit (60/250/500) - 2023/12/19 20:31:12 UTC
Table: 'LE SUD VS LE RESTE DU MONDE(722414257)#0185' 6-max (real money) Seat #6 is the button
Seat 1: P1xel7 (26500, 0.90€ bounty)
Seat 2: Soprassis34 (24054, 0.90€ bounty)
Seat 3: jamesnolan (63567, 1.80€ bounty)
Seat 4: jlmiams37 (24594, 0.90€ bounty)
Seat 5: 100K to 0 (17149, 0.90€ bounty)
Seat 6: J.Sinner. (14998, 0.90€ bounty)
*** ANTE/BLINDS ***
P1xel7 posts ante 60
Soprassis34 posts ante 60
jamesnolan posts ante 60
jlmiams37 posts ante 60
100K to 0 posts ante 60
J.Sinner. posts ante 60
P1xel7 posts small blind 250
Soprassis34 posts big blind 500
Dealt to P1xel7 [9h 7c]
*** PRE-FLOP *** 
jamesnolan raises 1000 to 1500
jlmiams37 calls 1500
100K to 0 folds
J.Sinner. calls 1500
P1xel7 folds
Soprassis34 folds
*** FLOP *** [8c Ts 5c]
jamesnolan checks
jlmiams37 checks
J.Sinner. checks
*** TURN *** [8c Ts 5c][2c]
jamesnolan bets 3647
jlmiams37 folds
J.Sinner. folds
jamesnolan collected 9257 from pot
*** SUMMARY ***
Total pot 9257 | No rake
Board: [8c Ts 5c 2c]
Seat 3: jamesnolan won 9257


Winamax Poker - Tournament "LE SUD VS LE RESTE DU MONDE" buyIn: 1.80€ + 0.20€ level: 6 - HandId: #3102745607979139258-34-1703017966 - Holdem no limit (60/250/500) - 2023/12/19 20:32:46 UTC
Table: 'LE SUD VS LE RESTE DU MONDE(722414257)#0185' 6-max (real money) Seat #1 is the button
Seat 1: P1xel7 (26190, 0.90€ bounty)
Seat 2: Soprassis34 (23494, 0.90€ bounty)
Seat 3: jamesnolan (67617, 1.80€ bounty)
Seat 4: jlmiams37 (23034, 0.90€ bounty)
Seat 5: 100K to 0 (17089, 0.90€ bounty)
Seat 6: J.Sinner. (13438, 0.90€ bounty)
*** ANTE/BLINDS ***
Soprassis34 posts ante 60
jamesnolan posts ante 60
P1xel7 posts ante 60
jlmiams37 posts ante 60
100K to 0 posts ante 60
J.Sinner. posts ante 60
Soprassis34 posts small blind 250
jamesnolan posts big blind 500
Dealt to P1xel7 [7h Jd]
*** PRE-FLOP *** 
jlmiams37 folds
100K to 0 folds
J.Sinner. folds
P1xel7 folds
Soprassis34 folds
jamesnolan collected 1110 from pot
*** SUMMARY ***
Total pot 1110 | No rake
Seat 3: jamesnolan (big blind) won 1110


Winamax Poker - Tournament "LE SUD VS LE RESTE DU MONDE" buyIn: 1.80€ + 0.20€ level: 6 - HandId: #3102745607979139258-35-1703018014 - Holdem no limit (60/250/500) - 2023/12/19 20:33:34 UTC
Table: 'LE SUD VS LE RESTE DU MONDE(722414257)#0185' 6-max (real money) Seat #2 is the button
Seat 1: P1xel7 (26130, 0.90€ bounty)
Seat 2: Soprassis34 (23184, 0.90€ bounty)
Seat 3: jamesnolan (68167, 1.80€ bounty)
Seat 4: jlmiams37 (22974, 0.90€ bounty)
Seat 5: 100K to 0 (17029, 0.90€ bounty)
Seat 6: J.Sinner. (13378, 0.90€ bounty)
*** ANTE/BLINDS ***
jamesnolan posts ante 60
jlmiams37 posts ante 60
P1xel7 posts ante 60
Soprassis34 posts ante 60
100K to 0 posts ante 60
J.Sinner. posts ante 60
jamesnolan posts small blind 250
jlmiams37 posts big blind 500
Dealt to P1xel7 [2h Qd]
*** PRE-FLOP *** 
100K to 0 raises 600 to 1100
J.Sinner. folds
P1xel7 folds
Soprassis34 folds
jamesnolan calls 850
jlmiams37 folds
*** FLOP *** [Jd 9c 3h]
jamesnolan checks
100K to 0 bets 2020
jamesnolan calls 2020
*** TURN *** [Jd 9c 3h][8d]
jamesnolan bets 4615
100K to 0 calls 4615
*** RIVER *** [Jd 9c 3h 8d][9h]
jamesnolan bets 16330
100K to 0 calls 9234 and is all-in
*** SHOW DOWN ***
jamesnolan shows [Kd Tc] (One pair : 9)
100K to 0 shows [Qc Qs] (Two pairs : Queens and 9)
100K to 0 collected 34798 from main pot
jamesnolan collected 7096 from side pot 1
*** SUMMARY ***
Total pot 41894 | No rake
Board: [Jd 9c 3h 8d 9h]
Seat 3: jamesnolan (small blind) showed [Kd Tc] and won 7096 with One pair : 9
Seat 5: 100K to 0 showed [Qc Qs] and won 34798 with Two pairs : Queens and 9


Winamax Poker - Tournament "LE SUD VS LE RESTE DU MONDE" buyIn: 1.80€ + 0.20€ level: 6 - HandId: #3102745607979139258-36-1703018105 - Holdem no limit (60/250/500) - 2023/12/19 20:35:05 UTC
Table: 'LE SUD VS LE RESTE DU MONDE(722414257)#0185' 6-max (real money) Seat #3 is the button
Seat 1: P1xel7 (26070, 0.90€ bounty)
Seat 2: Soprassis34 (23124, 0.90€ bounty)
Seat 3: jamesnolan (51138, 1.80€ bounty)
Seat 4: jlmiams37 (22414, 0.90€ bounty)
Seat 5: 100K to 0 (34798, 0.90€ bounty)
Seat 6: J.Sinner. (13318, 0.90€ bounty)
*** ANTE/BLINDS ***
jlmiams37 posts ante 60
100K to 0 posts ante 60
P1xel7 posts ante 60
Soprassis34 posts ante 60
jamesnolan posts ante 60
J.Sinner. posts ante 60
jlmiams37 posts small blind 250
100K to 0 posts big blind 500
Dealt to P1xel7 [9d Jh]
*** PRE-FLOP *** 
J.Sinner. folds
P1xel7 folds
Soprassis34 calls 500
jamesnolan raises 500 to 1000
jlmiams37 folds
100K to 0 calls 500
Soprassis34 calls 500
*** FLOP *** [6d Qd 2h]
100K to 0 checks
Soprassis34 checks
jamesnolan bets 2347
100K to 0 folds
Soprassis34 folds
jamesnolan collected 5957 from pot
*** SUMMARY ***
Total pot 5957 | No rake
Board: [6d Qd 2h]
Seat 3: jamesnolan (button) won 5957


Winamax Poker - Tournament "LE SUD VS LE RESTE DU MONDE" buyIn: 1.80€ + 0.20€ level: 6 - HandId: #3102745607979139258-37-1703018159 - Holdem no limit (60/250/500) - 2023/12/19 20:35:59 UTC
Table: 'LE SUD VS LE RESTE DU MONDE(722414257)#0185' 6-max (real money) Seat #4 is the button
Seat 1: P1xel7 (26010, 0.90€ bounty)
Seat 2: Soprassis34 (22064, 0.90€ bounty)
Seat 3: jamesnolan (53688, 1.80€ bounty)
Seat 4: jlmiams37 (22104, 0.90€ bounty)
Seat 5: 100K to 0 (33738, 0.90€ bounty)
Seat 6: J.Sinner. (13258, 0.90€ bounty)
*** ANTE/BLINDS ***
100K to 0 posts ante 60
J.Sinner. posts ante 60
P1xel7 posts ante 60
Soprassis34 posts ante 60
jamesnolan posts ante 60
jlmiams37 posts ante 60
100K to 0 posts small blind 250
J.Sinner. posts big blind 500
Dealt to P1xel7 [5s Td]
*** PRE-FLOP *** 
P1xel7 folds
Soprassis34 folds
jamesnolan folds
jlmiams37 raises 750 to 1250
100K to 0 folds
J.Sinner. calls 750
*** FLOP *** [Ad Jh 3h]
J.Sinner. checks
jlmiams37 checks
*** TURN *** [Ad Jh 3h][3d]
J.Sinner. bets 2333
jlmiams37 calls 2333
*** RIVER *** [Ad Jh 3h 3d][Tc]
J.Sinner. bets 9615 and is all-in
jlmiams37 calls 9615
*** SHOW DOWN ***
jlmiams37 shows [7d As] (Two pairs : Aces and 3)
J.Sinner. shows [3c 7c] (Trips of 3)
J.Sinner. collected 27006 from pot
*** SUMMARY ***
Total pot 27006 | No rake
Board: [Ad Jh 3h 3d Tc]
Seat 4: jlmiams37 (button) showed [7d As] and lost with Two pairs : Aces and 3
Seat 6: J.Sinner. (big blind) showed [3c 7c] and won 27006 with Trips of 3


Winamax Poker - Tournament "LE SUD VS LE RESTE DU MONDE" buyIn: 1.80€ + 0.20€ level: 7 - HandId: #3102745607979139258-38-1703018260 - Holdem no limit (70/300/600) - 2023/12/19 20:37:40 UTC
Table: 'LE SUD VS LE RESTE DU MONDE(722414257)#0185' 6-max (real money) Seat #5 is the button
Seat 1: P1xel7 (25950, 0.90€ bounty)
Seat 2: Soprassis34 (22004, 0.90€ bounty)
Seat 3: jamesnolan (53628, 1.80€ bounty)
Seat 4: jlmiams37 (8846, 0.90€ bounty)
Seat 5: 100K to 0 (33428, 0.90€ bounty)
Seat 6: J.Sinner. (27006, 0.90€ bounty)
*** ANTE/BLINDS ***
J.Sinner. posts ante 70
P1xel7 posts ante 70
Soprassis34 posts ante 70
jamesnolan posts ante 70
jlmiams37 posts ante 70
100K to 0 posts ante 70
J.Sinner. posts small blind 300
P1xel7 posts big blind 600
Dealt to P1xel7 [Js Ah]
*** PRE-FLOP *** 
Soprassis34 folds
jamesnolan folds
jlmiams37 folds
100K to 0 raises 720 to 1320
J.Sinner. folds
P1xel7 calls 720
*** FLOP *** [Kc 9c 3s]
P1xel7 checks
100K to 0 bets 1109
P1xel7 folds
100K to 0 collected 4469 from pot
*** SUMMARY ***
Total pot 4469 | No rake
Board: [Kc 9c 3s]
Seat 5: 100K to 0 (button) won 4469


Winamax Poker - Tournament "LE SUD VS LE RESTE DU MONDE" buyIn: 1.80€ + 0.20€ level: 7 - HandId: #3102745607979139258-39-1703018314 - Holdem no limit (70/300/600) - 2023/12/19 20:38:34 UTC
Table: 'LE SUD VS LE RESTE DU MONDE(722414257)#0185' 6-max (real money) Seat #6 is the button
Seat 1: P1xel7 (24560, 0.90€ bounty)
Seat 2: Soprassis34 (21934, 0.90€ bounty)
Seat 3: jamesnolan (53558, 1.80€ bounty)
Seat 4: jlmiams37 (8776, 0.90€ bounty)
Seat 5: 100K to 0 (35398, 0.90€ bounty)
Seat 6: J.Sinner. (26636, 0.90€ bounty)
*** ANTE/BLINDS ***
P1xel7 posts ante 70
Soprassis34 posts ante 70
jamesnolan posts ante 70
jlmiams37 posts ante 70
100K to 0 posts ante 70
J.Sinner. posts ante 70
P1xel7 posts small blind 300
Soprassis34 posts big blind 600
Dealt to P1xel7 [Ac 8d]
*** PRE-FLOP *** 
jamesnolan raises 600 to 1200
jlmiams37 folds
100K to 0 raises 2400 to 3600
J.Sinner. folds
P1xel7 folds
Soprassis34 folds
jamesnolan folds
100K to 0 collected 6120 from pot
*** SUMMARY ***
Total pot 6120 | No rake
Seat 5: 100K to 0 won 6120


Winamax Poker - Tournament "LE SUD VS LE RESTE DU MONDE" buyIn: 1.80€ + 0.20€ level: 7 - HandId: #3102745607979139258-40-1703018356 - Holdem no limit (70/300/600) - 2023/12/19 20:39:16 UTC
Table: 'LE SUD VS LE RESTE DU MONDE(722414257)#0185' 6-max (real money) Seat #1 is the button
Seat 1: P1xel7 (24190, 0.90€ bounty)
Seat 2: Soprassis34 (21264, 0.90€ bounty)
Seat 3: jamesnolan (52288, 1.80€ bounty)
Seat 4: jlmiams37 (8706, 0.90€ bounty)
Seat 5: 100K to 0 (37848, 0.90€ bounty)
Seat 6: J.Sinner. (26566, 0.90€ bounty)
*** ANTE/BLINDS ***
Soprassis34 posts ante 70
jamesnolan posts ante 70
P1xel7 posts ante 70
jlmiams37 posts ante 70
100K to 0 posts ante 70
J.Sinner. posts ante 70
Soprassis34 posts small blind 300
jamesnolan posts big blind 600
Dealt to P1xel7 [6d Jh]
*** PRE-FLOP *** 
jlmiams37 folds
100K to 0 folds
J.Sinner. raises 900 to 1500
P1xel7 folds
Soprassis34 calls 1200
jamesnolan calls 900
*** FLOP *** [Kh 8c 3s]
Soprassis34 checks
jamesnolan checks
J.Sinner. bets 1624
Soprassis34 calls 1624
jamesnolan folds
*** TURN *** [Kh 8c 3s][9h]
Soprassis34 checks
J.Sinner. checks
*** RIVER *** [Kh 8c 3s 9h][3d]
Soprassis34 bets 18070 and is all-in
J.Sinner. raises 5302 to 23372 and is all-in
*** SHOW DOWN ***
Soprassis34 shows [3h Ah] (Trips of 3)
J.Sinner. shows [3c Ad] (Trips of 3)
J.Sinner. collected 27456 from side pot 1
Soprassis34 collected 22154 from main pot
*** SUMMARY ***
Total pot 49610 | No rake
Board: [Kh 8c 3s 9h 3d]
Seat 2: Soprassis34 (small blind) showed [3h Ah] and won 22154 with Trips of 3
Seat 6: J.Sinner. showed [3c Ad] and won 27456 with Trips of 3


Winamax Poker - Tournament "LE SUD VS LE RESTE DU MONDE" buyIn: 1.80€ + 0.20€ level: 7 - HandId: #3102745607979139258-41-1703018428 - Holdem no limit (70/300/600) - 2023/12/19 20:40:28 UTC
Table: 'LE SUD VS LE RESTE DU MONDE(722414257)#0185' 6-max (real money) Seat #2 is the button
Seat 1: P1xel7 (24120, 0.90€ bounty)
Seat 2: Soprassis34 (22154, 0.90€ bounty)
Seat 3: jamesnolan (50718, 1.80€ bounty)
Seat 4: jlmiams37 (8636, 0.90€ bounty)
Seat 5: 100K to 0 (37778, 0.90€ bounty)
Seat 6: J.Sinner. (27456, 0.90€ bounty)
*** ANTE/BLINDS ***
jamesnolan posts ante 70
jlmiams37 posts ante 70
P1xel7 posts ante 70
Soprassis34 posts ante 70
100K to 0 posts ante 70
J.Sinner. posts ante 70
jamesnolan posts small blind 300
jlmiams37 posts big blind 600
Dealt to P1xel7 [Qd 6c]
*** PRE-FLOP *** 
100K to 0 folds
J.Sinner. folds
P1xel7 folds
Soprassis34 raises 600 to 1200
jamesnolan folds
jlmiams37 folds
Soprassis34 collected 2520 from pot
*** SUMMARY ***
Total pot 2520 | No rake
Seat 2: Soprassis34 (button) won 2520


Winamax Poker - Tournament "LE SUD VS LE RESTE DU MONDE" buyIn: 1.80€ + 0.20€ level: 7 - HandId: #3102745607979139258-42-1703018455 - Holdem no limit (70/300/600) - 2023/12/19 20:40:55 UTC
Table: 'LE SUD VS LE RESTE DU MONDE(722414257)#0185' 6-max (real money) Seat #3 is the button
Seat 1: P1xel7 (24050, 0.90€ bounty)
Seat 2: Soprassis34 (23404, 0.90€ bounty)
Seat 3: jamesnolan (50348, 1.80€ bounty)
Seat 4: jlmiams37 (7966, 0.90€ bounty)
Seat 5: 100K to 0 (37708, 0.90€ bounty)
Seat 6: J.Sinner. (27386, 0.90€ bounty)
*** ANTE/BLINDS ***
jlmiams37 posts ante 70
100K to 0 posts ante 70
P1xel7 posts ante 70
Soprassis34 posts ante 70
jamesnolan posts ante 70
J.Sinner. posts ante 70
jlmiams37 posts small blind 300
100K to 0 posts big blind 600
Dealt to P1xel7 [2d 4c]
*** PRE-FLOP *** 
J.Sinner. folds
P1xel7 folds
Soprassis34 calls 600
jamesnolan calls 600
jlmiams37 folds
100K to 0 checks
*** FLOP *** [9d Qd Ad]
100K to 0 checks
Soprassis34 checks
jamesnolan checks
*** TURN *** [9d Qd Ad][4h]
100K to 0 checks
Soprassis34 bets 1638
jamesnolan calls 1638
100K to 0 folds
*** RIVER *** [9d Qd Ad 4h][2c]
Soprassis34 bets 21096 and is all-in
jamesnolan folds
Soprassis34 collected 26892 from pot
*** SUMMARY ***
Total pot 26892 | No rake
Board: [9d Qd Ad 4h 2c]
Seat 2: Soprassis34 won 26892


Winamax Poker - Tournament "LE SUD VS LE RESTE DU MONDE" buyIn: 1.80€ + 0.20€ level: 7 - HandId: #3102745607979139258-43-1703018531 - Holdem no limit (70/300/600) - 2023/12/19 20:42:11 UTC
Table: 'LE SUD VS LE RESTE DU MONDE(722414257)#0185' 6-max (real money) Seat #4 is the button
Seat 1: P1xel7 (23980, 0.90€ bounty)
Seat 2: Soprassis34 (26892, 0.90€ bounty)
Seat 3: jamesnolan (48040, 1.80€ bounty)
Seat 4: jlmiams37 (7596, 0.90€ bounty)
Seat 5: 100K to 0 (37038, 0.90€ bounty)
Seat 6: J.Sinner. (27316, 0.90€ bounty)
*** ANTE/BLINDS ***
100K to 0 posts ante 70
J.Sinner. posts ante 70
P1xel7 posts ante 70
Soprassis34 posts ante 70
jamesnolan posts ante 70
jlmiams37 posts ante 70
100K to 0 posts small blind 300
J.Sinner. posts big blind 600
Dealt to P1xel7 [Jh 8c]
*** PRE-FLOP *** 
P1xel7 folds
Soprassis34 folds
jamesnolan folds
jlmiams37 folds
100K to 0 raises 1200 to 1800
J.Sinner. calls 1200
*** FLOP *** [6s Tc 5d]
100K to 0 checks
J.Sinner. bets 1327
100K to 0 folds
J.Sinner. collected 5347 from pot
*** SUMMARY ***
Total pot 5347 | No rake
Board: [6s Tc 5d]
Seat 6: J.Sinner. (big blind) won 5347


Winamax Poker - Tournament "LE SUD VS LE RESTE DU MONDE" buyIn: 1.80€ + 0.20€ level: 8 - HandId: #3102745607979139258-44-1703018603 - Holdem no limit (80/350/700) - 2023/12/19 20:43:23 UTC
Table: 'LE SUD VS LE RESTE DU MONDE(722414257)#0185' 6-max (real money) Seat #5 is the button
Seat 1: P1xel7 (23910, 0.90€ bounty)
Seat 3: jamesnolan (47970, 1.80€ bounty)
Seat 4: jlmiams37 (7526, 0.90€ bounty)
Seat 5: 100K to 0 (35168, 0.90€ bounty)
Seat 6: J.Sinner. (29466, 0.90€ bounty)
*** ANTE/BLINDS ***
J.Sinner. posts ante 80
P1xel7 posts ante 80
jamesnolan posts ante 80
jlmiams37 posts ante 80
100K to 0 posts ante 80
J.Sinner. posts small blind 350
P1xel7 posts big blind 700
Dealt to P1xel7 [9s 7c]
*** PRE-FLOP *** 
jamesnolan raises 700 to 1400
jlmiams37 calls 1400
100K to 0 raises 2800 to 4200
J.Sinner. folds
P1xel7 folds
jamesnolan folds
jlmiams37 raises 3246 to 7446 and is all-in
100K to 0 calls 3246
*** FLOP *** [As 6s Qs]
*** TURN *** [As 6s Qs][3s]
*** RIVER *** [As 6s Qs 3s][8d]
*** SHOW DOWN ***
jlmiams37 shows [Jc Ts] (Flush Ace high)
100K to 0 shows [Jh Js] (Flush Ace high)
100K to 0 collected 17742 from pot
*** SUMMARY ***
Total pot 17742 | No rake
Board: [As 6s Qs 3s 8d]
Seat 4: jlmiams37 showed [Jc Ts] and lost with Flush Ace high
Seat 5: 100K to 0 (button) showed [Jh Js] and won 17742 with Flush Ace high


Winamax Poker - Tournament "LE SUD VS LE RESTE DU MONDE" buyIn: 1.80€ + 0.20€ level: 8 - HandId: #3102745607979139258-45-1703018688 - Holdem no limit (80/350/700) - 2023/12/19 20:44:48 UTC
Table: 'LE SUD VS LE RESTE DU MONDE(722414257)#0185' 6-max (real money) Seat #6 is the button
Seat 1: P1xel7 (23130, 0.90€ bounty)
Seat 2: Plumixx (24138, 0.90€ bounty)
Seat 3: jamesnolan (46490, 1.80€ bounty)
Seat 5: 100K to 0 (45384, 1.35€ bounty)
Seat 6: J.Sinner. (29036, 0.90€ bounty)
*** ANTE/BLINDS ***
P1xel7 posts ante 80
Plumixx posts ante 80
jamesnolan posts ante 80
100K to 0 posts ante 80
J.Sinner. posts ante 80
P1xel7 posts small blind 350
Plumixx posts big blind 700
Dealt to P1xel7 [Jc 4h]
*** PRE-FLOP *** 
jamesnolan raises 700 to 1400
100K to 0 folds
J.Sinner. raises 3500 to 4900
P1xel7 folds
Plumixx calls 4200
jamesnolan folds
*** FLOP *** [5c 3s 8c]
Plumixx bets 19158 and is all-in
J.Sinner. folds
Plumixx collected 31108 from pot
*** SUMMARY ***
Total pot 31108 | No rake
Board: [5c 3s 8c]
Seat 2: Plumixx (big blind) won 31108


Winamax Poker - Tournament "LE SUD VS LE RESTE DU MONDE" buyIn: 1.80€ + 0.20€ level: 8 - HandId: #3102745607979139258-46-1703018740 - Holdem no limit (80/350/700) - 2023/12/19 20:45:40 UTC
Table: 'LE SUD VS LE RESTE DU MONDE(722414257)#0185' 6-max (real money) Seat #1 is the button
Seat 1: P1xel7 (22700, 0.90€ bounty)
Seat 2: Plumixx (31108, 0.90€ bounty)
Seat 3: jamesnolan (45010, 1.80€ bounty)
Seat 5: 100K to 0 (45304, 1.35€ bounty)
Seat 6: J.Sinner. (24056, 0.90€ bounty)
*** ANTE/BLINDS ***
Plumixx posts ante 80
jamesnolan posts ante 80
P1xel7 posts ante 80
100K to 0 posts ante 80
J.Sinner. posts ante 80
Plumixx posts small blind 350
jamesnolan posts big blind 700
Dealt to P1xel7 [Qh 9s]
*** PRE-FLOP *** 
100K to 0 raises 840 to 1540
J.Sinner. folds
P1xel7 calls 1540
Plumixx folds
jamesnolan calls 840
*** FLOP *** [Kd As Ah]
jamesnolan checks
100K to 0 checks
P1xel7 checks
*** TURN *** [Kd As Ah][Jh]
jamesnolan checks
100K to 0 bets 3894
P1xel7 folds
jamesnolan calls 3894
*** RIVER *** [Kd As Ah Jh][2d]
jamesnolan checks
100K to 0 bets 39790 and is all-in
jamesnolan calls 39496 and is all-in
*** SHOW DOWN ***
jamesnolan shows [Kh Jd] (Two pairs : Aces and Kings)
100K to 0 shows [9d Td] (One pair : Aces)
100K to 0 collected 294 from side pot 1
jamesnolan collected 92150 from main pot
*** SUMMARY ***
Total pot 92444 | No rake
Board: [Kd As Ah Jh 2d]
Seat 3: jamesnolan (big blind) showed [Kh Jd] and won 92150 with Two pairs : Aces and Kings
Seat 5: 100K to 0 showed [9d Td] and won 294 with One pair : Aces


Winamax Poker - Tournament "LE SUD VS LE RESTE DU MONDE" buyIn: 1.80€ + 0.20€ level: 8 - HandId: #3102745607979139258-47-1703018859 - Holdem no limit (80/350/700) - 2023/12/19 20:47:39 UTC
Table: 'LE SUD VS LE RESTE DU MONDE(722414257)#0185' 6-max (real money) Seat #2 is the button
Seat 1: P1xel7 (21080, 0.90€ bounty)
Seat 2: Plumixx (30678, 0.90€ bounty)
Seat 3: jamesnolan (92150, 1.80€ bounty)
Seat 4: Mbnmatth46 (20000, 0.90€ bounty)
Seat 5: 100K to 0 (294, 1.35€ bounty)
Seat 6: J.Sinner. (23976, 0.90€ bounty)
*** ANTE/BLINDS ***
jamesnolan posts ante 80
Mbnmatth46 posts ante 80
P1xel7 posts ante 80
Plumixx posts ante 80
100K to 0 posts ante 80
J.Sinner. posts ante 80
jamesnolan posts small blind 350
Mbnmatth46 posts big blind 700
Dealt to P1xel7 [5d Jh]
*** PRE-FLOP *** 
100K to 0 calls 214 and is all-in
J.Sinner. folds
P1xel7 folds
Plumixx folds
jamesnolan raises 700 to 1400
Mbnmatth46 raises 18520 to 19920 and is all-in
jamesnolan folds
*** FLOP *** [Th Jd Js]
*** TURN *** [Th Jd Js][Qs]
*** RIVER *** [Th Jd Js Qs][Tc]
*** SHOW DOWN ***
100K to 0 shows [3s 6c] (Two pairs : Jacks and Tens)
Mbnmatth46 shows [Kh 9s] (Straight King high)
Mbnmatth46 collected 22014 from pot
*** SUMMARY ***
Total pot 22014 | No rake
Board: [Th Jd Js Qs Tc]
Seat 4: Mbnmatth46 (big blind) showed [Kh 9s] and won 22014 with Straight King high
Seat 5: 100K to 0 showed [3s 6c] and lost with Two pairs : Jacks and Tens


Winamax Poker - Tournament "LE SUD VS LE RESTE DU MONDE" buyIn: 1.80€ + 0.20€ level: 9 - HandId: #3102745607979139258-48-1703018918 - Holdem no limit (100/400/800) - 2023/12/19 20:48:38 UTC
Table: 'LE SUD VS LE RESTE DU MONDE(722414257)#0185' 6-max (real money) Seat #3 is the button
Seat 1: P1xel7 (21000, 0.90€ bounty)
Seat 2: Plumixx (30598, 0.90€ bounty)
Seat 3: jamesnolan (90670, 1.80€ bounty)
Seat 4: Mbnmatth46 (22014, 1.57€ bounty)
Seat 6: J.Sinner. (23896, 0.90€ bounty)
*** ANTE/BLINDS ***
Mbnmatth46 posts ante 100
J.Sinner. posts ante 100
P1xel7 posts ante 100
Plumixx posts ante 100
jamesnolan posts ante 100
Mbnmatth46 posts small blind 400
J.Sinner. posts big blind 800
Dealt to P1xel7 [8d Td]
*** PRE-FLOP *** 
P1xel7 folds
Plumixx raises 800 to 1600
jamesnolan folds
Mbnmatth46 folds
J.Sinner. folds
Plumixx collected 3300 from pot
*** SUMMARY ***
Total pot 3300 | No rake
Seat 2: Plumixx won 3300


Winamax Poker - Tournament "LE SUD VS LE RESTE DU MONDE" buyIn: 1.80€ + 0.20€ level: 9 - HandId: #3102745607979139258-49-1703018949 - Holdem no limit (100/400/800) - 2023/12/19 20:49:09 UTC
Table: 'LE SUD VS LE RESTE DU MONDE(722414257)#0185' 6-max (real money) Seat #4 is the button
Seat 1: P1xel7 (20900, 0.90€ bounty)
Seat 2: Plumixx (32198, 0.90€ bounty)
Seat 3: jamesnolan (90570, 1.80€ bounty)
Seat 4: Mbnmatth46 (21514, 1.57€ bounty)
Seat 6: J.Sinner. (22996, 0.90€ bounty)
*** ANTE/BLINDS ***
J.Sinner. posts ante 100
P1xel7 posts ante 100
Plumixx posts ante 100
jamesnolan posts ante 100
Mbnmatth46 posts ante 100
J.Sinner. posts small blind 400
P1xel7 posts big blind 800
Dealt to P1xel7 [Tc 3c]
*** PRE-FLOP *** 
Plumixx folds
jamesnolan raises 800 to 1600
Mbnmatth46 folds
J.Sinner. folds
P1xel7 folds
jamesnolan collected 3300 from pot
*** SUMMARY ***
Total pot 3300 | No rake
Seat 3: jamesnolan won 3300


Winamax Poker - Tournament "LE SUD VS LE RESTE DU MONDE" buyIn: 1.80€ + 0.20€ level: 9 - HandId: #3102745607979139258-50-1703018966 - Holdem no limit (100/400/800) - 2023/12/19 20:49:26 UTC
Table: 'LE SUD VS LE RESTE DU MONDE(722414257)#0185' 6-max (real money) Seat #6 is the button
Seat 1: P1xel7 (20000, 0.90€ bounty)
Seat 2: Plumixx (32098, 0.90€ bounty)
Seat 3: jamesnolan (92170, 1.80€ bounty)
Seat 4: Mbnmatth46 (21414, 1.57€ bounty)
Seat 5: InconnuMasqu (20000, 0.90€ bounty)
Seat 6: J.Sinner. (22496, 0.90€ bounty)
*** ANTE/BLINDS ***
P1xel7 posts ante 100
Plumixx posts ante 100
jamesnolan posts ante 100
Mbnmatth46 posts ante 100
InconnuMasqu posts ante 100
J.Sinner. posts ante 100
P1xel7 posts small blind 400
Plumixx posts big blind 800
Dealt to P1xel7 [Ad 3h]
*** PRE-FLOP *** 
jamesnolan raises 800 to 1600
Mbnmatth46 calls 1600
InconnuMasqu folds
J.Sinner. folds
P1xel7 folds
Plumixx folds
*** FLOP *** [4s 2s Ts]
jamesnolan checks
Mbnmatth46 bets 3250
jamesnolan raises 87220 to 90470 and is all-in
Mbnmatth46 calls 16464 and is all-in
*** TURN *** [4s 2s Ts][Th]
*** RIVER *** [4s 2s Ts Th][Jd]
*** SHOW DOWN ***
jamesnolan shows [Kh 2h] (Two pairs : Tens and 2)
Mbnmatth46 shows [7d Td] (Trips of Tens)
Mbnmatth46 collected 44428 from main pot
jamesnolan collected 70756 from side pot 1
*** SUMMARY ***
Total pot 115184 | No rake
Board: [4s 2s Ts Th Jd]
Seat 3: jamesnolan showed [Kh 2h] and won 70756 with Two pairs : Tens and 2
Seat 4: Mbnmatth46 showed [7d Td] and won 44428 with Trips of Tens


Winamax Poker - Tournament "LE SUD VS LE RESTE DU MONDE" buyIn: 1.80€ + 0.20€ level: 9 - HandId: #3102745607979139258-51-1703019012 - Holdem no limit (100/400/800) - 2023/12/19 20:50:12 UTC
Table: 'LE SUD VS LE RESTE DU MONDE(722414257)#0185' 6-max (real money) Seat #1 is the button
Seat 1: P1xel7 (19500, 0.90€ bounty)
Seat 2: Plumixx (31198, 0.90€ bounty)
Seat 3: jamesnolan (70756, 1.80€ bounty)
Seat 4: Mbnmatth46 (44428, 1.57€ bounty)
Seat 5: InconnuMasqu (19900, 0.90€ bounty)
Seat 6: J.Sinner. (22396, 0.90€ bounty)
*** ANTE/BLINDS ***
Plumixx posts ante 100
jamesnolan posts ante 100
P1xel7 posts ante 100
Mbnmatth46 posts ante 100
InconnuMasqu posts ante 100
J.Sinner. posts ante 100
Plumixx posts small blind 400
jamesnolan posts big blind 800
Dealt to P1xel7 [4s 9c]
*** PRE-FLOP *** 
Mbnmatth46 calls 800
InconnuMasqu folds
J.Sinner. folds
P1xel7 folds
Plumixx calls 400
jamesnolan raises 3000 to 3800
Mbnmatth46 calls 3000
Plumixx calls 3000
*** FLOP *** [Th 7c Td]
Plumixx checks
jamesnolan checks
Mbnmatth46 checks
*** TURN *** [Th 7c Td][5h]
Plumixx bets 4200
jamesnolan folds
Mbnmatth46 folds
Plumixx collected 16200 from pot
*** SUMMARY ***
Total pot 16200 | No rake
Board: [Th 7c Td 5h]
Seat 2: Plumixx (small blind) won 16200


Winamax Poker - Tournament "LE SUD VS LE RESTE DU MONDE" buyIn: 1.80€ + 0.20€ level: 9 - HandId: #3102745607979139258-52-1703019116 - Holdem no limit (100/400/800) - 2023/12/19 20:51:56 UTC
Table: 'LE SUD VS LE RESTE DU MONDE(722414257)#0185' 6-max (real money) Seat #2 is the button
Seat 1: P1xel7 (19400, 0.90€ bounty)
Seat 2: Plumixx (39298, 0.90€ bounty)
Seat 3: jamesnolan (66856, 1.80€ bounty)
Seat 4: Mbnmatth46 (40528, 1.57€ bounty)
Seat 5: InconnuMasqu (19800, 0.90€ bounty)
Seat 6: J.Sinner. (22296, 0.90€ bounty)
*** ANTE/BLINDS ***
jamesnolan posts ante 100
Mbnmatth46 posts ante 100
P1xel7 posts ante 100
Plumixx posts ante 100
InconnuMasqu posts ante 100
J.Sinner. posts ante 100
jamesnolan posts small blind 400
Mbnmatth46 posts big blind 800
Dealt to P1xel7 [7d As]
*** PRE-FLOP *** 
InconnuMasqu folds
J.Sinner. folds
P1xel7 folds
Plumixx folds
jamesnolan raises 2200 to 3000
Mbnmatth46 calls 2200
*** FLOP *** [Qc 6s Ks]
jamesnolan bets 63756 and is all-in
Mbnmatth46 folds
jamesnolan collected 70356 from pot
*** SUMMARY ***
Total pot 70356 | No rake
Board: [Qc 6s Ks]
Seat 3: jamesnolan (small blind) won 70356


Winamax Poker - Tournament "LE SUD VS LE RESTE DU MONDE" buyIn: 1.80€ + 0.20€ level: 9 - HandId: #3102745607979139258-53-1703019255 - Holdem no limit (100/400/800) - 2023/12/19 20:54:15 UTC
Table: 'LE SUD VS LE RESTE DU MONDE(722414257)#0185' 6-max (real money) Seat #3 is the button
Seat 1: P1xel7 (19300, 0.90€ bounty)
Seat 2: Plumixx (39198, 0.90€ bounty)
Seat 3: jamesnolan (70356, 1.80€ bounty)
Seat 4: Mbnmatth46 (37428, 1.57€ bounty)
Seat 5: InconnuMasqu (19700, 0.90€ bounty)
Seat 6: J.Sinner. (22196, 0.90€ bounty)
*** ANTE/BLINDS ***
Mbnmatth46 posts ante 100
InconnuMasqu posts ante 100
P1xel7 posts ante 100
Plumixx posts ante 100
jamesnolan posts ante 100
J.Sinner. posts ante 100
Mbnmatth46 posts small blind 400
InconnuMasqu posts big blind 800
Dealt to P1xel7 [Kh Td]
*** PRE-FLOP *** 
J.Sinner. folds
P1xel7 raises 960 to 1760
Plumixx folds
jamesnolan folds
Mbnmatth46 folds
InconnuMasqu folds
P1xel7 collected 3560 from pot
*** SUMMARY ***
Total pot 3560 | No rake
Seat 1: P1xel7 won 3560


Winamax Poker - Tournament "LE SUD VS LE RESTE DU MONDE" buyIn: 1.80€ + 0.20€ level: 10 - HandId: #3102745607979139258-54-1703019297 - Holdem no limit (120/500/1000) - 2023/12/19 20:54:57 UTC
Table: 'LE SUD VS LE RESTE DU MONDE(722414257)#0185' 6-max (real money) Seat #4 is the button
Seat 1: P1xel7 (21000, 0.90€ bounty)
Seat 2: Plumixx (39098, 0.90€ bounty)
Seat 3: jamesnolan (70256, 1.80€ bounty)
Seat 4: Mbnmatth46 (36928, 1.57€ bounty)
Seat 5: InconnuMasqu (18800, 0.90€ bounty)
Seat 6: J.Sinner. (22096, 0.90€ bounty)
*** ANTE/BLINDS ***
InconnuMasqu posts ante 120
J.Sinner. posts ante 120
P1xel7 posts ante 120
Plumixx posts ante 120
jamesnolan posts ante 120
Mbnmatth46 posts ante 120
InconnuMasqu posts small blind 500
J.Sinner. posts big blind 1000
Dealt to P1xel7 [4c Kc]
*** PRE-FLOP *** 
P1xel7 folds
Plumixx folds
jamesnolan raises 1000 to 2000
Mbnmatth46 folds
InconnuMasqu calls 1500
J.Sinner. folds
*** FLOP *** [8s 8c Kh]
InconnuMasqu checks
jamesnolan bets 4576
InconnuMasqu folds
jamesnolan collected 10296 from pot
*** SUMMARY ***
Total pot 10296 | No rake
Board: [8s 8c Kh]
Seat 3: jamesnolan won 10296


Winamax Poker - Tournament "LE SUD VS LE RESTE DU MONDE" buyIn: 1.80€ + 0.20€ level: 10 - HandId: #3102745607979139258-55-1703019662 - Holdem no limit (120/500/1000) - 2023/12/19 21:01:02 UTC
Table: 'LE SUD VS LE RESTE DU MONDE(722414257)#0185' 6-max (real money) Seat #5 is the button
Seat 1: P1xel7 (20880, 0.90€ bounty)
Seat 2: Plumixx (38978, 0.90€ bounty)
Seat 3: jamesnolan (73856, 1.80€ bounty)
Seat 4: Mbnmatth46 (36808, 1.57€ bounty)
Seat 5: InconnuMasqu (16680, 0.90€ bounty)
Seat 6: J.Sinner. (20976, 0.90€ bounty)
*** ANTE/BLINDS ***
J.Sinner. posts ante 120
P1xel7 posts ante 120
Plumixx posts ante 120
jamesnolan posts ante 120
Mbnmatth46 posts ante 120
InconnuMasqu posts ante 120
J.Sinner. posts small blind 500
P1xel7 posts big blind 1000
Dealt to P1xel7 [5c 2s]
*** PRE-FLOP *** 
Plumixx folds
jamesnolan folds
Mbnmatth46 raises 1000 to 2000
InconnuMasqu folds
J.Sinner. folds
P1xel7 folds
Mbnmatth46 collected 4220 from pot
*** SUMMARY ***
Total pot 4220 | No rake
Seat 4: Mbnmatth46 won 4220


Winamax Poker - Tournament "LE SUD VS LE RESTE DU MONDE" buyIn: 1.80€ + 0.20€ level: 10 - HandId: #3102745607979139258-56-1703019725 - Holdem no limit (120/500/1000) - 2023/12/19 21:02:05 UTC
Table: 'LE SUD VS LE RESTE DU MONDE(722414257)#0185' 6-max (real money) Seat #6 is the button
Seat 1: P1xel7 (19760, 0.90€ bounty)
Seat 2: Plumixx (38858, 0.90€ bounty)
Seat 3: jamesnolan (73736, 1.80€ bounty)
Seat 4: Mbnmatth46 (38908, 1.57€ bounty)
Seat 5: InconnuMasqu (16560, 0.90€ bounty)
Seat 6: J.Sinner. (20356, 0.90€ bounty)
*** ANTE/BLINDS ***
P1xel7 posts ante 120
Plumixx posts ante 120
jamesnolan posts ante 120
Mbnmatth46 posts ante 120
InconnuMasqu posts ante 120
J.Sinner. posts ante 120
P1xel7 posts small blind 500
Plumixx posts big blind 1000
Dealt to P1xel7 [7s 2d]
*** PRE-FLOP *** 
jamesnolan raises 1000 to 2000
Mbnmatth46 calls 2000
InconnuMasqu folds
J.Sinner. folds
P1xel7 folds
Plumixx folds
*** FLOP *** [Jc 3h Ts]
jamesnolan checks
Mbnmatth46 bets 4043
jamesnolan folds
Mbnmatth46 collected 10263 from pot
*** SUMMARY ***
Total pot 10263 | No rake
Board: [Jc 3h Ts]
Seat 4: Mbnmatth46 won 10263


Winamax Poker - Tournament "LE SUD VS LE RESTE DU MONDE" buyIn: 1.80€ + 0.20€ level: 10 - HandId: #3102745607979139258-57-1703019763 - Holdem no limit (120/500/1000) - 2023/12/19 21:02:43 UTC
Table: 'LE SUD VS LE RESTE DU MONDE(722414257)#0185' 6-max (real money) Seat #1 is the button
Seat 1: P1xel7 (19140, 0.90€ bounty)
Seat 2: Plumixx (37738, 0.90€ bounty)
Seat 3: jamesnolan (71616, 1.80€ bounty)
Seat 4: Mbnmatth46 (43008, 1.57€ bounty)
Seat 5: InconnuMasqu (16440, 0.90€ bounty)
Seat 6: J.Sinner. (20236, 0.90€ bounty)
*** ANTE/BLINDS ***
Plumixx posts ante 120
jamesnolan posts ante 120
P1xel7 posts ante 120
Mbnmatth46 posts ante 120
InconnuMasqu posts ante 120
J.Sinner. posts ante 120
Plumixx posts small blind 500
jamesnolan posts big blind 1000
Dealt to P1xel7 [Qd Kc]
*** PRE-FLOP *** 
Mbnmatth46 raises 1000 to 2000
InconnuMasqu folds
J.Sinner. folds
P1xel7 raises 17020 to 19020 and is all-in
Plumixx folds
jamesnolan folds
Mbnmatth46 calls 17020
*** FLOP *** [4s Qc Ad]
*** TURN *** [4s Qc Ad][9c]
*** RIVER *** [4s Qc Ad 9c][Tc]
*** SHOW DOWN ***
P1xel7 shows [Qd Kc] (One pair : Queens)
Mbnmatth46 shows [As 9s] (Two pairs : Aces and 9)
Mbnmatth46 collected 40260 from pot
*** SUMMARY ***
Total pot 40260 | No rake
Board: [4s Qc Ad 9c Tc]
Seat 1: P1xel7 (button) showed [Qd Kc] and lost with One pair : Queens
Seat 4: Mbnmatth46 showed [As 9s] and won 40260 with Two pairs : Aces and 9


