Winamax Poker - Tournament "QUATTRO" buyIn: 1.80€ + 0.20€ level: 1 - HandId: #3085843992546377737-19-1702148657 - Holdem no limit (25/100/200) - 2023/12/09 19:04:17 UTC
Table: 'QUATTRO(718479043)#0008' 4-max (real money) Seat #1 is the button
Seat 1: enfants terr (18932, 0.90€ bounty)
Seat 2: Iron974 (24472, 0.90€ bounty)
Seat 3: P1xel7 (20000, 0.90€ bounty)
Seat 4: todoxDore (17696, 0.90€ bounty)
*** ANTE/BLINDS ***
Iron974 posts ante 25
P1xel7 posts ante 25
enfants terr posts ante 25
todoxDore posts ante 25
Iron974 posts small blind 100
P1xel7 posts big blind 200
Dealt to P1xel7 [5c 9h]
*** PRE-FLOP *** 
todoxDore folds
enfants terr calls 200
Iron974 calls 100
P1xel7 checks
*** FLOP *** [As 6h Th]
Iron974 bets 455
P1xel7 folds
enfants terr calls 455
*** TURN *** [As 6h Th][Ks]
Iron974 bets 564
enfants terr calls 564
*** RIVER *** [As 6h Th Ks][2h]
Iron974 bets 958
enfants terr calls 958
*** SHOW DOWN ***
enfants terr shows [9c Kc] (One pair : Kings)
Iron974 shows [Ah 3s] (One pair : Aces)
Iron974 collected 4654 from pot
*** SUMMARY ***
Total pot 4654 | No rake
Board: [As 6h Th Ks 2h]
Seat 1: enfants terr (button) showed [9c Kc] and lost with One pair : Kings
Seat 2: Iron974 (small blind) showed [Ah 3s] and won 4654 with One pair : Aces


Winamax Poker - Tournament "QUATTRO" buyIn: 1.80€ + 0.20€ level: 1 - HandId: #3085843992546377737-20-1702148723 - Holdem no limit (25/100/200) - 2023/12/09 19:05:23 UTC
Table: 'QUATTRO(718479043)#0008' 4-max (real money) Seat #2 is the button
Seat 1: enfants terr (16730, 0.90€ bounty)
Seat 2: Iron974 (26924, 0.90€ bounty)
Seat 3: P1xel7 (19775, 0.90€ bounty)
Seat 4: todoxDore (17671, 0.90€ bounty)
*** ANTE/BLINDS ***
P1xel7 posts ante 25
todoxDore posts ante 25
enfants terr posts ante 25
Iron974 posts ante 25
P1xel7 posts small blind 100
todoxDore posts big blind 200
Dealt to P1xel7 [Ah 3h]
*** PRE-FLOP *** 
enfants terr folds
Iron974 folds
P1xel7 raises 300 to 500
todoxDore raises 1100 to 1600
P1xel7 folds
todoxDore collected 2200 from pot
*** SUMMARY ***
Total pot 2200 | No rake
Seat 4: todoxDore (big blind) won 2200


Winamax Poker - Tournament "QUATTRO" buyIn: 1.80€ + 0.20€ level: 1 - HandId: #3085843992546377737-21-1702148748 - Holdem no limit (25/100/200) - 2023/12/09 19:05:48 UTC
Table: 'QUATTRO(718479043)#0008' 4-max (real money) Seat #3 is the button
Seat 1: enfants terr (16705, 0.90€ bounty)
Seat 2: Iron974 (26899, 0.90€ bounty)
Seat 3: P1xel7 (19250, 0.90€ bounty)
Seat 4: todoxDore (18246, 0.90€ bounty)
*** ANTE/BLINDS ***
todoxDore posts ante 25
enfants terr posts ante 25
Iron974 posts ante 25
P1xel7 posts ante 25
todoxDore posts small blind 100
enfants terr posts big blind 200
Dealt to P1xel7 [Qd 6c]
*** PRE-FLOP *** 
Iron974 raises 200 to 400
P1xel7 folds
todoxDore folds
enfants terr folds
Iron974 collected 800 from pot
*** SUMMARY ***
Total pot 800 | No rake
Seat 2: Iron974 won 800


Winamax Poker - Tournament "QUATTRO" buyIn: 1.80€ + 0.20€ level: 1 - HandId: #3085843992546377737-22-1702148759 - Holdem no limit (25/100/200) - 2023/12/09 19:05:59 UTC
Table: 'QUATTRO(718479043)#0008' 4-max (real money) Seat #4 is the button
Seat 1: enfants terr (16480, 0.90€ bounty)
Seat 2: Iron974 (27274, 0.90€ bounty)
Seat 3: P1xel7 (19225, 0.90€ bounty)
Seat 4: todoxDore (18121, 0.90€ bounty)
*** ANTE/BLINDS ***
enfants terr posts ante 25
Iron974 posts ante 25
P1xel7 posts ante 25
todoxDore posts ante 25
enfants terr posts small blind 100
Iron974 posts big blind 200
Dealt to P1xel7 [6d Ad]
*** PRE-FLOP *** 
P1xel7 raises 300 to 500
todoxDore folds
enfants terr folds
Iron974 calls 300
*** FLOP *** [Jd Jh 8h]
Iron974 checks
P1xel7 checks
*** TURN *** [Jd Jh 8h][7c]
Iron974 bets 420
P1xel7 folds
Iron974 collected 1620 from pot
*** SUMMARY ***
Total pot 1620 | No rake
Board: [Jd Jh 8h 7c]
Seat 2: Iron974 (big blind) won 1620


Winamax Poker - Tournament "QUATTRO" buyIn: 1.80€ + 0.20€ level: 1 - HandId: #3085843992546377737-23-1702148796 - Holdem no limit (25/100/200) - 2023/12/09 19:06:36 UTC
Table: 'QUATTRO(718479043)#0008' 4-max (real money) Seat #1 is the button
Seat 1: enfants terr (16355, 0.90€ bounty)
Seat 2: Iron974 (27949, 0.90€ bounty)
Seat 3: P1xel7 (18700, 0.90€ bounty)
Seat 4: todoxDore (18096, 0.90€ bounty)
*** ANTE/BLINDS ***
Iron974 posts ante 25
P1xel7 posts ante 25
enfants terr posts ante 25
todoxDore posts ante 25
Iron974 posts small blind 100
P1xel7 posts big blind 200
Dealt to P1xel7 [Tc Ad]
*** PRE-FLOP *** 
todoxDore raises 200 to 400
enfants terr folds
Iron974 calls 300
P1xel7 calls 200
*** FLOP *** [Ah Jc Ac]
Iron974 bets 455
P1xel7 calls 455
todoxDore calls 455
*** TURN *** [Ah Jc Ac][7c]
Iron974 bets 933
P1xel7 calls 933
todoxDore folds
*** RIVER *** [Ah Jc Ac 7c][Ks]
Iron974 bets 1586
P1xel7 calls 1586
*** SHOW DOWN ***
Iron974 shows [As 9c] (Trips of Aces)
P1xel7 shows [Tc Ad] (Trips of Aces)
P1xel7 collected 3852 from pot
Iron974 collected 3851 from pot
*** SUMMARY ***
Total pot 7703 | No rake
Board: [Ah Jc Ac 7c Ks]
Seat 2: Iron974 (small blind) showed [As 9c] and won 3851 with Trips of Aces
Seat 3: P1xel7 (big blind) showed [Tc Ad] and won 3852 with Trips of Aces


Winamax Poker - Tournament "QUATTRO" buyIn: 1.80€ + 0.20€ level: 1 - HandId: #3085843992546377737-24-1702148869 - Holdem no limit (25/100/200) - 2023/12/09 19:07:49 UTC
Table: 'QUATTRO(718479043)#0008' 4-max (real money) Seat #2 is the button
Seat 1: enfants terr (16330, 0.90€ bounty)
Seat 2: Iron974 (28401, 0.90€ bounty)
Seat 3: P1xel7 (19153, 0.90€ bounty)
Seat 4: todoxDore (17216, 0.90€ bounty)
*** ANTE/BLINDS ***
P1xel7 posts ante 25
todoxDore posts ante 25
enfants terr posts ante 25
Iron974 posts ante 25
P1xel7 posts small blind 100
todoxDore posts big blind 200
Dealt to P1xel7 [5c 2d]
*** PRE-FLOP *** 
enfants terr raises 200 to 400
Iron974 folds
P1xel7 folds
todoxDore folds
enfants terr collected 800 from pot
*** SUMMARY ***
Total pot 800 | No rake
Seat 1: enfants terr won 800


Winamax Poker - Tournament "QUATTRO" buyIn: 1.80€ + 0.20€ level: 1 - HandId: #3085843992546377737-25-1702148889 - Holdem no limit (25/100/200) - 2023/12/09 19:08:09 UTC
Table: 'QUATTRO(718479043)#0008' 4-max (real money) Seat #3 is the button
Seat 1: enfants terr (16705, 0.90€ bounty)
Seat 2: Iron974 (28376, 0.90€ bounty)
Seat 3: P1xel7 (19028, 0.90€ bounty)
Seat 4: todoxDore (16991, 0.90€ bounty)
*** ANTE/BLINDS ***
todoxDore posts ante 25
enfants terr posts ante 25
Iron974 posts ante 25
P1xel7 posts ante 25
todoxDore posts small blind 100
enfants terr posts big blind 200
Dealt to P1xel7 [Qd Kd]
*** PRE-FLOP *** 
Iron974 raises 200 to 400
P1xel7 calls 400
todoxDore folds
enfants terr folds
*** FLOP *** [2h 4h Jh]
Iron974 bets 420
P1xel7 folds
Iron974 collected 1620 from pot
*** SUMMARY ***
Total pot 1620 | No rake
Board: [2h 4h Jh]
Seat 2: Iron974 won 1620


Winamax Poker - Tournament "QUATTRO" buyIn: 1.80€ + 0.20€ level: 1 - HandId: #3085843992546377737-26-1702148936 - Holdem no limit (25/100/200) - 2023/12/09 19:08:56 UTC
Table: 'QUATTRO(718479043)#0008' 4-max (real money) Seat #4 is the button
Seat 1: enfants terr (16480, 0.90€ bounty)
Seat 2: Iron974 (29151, 0.90€ bounty)
Seat 3: P1xel7 (18603, 0.90€ bounty)
Seat 4: todoxDore (16866, 0.90€ bounty)
*** ANTE/BLINDS ***
enfants terr posts ante 25
Iron974 posts ante 25
P1xel7 posts ante 25
todoxDore posts ante 25
enfants terr posts small blind 100
Iron974 posts big blind 200
Dealt to P1xel7 [Kc 3c]
*** PRE-FLOP *** 
P1xel7 folds
todoxDore raises 200 to 400
enfants terr calls 300
Iron974 calls 200
*** FLOP *** [8s 9h 7s]
enfants terr checks
Iron974 checks
todoxDore checks
*** TURN *** [8s 9h 7s][Jc]
enfants terr checks
Iron974 checks
todoxDore checks
*** RIVER *** [8s 9h 7s Jc][Ad]
enfants terr bets 455
Iron974 calls 455
todoxDore calls 455
*** SHOW DOWN ***
enfants terr shows [As 5c] (One pair : Aces)
Iron974 shows [Ah 2s] (One pair : Aces)
todoxDore shows [8d Js] (Two pairs : Jacks and 8)
todoxDore collected 2665 from pot
*** SUMMARY ***
Total pot 2665 | No rake
Board: [8s 9h 7s Jc Ad]
Seat 1: enfants terr (small blind) showed [As 5c] and lost with One pair : Aces
Seat 2: Iron974 (big blind) showed [Ah 2s] and lost with One pair : Aces
Seat 4: todoxDore (button) showed [8d Js] and won 2665 with Two pairs : Jacks and 8


Winamax Poker - Tournament "QUATTRO" buyIn: 1.80€ + 0.20€ level: 1 - HandId: #3085843992546377737-27-1702149048 - Holdem no limit (25/100/200) - 2023/12/09 19:10:48 UTC
Table: 'QUATTRO(718479043)#0008' 4-max (real money) Seat #1 is the button
Seat 1: enfants terr (15600, 0.90€ bounty)
Seat 2: Iron974 (28271, 0.90€ bounty)
Seat 3: P1xel7 (18578, 0.90€ bounty)
Seat 4: todoxDore (18651, 0.90€ bounty)
*** ANTE/BLINDS ***
Iron974 posts ante 25
P1xel7 posts ante 25
enfants terr posts ante 25
todoxDore posts ante 25
Iron974 posts small blind 100
P1xel7 posts big blind 200
Dealt to P1xel7 [9s 6d]
*** PRE-FLOP *** 
todoxDore raises 200 to 400
enfants terr calls 400
Iron974 folds
P1xel7 folds
*** FLOP *** [9c Jc 3h]
todoxDore bets 420
enfants terr folds
todoxDore collected 1620 from pot
*** SUMMARY ***
Total pot 1620 | No rake
Board: [9c Jc 3h]
Seat 4: todoxDore won 1620


Winamax Poker - Tournament "QUATTRO" buyIn: 1.80€ + 0.20€ level: 1 - HandId: #3085843992546377737-28-1702149089 - Holdem no limit (25/100/200) - 2023/12/09 19:11:29 UTC
Table: 'QUATTRO(718479043)#0008' 4-max (real money) Seat #2 is the button
Seat 1: enfants terr (15175, 0.90€ bounty)
Seat 2: Iron974 (28146, 0.90€ bounty)
Seat 3: P1xel7 (18353, 0.90€ bounty)
Seat 4: todoxDore (19426, 0.90€ bounty)
*** ANTE/BLINDS ***
P1xel7 posts ante 25
todoxDore posts ante 25
enfants terr posts ante 25
Iron974 posts ante 25
P1xel7 posts small blind 100
todoxDore posts big blind 200
Dealt to P1xel7 [9d Qh]
*** PRE-FLOP *** 
enfants terr folds
Iron974 raises 200 to 400
P1xel7 folds
todoxDore folds
Iron974 collected 800 from pot
*** SUMMARY ***
Total pot 800 | No rake
Seat 2: Iron974 (button) won 800


Winamax Poker - Tournament "QUATTRO" buyIn: 1.80€ + 0.20€ level: 1 - HandId: #3085843992546377737-29-1702149124 - Holdem no limit (25/100/200) - 2023/12/09 19:12:04 UTC
Table: 'QUATTRO(718479043)#0008' 4-max (real money) Seat #3 is the button
Seat 1: enfants terr (15150, 0.90€ bounty)
Seat 2: Iron974 (28521, 0.90€ bounty)
Seat 3: P1xel7 (18228, 0.90€ bounty)
Seat 4: todoxDore (19201, 0.90€ bounty)
*** ANTE/BLINDS ***
todoxDore posts ante 25
enfants terr posts ante 25
Iron974 posts ante 25
P1xel7 posts ante 25
todoxDore posts small blind 100
enfants terr posts big blind 200
Dealt to P1xel7 [8d Td]
*** PRE-FLOP *** 
Iron974 calls 200
P1xel7 folds
todoxDore folds
enfants terr checks
*** FLOP *** [2c Qs 6h]
enfants terr bets 210
Iron974 calls 210
*** TURN *** [2c Qs 6h][As]
enfants terr checks
Iron974 checks
*** RIVER *** [2c Qs 6h As][3c]
enfants terr bets 200
Iron974 folds
enfants terr collected 1220 from pot
*** SUMMARY ***
Total pot 1220 | No rake
Board: [2c Qs 6h As 3c]
Seat 1: enfants terr (big blind) won 1220


Winamax Poker - Tournament "QUATTRO" buyIn: 1.80€ + 0.20€ level: 1 - HandId: #3085843992546377737-30-1702149192 - Holdem no limit (25/100/200) - 2023/12/09 19:13:12 UTC
Table: 'QUATTRO(718479043)#0008' 4-max (real money) Seat #4 is the button
Seat 1: enfants terr (15735, 0.90€ bounty)
Seat 2: Iron974 (28086, 0.90€ bounty)
Seat 3: P1xel7 (18203, 0.90€ bounty)
Seat 4: todoxDore (19076, 0.90€ bounty)
*** ANTE/BLINDS ***
enfants terr posts ante 25
Iron974 posts ante 25
P1xel7 posts ante 25
todoxDore posts ante 25
enfants terr posts small blind 100
Iron974 posts big blind 200
Dealt to P1xel7 [Kc Ks]
*** PRE-FLOP *** 
P1xel7 raises 300 to 500
todoxDore folds
enfants terr calls 400
Iron974 folds
*** FLOP *** [6s 8h Qs]
enfants terr checks
P1xel7 bets 455
enfants terr calls 455
*** TURN *** [6s 8h Qs][Ad]
enfants terr checks
P1xel7 bets 774
enfants terr folds
P1xel7 collected 2984 from pot
*** SUMMARY ***
Total pot 2984 | No rake
Board: [6s 8h Qs Ad]
Seat 3: P1xel7 won 2984


Winamax Poker - Tournament "QUATTRO" buyIn: 1.80€ + 0.20€ level: 1 - HandId: #3085843992546377737-31-1702149255 - Holdem no limit (25/100/200) - 2023/12/09 19:14:15 UTC
Table: 'QUATTRO(718479043)#0008' 4-max (real money) Seat #1 is the button
Seat 1: enfants terr (14755, 0.90€ bounty)
Seat 2: Iron974 (27861, 0.90€ bounty)
Seat 3: P1xel7 (19433, 0.90€ bounty)
Seat 4: todoxDore (19051, 0.90€ bounty)
*** ANTE/BLINDS ***
Iron974 posts ante 25
P1xel7 posts ante 25
enfants terr posts ante 25
todoxDore posts ante 25
Iron974 posts small blind 100
P1xel7 posts big blind 200
Dealt to P1xel7 [3h 9c]
*** PRE-FLOP *** 
todoxDore folds
enfants terr raises 14530 to 14730 and is all-in
Iron974 folds
P1xel7 folds
enfants terr collected 15130 from pot
*** SUMMARY ***
Total pot 15130 | No rake
Seat 1: enfants terr (button) won 15130


Winamax Poker - Tournament "QUATTRO" buyIn: 1.80€ + 0.20€ level: 1 - HandId: #3085843992546377737-32-1702149298 - Holdem no limit (25/100/200) - 2023/12/09 19:14:58 UTC
Table: 'QUATTRO(718479043)#0008' 4-max (real money) Seat #2 is the button
Seat 1: enfants terr (15130, 0.90€ bounty)
Seat 2: Iron974 (27736, 0.90€ bounty)
Seat 3: P1xel7 (19208, 0.90€ bounty)
Seat 4: todoxDore (19026, 0.90€ bounty)
*** ANTE/BLINDS ***
P1xel7 posts ante 25
todoxDore posts ante 25
enfants terr posts ante 25
Iron974 posts ante 25
P1xel7 posts small blind 100
todoxDore posts big blind 200
Dealt to P1xel7 [3s Td]
*** PRE-FLOP *** 
enfants terr calls 200
Iron974 folds
P1xel7 folds
todoxDore checks
*** FLOP *** [6s 3c Ad]
todoxDore checks
enfants terr checks
*** TURN *** [6s 3c Ad][Jc]
todoxDore checks
enfants terr checks
*** RIVER *** [6s 3c Ad Jc][Qd]
todoxDore checks
enfants terr checks
*** SHOW DOWN ***
enfants terr shows [5h Kh] (High card : Ace)
todoxDore shows [Kd 6d] (One pair : 6)
todoxDore collected 600 from pot
*** SUMMARY ***
Total pot 600 | No rake
Board: [6s 3c Ad Jc Qd]
Seat 1: enfants terr showed [5h Kh] and lost with High card : Ace
Seat 4: todoxDore (big blind) showed [Kd 6d] and won 600 with One pair : 6


Winamax Poker - Tournament "QUATTRO" buyIn: 1.80€ + 0.20€ level: 1 - HandId: #3085843992546377737-33-1702149337 - Holdem no limit (25/100/200) - 2023/12/09 19:15:37 UTC
Table: 'QUATTRO(718479043)#0008' 4-max (real money) Seat #3 is the button
Seat 1: enfants terr (14905, 0.90€ bounty)
Seat 2: Iron974 (27711, 0.90€ bounty)
Seat 3: P1xel7 (19083, 0.90€ bounty)
Seat 4: todoxDore (19401, 0.90€ bounty)
*** ANTE/BLINDS ***
todoxDore posts ante 25
enfants terr posts ante 25
Iron974 posts ante 25
P1xel7 posts ante 25
todoxDore posts small blind 100
enfants terr posts big blind 200
Dealt to P1xel7 [6s Jd]
*** PRE-FLOP *** 
Iron974 folds
P1xel7 folds
todoxDore folds
enfants terr collected 400 from pot
*** SUMMARY ***
Total pot 400 | No rake
Seat 1: enfants terr (big blind) won 400


Winamax Poker - Tournament "QUATTRO" buyIn: 1.80€ + 0.20€ level: 1 - HandId: #3085843992546377737-34-1702149346 - Holdem no limit (25/100/200) - 2023/12/09 19:15:46 UTC
Table: 'QUATTRO(718479043)#0008' 4-max (real money) Seat #4 is the button
Seat 1: enfants terr (15080, 0.90€ bounty)
Seat 2: Iron974 (27686, 0.90€ bounty)
Seat 3: P1xel7 (19058, 0.90€ bounty)
Seat 4: todoxDore (19276, 0.90€ bounty)
*** ANTE/BLINDS ***
enfants terr posts ante 25
Iron974 posts ante 25
P1xel7 posts ante 25
todoxDore posts ante 25
enfants terr posts small blind 100
Iron974 posts big blind 200
Dealt to P1xel7 [Qd 4c]
*** PRE-FLOP *** 
P1xel7 folds
todoxDore folds
enfants terr calls 100
Iron974 checks
*** FLOP *** [7c 3h 4h]
enfants terr checks
Iron974 checks
*** TURN *** [7c 3h 4h][5d]
enfants terr checks
Iron974 checks
*** RIVER *** [7c 3h 4h 5d][6d]
enfants terr bets 200
Iron974 folds
enfants terr collected 700 from pot
*** SUMMARY ***
Total pot 700 | No rake
Board: [7c 3h 4h 5d 6d]
Seat 1: enfants terr (small blind) won 700


Winamax Poker - Tournament "QUATTRO" buyIn: 1.80€ + 0.20€ level: 1 - HandId: #3085843992546377737-35-1702149376 - Holdem no limit (25/100/200) - 2023/12/09 19:16:16 UTC
Table: 'QUATTRO(718479043)#0008' 4-max (real money) Seat #1 is the button
Seat 1: enfants terr (15355, 0.90€ bounty)
Seat 2: Iron974 (27461, 0.90€ bounty)
Seat 3: P1xel7 (19033, 0.90€ bounty)
Seat 4: todoxDore (19251, 0.90€ bounty)
*** ANTE/BLINDS ***
Iron974 posts ante 25
P1xel7 posts ante 25
enfants terr posts ante 25
todoxDore posts ante 25
Iron974 posts small blind 100
P1xel7 posts big blind 200
Dealt to P1xel7 [5h 9c]
*** PRE-FLOP *** 
todoxDore folds
enfants terr folds
Iron974 folds
P1xel7 collected 400 from pot
*** SUMMARY ***
Total pot 400 | No rake
Seat 3: P1xel7 (big blind) won 400


Winamax Poker - Tournament "QUATTRO" buyIn: 1.80€ + 0.20€ level: 1 - HandId: #3085843992546377737-36-1702149384 - Holdem no limit (25/100/200) - 2023/12/09 19:16:24 UTC
Table: 'QUATTRO(718479043)#0008' 4-max (real money) Seat #2 is the button
Seat 1: enfants terr (15330, 0.90€ bounty)
Seat 2: Iron974 (27336, 0.90€ bounty)
Seat 3: P1xel7 (19208, 0.90€ bounty)
Seat 4: todoxDore (19226, 0.90€ bounty)
*** ANTE/BLINDS ***
P1xel7 posts ante 25
todoxDore posts ante 25
enfants terr posts ante 25
Iron974 posts ante 25
P1xel7 posts small blind 100
todoxDore posts big blind 200
Dealt to P1xel7 [Ah 6h]
*** PRE-FLOP *** 
enfants terr folds
Iron974 folds
P1xel7 raises 300 to 500
todoxDore calls 300
*** FLOP *** [7h 2c Js]
P1xel7 bets 550
todoxDore folds
P1xel7 collected 1650 from pot
*** SUMMARY ***
Total pot 1650 | No rake
Board: [7h 2c Js]
Seat 3: P1xel7 (small blind) won 1650


Winamax Poker - Tournament "QUATTRO" buyIn: 1.80€ + 0.20€ level: 1 - HandId: #3085843992546377737-37-1702149399 - Holdem no limit (25/100/200) - 2023/12/09 19:16:39 UTC
Table: 'QUATTRO(718479043)#0008' 4-max (real money) Seat #3 is the button
Seat 1: enfants terr (15305, 0.90€ bounty)
Seat 3: P1xel7 (19783, 0.90€ bounty)
Seat 4: todoxDore (18701, 0.90€ bounty)
*** ANTE/BLINDS ***
todoxDore posts ante 25
enfants terr posts ante 25
P1xel7 posts ante 25
todoxDore posts small blind 100
enfants terr posts big blind 200
Dealt to P1xel7 [3d Ac]
*** PRE-FLOP *** 
P1xel7 folds
todoxDore raises 200 to 400
enfants terr calls 200
*** FLOP *** [Jc 5d 8d]
todoxDore bets 306
enfants terr calls 306
*** TURN *** [Jc 5d 8d][Qs]
todoxDore bets 744
enfants terr calls 744
*** RIVER *** [Jc 5d 8d Qs][2s]
todoxDore bets 1041
enfants terr calls 1041
*** SHOW DOWN ***
todoxDore shows [6h Ah] (High card : Ace)
enfants terr shows [Js 3c] (One pair : Jacks)
enfants terr collected 5057 from pot
*** SUMMARY ***
Total pot 5057 | No rake
Board: [Jc 5d 8d Qs 2s]
Seat 1: enfants terr (big blind) showed [Js 3c] and won 5057 with One pair : Jacks
Seat 4: todoxDore (small blind) showed [6h Ah] and lost with High card : Ace


Winamax Poker - Tournament "QUATTRO" buyIn: 1.80€ + 0.20€ level: 1 - HandId: #3085843992546377737-38-1702149431 - Holdem no limit (25/100/200) - 2023/12/09 19:17:11 UTC
Table: 'QUATTRO(718479043)#0008' 4-max (real money) Seat #4 is the button
Seat 1: enfants terr (17846, 0.90€ bounty)
Seat 3: P1xel7 (19758, 0.90€ bounty)
Seat 4: todoxDore (16185, 0.90€ bounty)
*** ANTE/BLINDS ***
enfants terr posts ante 25
P1xel7 posts ante 25
todoxDore posts ante 25
enfants terr posts small blind 100
P1xel7 posts big blind 200
Dealt to P1xel7 [8s 7s]
*** PRE-FLOP *** 
todoxDore folds
enfants terr calls 100
P1xel7 raises 400 to 600
enfants terr calls 400
*** FLOP *** [3d Ks 5d]
enfants terr checks
P1xel7 bets 638
enfants terr folds
P1xel7 collected 1913 from pot
*** SUMMARY ***
Total pot 1913 | No rake
Board: [3d Ks 5d]
Seat 3: P1xel7 (big blind) won 1913


Winamax Poker - Tournament "QUATTRO" buyIn: 1.80€ + 0.20€ level: 1 - HandId: #3085843992546377737-39-1702149457 - Holdem no limit (25/100/200) - 2023/12/09 19:17:37 UTC
Table: 'QUATTRO(718479043)#0008' 4-max (real money) Seat #1 is the button
Seat 1: enfants terr (17221, 0.90€ bounty)
Seat 3: P1xel7 (20408, 0.90€ bounty)
Seat 4: todoxDore (16160, 0.90€ bounty)
*** ANTE/BLINDS ***
P1xel7 posts ante 25
todoxDore posts ante 25
enfants terr posts ante 25
P1xel7 posts small blind 100
todoxDore posts big blind 200
Dealt to P1xel7 [Ad 7h]
*** PRE-FLOP *** 
enfants terr folds
P1xel7 raises 300 to 500
todoxDore folds
P1xel7 collected 775 from pot
*** SUMMARY ***
Total pot 775 | No rake
Seat 3: P1xel7 (small blind) won 775


Winamax Poker - Tournament "QUATTRO" buyIn: 1.80€ + 0.20€ level: 1 - HandId: #3085843992546377737-40-1702149468 - Holdem no limit (25/100/200) - 2023/12/09 19:17:48 UTC
Table: 'QUATTRO(718479043)#0008' 4-max (real money) Seat #3 is the button
Seat 1: enfants terr (17196, 0.90€ bounty)
Seat 3: P1xel7 (20658, 0.90€ bounty)
Seat 4: todoxDore (15935, 0.90€ bounty)
*** ANTE/BLINDS ***
todoxDore posts ante 25
enfants terr posts ante 25
P1xel7 posts ante 25
todoxDore posts small blind 100
enfants terr posts big blind 200
Dealt to P1xel7 [8h 3c]
*** PRE-FLOP *** 
P1xel7 folds
todoxDore calls 100
enfants terr checks
*** FLOP *** [4s Th Ts]
todoxDore checks
enfants terr checks
*** TURN *** [4s Th Ts][7d]
todoxDore checks
enfants terr checks
*** RIVER *** [4s Th Ts 7d][Td]
todoxDore checks
enfants terr checks
*** SHOW DOWN ***
todoxDore shows [6d 3d] (Trips of Tens)
enfants terr shows [As 2d] (Trips of Tens)
enfants terr collected 475 from pot
*** SUMMARY ***
Total pot 475 | No rake
Board: [4s Th Ts 7d Td]
Seat 1: enfants terr (big blind) showed [As 2d] and won 475 with Trips of Tens
Seat 4: todoxDore (small blind) showed [6d 3d] and lost with Trips of Tens


Winamax Poker - Tournament "QUATTRO" buyIn: 1.80€ + 0.20€ level: 1 - HandId: #3085843992546377737-41-1702149546 - Holdem no limit (25/100/200) - 2023/12/09 19:19:06 UTC
Table: 'QUATTRO(718479043)#0008' 4-max (real money) Seat #4 is the button
Seat 1: enfants terr (17446, 0.90€ bounty)
Seat 3: P1xel7 (20633, 0.90€ bounty)
Seat 4: todoxDore (15710, 0.90€ bounty)
*** ANTE/BLINDS ***
enfants terr posts ante 25
P1xel7 posts ante 25
todoxDore posts ante 25
enfants terr posts small blind 100
P1xel7 posts big blind 200
Dealt to P1xel7 [2s 7s]
*** PRE-FLOP *** 
todoxDore raises 200 to 400
enfants terr folds
P1xel7 folds
todoxDore collected 775 from pot
*** SUMMARY ***
Total pot 775 | No rake
Seat 4: todoxDore (button) won 775


Winamax Poker - Tournament "QUATTRO" buyIn: 1.80€ + 0.20€ level: 1 - HandId: #3085843992546377737-42-1702149560 - Holdem no limit (25/100/200) - 2023/12/09 19:19:20 UTC
Table: 'QUATTRO(718479043)#0008' 4-max (real money) Seat #1 is the button
Seat 1: enfants terr (17321, 0.90€ bounty)
Seat 3: P1xel7 (20408, 0.90€ bounty)
Seat 4: todoxDore (16060, 0.90€ bounty)
*** ANTE/BLINDS ***
P1xel7 posts ante 25
todoxDore posts ante 25
enfants terr posts ante 25
P1xel7 posts small blind 100
todoxDore posts big blind 200
Dealt to P1xel7 [6c Ad]
*** PRE-FLOP *** 
enfants terr folds
P1xel7 folds
todoxDore collected 375 from pot
*** SUMMARY ***
Total pot 375 | No rake
Seat 4: todoxDore (big blind) won 375


Winamax Poker - Tournament "QUATTRO" buyIn: 1.80€ + 0.20€ level: 1 - HandId: #3085843992546377737-43-1702149581 - Holdem no limit (25/100/200) - 2023/12/09 19:19:41 UTC
Table: 'QUATTRO(718479043)#0008' 4-max (real money) Seat #3 is the button
Seat 1: enfants terr (17296, 0.90€ bounty)
Seat 3: P1xel7 (20283, 0.90€ bounty)
Seat 4: todoxDore (16210, 0.90€ bounty)
*** ANTE/BLINDS ***
todoxDore posts ante 25
enfants terr posts ante 25
P1xel7 posts ante 25
todoxDore posts small blind 100
enfants terr posts big blind 200
Dealt to P1xel7 [As 5c]
*** PRE-FLOP *** 
P1xel7 folds
todoxDore raises 200 to 400
enfants terr calls 200
*** FLOP *** [7h Tc 5s]
todoxDore checks
enfants terr checks
*** TURN *** [7h Tc 5s][7s]
todoxDore bets 438
enfants terr folds
todoxDore collected 1313 from pot
*** SUMMARY ***
Total pot 1313 | No rake
Board: [7h Tc 5s 7s]
Seat 4: todoxDore (small blind) won 1313


Winamax Poker - Tournament "QUATTRO" buyIn: 1.80€ + 0.20€ level: 1 - HandId: #3085843992546377737-44-1702149604 - Holdem no limit (25/100/200) - 2023/12/09 19:20:04 UTC
Table: 'QUATTRO(718479043)#0008' 4-max (real money) Seat #4 is the button
Seat 1: enfants terr (16871, 0.90€ bounty)
Seat 3: P1xel7 (20258, 0.90€ bounty)
Seat 4: todoxDore (16660, 0.90€ bounty)
*** ANTE/BLINDS ***
enfants terr posts ante 25
P1xel7 posts ante 25
todoxDore posts ante 25
enfants terr posts small blind 100
P1xel7 posts big blind 200
Dealt to P1xel7 [9s 4c]
*** PRE-FLOP *** 
todoxDore folds
enfants terr folds
P1xel7 collected 375 from pot
*** SUMMARY ***
Total pot 375 | No rake
Seat 3: P1xel7 (big blind) won 375


Winamax Poker - Tournament "QUATTRO" buyIn: 1.80€ + 0.20€ level: 1 - HandId: #3085843992546377737-45-1702149616 - Holdem no limit (25/100/200) - 2023/12/09 19:20:16 UTC
Table: 'QUATTRO(718479043)#0008' 4-max (real money) Seat #1 is the button
Seat 1: enfants terr (16746, 0.90€ bounty)
Seat 3: P1xel7 (20408, 0.90€ bounty)
Seat 4: todoxDore (16635, 0.90€ bounty)
*** ANTE/BLINDS ***
P1xel7 posts ante 25
todoxDore posts ante 25
enfants terr posts ante 25
P1xel7 posts small blind 100
todoxDore posts big blind 200
Dealt to P1xel7 [8s Ks]
*** PRE-FLOP *** 
enfants terr raises 200 to 400
P1xel7 folds
todoxDore calls 200
*** FLOP *** [6c 6d 7s]
todoxDore checks
enfants terr checks
*** TURN *** [6c 6d 7s][Ad]
todoxDore checks
enfants terr bets 341
todoxDore folds
enfants terr collected 1316 from pot
*** SUMMARY ***
Total pot 1316 | No rake
Board: [6c 6d 7s Ad]
Seat 1: enfants terr (button) won 1316


Winamax Poker - Tournament "QUATTRO" buyIn: 1.80€ + 0.20€ level: 1 - HandId: #3085843992546377737-46-1702149637 - Holdem no limit (25/100/200) - 2023/12/09 19:20:37 UTC
Table: 'QUATTRO(718479043)#0008' 4-max (real money) Seat #3 is the button
Seat 1: enfants terr (17296, 0.90€ bounty)
Seat 3: P1xel7 (20283, 0.90€ bounty)
Seat 4: todoxDore (16210, 0.90€ bounty)
*** ANTE/BLINDS ***
todoxDore posts ante 25
enfants terr posts ante 25
P1xel7 posts ante 25
todoxDore posts small blind 100
enfants terr posts big blind 200
Dealt to P1xel7 [9s 9h]
*** PRE-FLOP *** 
P1xel7 raises 300 to 500
todoxDore folds
enfants terr folds
P1xel7 collected 875 from pot
*** SUMMARY ***
Total pot 875 | No rake
Seat 3: P1xel7 (button) won 875


Winamax Poker - Tournament "QUATTRO" buyIn: 1.80€ + 0.20€ level: 1 - HandId: #3085843992546377737-47-1702149646 - Holdem no limit (25/100/200) - 2023/12/09 19:20:46 UTC
Table: 'QUATTRO(718479043)#0008' 4-max (real money) Seat #4 is the button
Seat 1: enfants terr (17071, 0.90€ bounty)
Seat 3: P1xel7 (20633, 0.90€ bounty)
Seat 4: todoxDore (16085, 0.90€ bounty)
*** ANTE/BLINDS ***
enfants terr posts ante 25
P1xel7 posts ante 25
todoxDore posts ante 25
enfants terr posts small blind 100
P1xel7 posts big blind 200
Dealt to P1xel7 [Jc 4s]
*** PRE-FLOP *** 
todoxDore folds
enfants terr folds
P1xel7 collected 375 from pot
*** SUMMARY ***
Total pot 375 | No rake
Seat 3: P1xel7 (big blind) won 375


Winamax Poker - Tournament "QUATTRO" buyIn: 1.80€ + 0.20€ level: 1 - HandId: #3085843992546377737-48-1702149655 - Holdem no limit (25/100/200) - 2023/12/09 19:20:55 UTC
Table: 'QUATTRO(718479043)#0008' 4-max (real money) Seat #1 is the button
Seat 1: enfants terr (16946, 0.90€ bounty)
Seat 3: P1xel7 (20783, 0.90€ bounty)
Seat 4: todoxDore (16060, 0.90€ bounty)
*** ANTE/BLINDS ***
P1xel7 posts ante 25
todoxDore posts ante 25
enfants terr posts ante 25
P1xel7 posts small blind 100
todoxDore posts big blind 200
Dealt to P1xel7 [5s Qd]
*** PRE-FLOP *** 
enfants terr calls 200
P1xel7 folds
todoxDore checks
*** FLOP *** [8s Kh 8d]
todoxDore checks
enfants terr bets 374
todoxDore folds
enfants terr collected 949 from pot
*** SUMMARY ***
Total pot 949 | No rake
Board: [8s Kh 8d]
Seat 1: enfants terr (button) won 949


Winamax Poker - Tournament "QUATTRO" buyIn: 1.80€ + 0.20€ level: 2 - HandId: #3085843992546377737-49-1702149713 - Holdem no limit (30/125/250) - 2023/12/09 19:21:53 UTC
Table: 'QUATTRO(718479043)#0008' 4-max (real money) Seat #3 is the button
Seat 1: enfants terr (17296, 0.90€ bounty)
Seat 3: P1xel7 (20658, 0.90€ bounty)
Seat 4: todoxDore (15835, 0.90€ bounty)
*** ANTE/BLINDS ***
todoxDore posts ante 30
enfants terr posts ante 30
P1xel7 posts ante 30
todoxDore posts small blind 125
enfants terr posts big blind 250
Dealt to P1xel7 [Td 5d]
*** PRE-FLOP *** 
P1xel7 folds
todoxDore folds
enfants terr collected 465 from pot
*** SUMMARY ***
Total pot 465 | No rake
Seat 1: enfants terr (big blind) won 465


Winamax Poker - Tournament "QUATTRO" buyIn: 1.80€ + 0.20€ level: 2 - HandId: #3085843992546377737-50-1702149722 - Holdem no limit (30/125/250) - 2023/12/09 19:22:02 UTC
Table: 'QUATTRO(718479043)#0008' 4-max (real money) Seat #4 is the button
Seat 1: enfants terr (17481, 0.90€ bounty)
Seat 3: P1xel7 (20628, 0.90€ bounty)
Seat 4: todoxDore (15680, 0.90€ bounty)
*** ANTE/BLINDS ***
enfants terr posts ante 30
P1xel7 posts ante 30
todoxDore posts ante 30
enfants terr posts small blind 125
P1xel7 posts big blind 250
Dealt to P1xel7 [9d 6c]
*** PRE-FLOP *** 
todoxDore folds
enfants terr folds
P1xel7 collected 465 from pot
*** SUMMARY ***
Total pot 465 | No rake
Seat 3: P1xel7 (big blind) won 465


Winamax Poker - Tournament "QUATTRO" buyIn: 1.80€ + 0.20€ level: 2 - HandId: #3085843992546377737-51-1702149727 - Holdem no limit (30/125/250) - 2023/12/09 19:22:07 UTC
Table: 'QUATTRO(718479043)#0008' 4-max (real money) Seat #1 is the button
Seat 1: enfants terr (17326, 0.90€ bounty)
Seat 3: P1xel7 (20813, 0.90€ bounty)
Seat 4: todoxDore (15650, 0.90€ bounty)
*** ANTE/BLINDS ***
P1xel7 posts ante 30
todoxDore posts ante 30
enfants terr posts ante 30
P1xel7 posts small blind 125
todoxDore posts big blind 250
Dealt to P1xel7 [Kh Qh]
*** PRE-FLOP *** 
enfants terr folds
P1xel7 raises 250 to 500
todoxDore folds
P1xel7 collected 840 from pot
*** SUMMARY ***
Total pot 840 | No rake
Seat 3: P1xel7 (small blind) won 840


Winamax Poker - Tournament "QUATTRO" buyIn: 1.80€ + 0.20€ level: 2 - HandId: #3085843992546377737-52-1702149735 - Holdem no limit (30/125/250) - 2023/12/09 19:22:15 UTC
Table: 'QUATTRO(718479043)#0008' 4-max (real money) Seat #3 is the button
Seat 1: enfants terr (17296, 0.90€ bounty)
Seat 3: P1xel7 (21123, 0.90€ bounty)
Seat 4: todoxDore (15370, 0.90€ bounty)
*** ANTE/BLINDS ***
todoxDore posts ante 30
enfants terr posts ante 30
P1xel7 posts ante 30
todoxDore posts small blind 125
enfants terr posts big blind 250
Dealt to P1xel7 [3s 7d]
*** PRE-FLOP *** 
P1xel7 folds
todoxDore folds
enfants terr collected 465 from pot
*** SUMMARY ***
Total pot 465 | No rake
Seat 1: enfants terr (big blind) won 465


Winamax Poker - Tournament "QUATTRO" buyIn: 1.80€ + 0.20€ level: 2 - HandId: #3085843992546377737-53-1702149740 - Holdem no limit (30/125/250) - 2023/12/09 19:22:20 UTC
Table: 'QUATTRO(718479043)#0008' 4-max (real money) Seat #4 is the button
Seat 1: enfants terr (17481, 0.90€ bounty)
Seat 3: P1xel7 (21093, 0.90€ bounty)
Seat 4: todoxDore (15215, 0.90€ bounty)
*** ANTE/BLINDS ***
enfants terr posts ante 30
P1xel7 posts ante 30
todoxDore posts ante 30
enfants terr posts small blind 125
P1xel7 posts big blind 250
Dealt to P1xel7 [3s Ad]
*** PRE-FLOP *** 
todoxDore folds
enfants terr folds
P1xel7 collected 465 from pot
*** SUMMARY ***
Total pot 465 | No rake
Seat 3: P1xel7 (big blind) won 465


Winamax Poker - Tournament "QUATTRO" buyIn: 1.80€ + 0.20€ level: 2 - HandId: #3085843992546377737-54-1702149747 - Holdem no limit (30/125/250) - 2023/12/09 19:22:27 UTC
Table: 'QUATTRO(718479043)#0008' 4-max (real money) Seat #1 is the button
Seat 1: enfants terr (17326, 0.90€ bounty)
Seat 3: P1xel7 (21278, 0.90€ bounty)
Seat 4: todoxDore (15185, 0.90€ bounty)
*** ANTE/BLINDS ***
P1xel7 posts ante 30
todoxDore posts ante 30
enfants terr posts ante 30
P1xel7 posts small blind 125
todoxDore posts big blind 250
Dealt to P1xel7 [4c 8c]
*** PRE-FLOP *** 
enfants terr calls 250
P1xel7 folds
todoxDore checks
*** FLOP *** [6d 5d 5s]
todoxDore bets 250
enfants terr folds
todoxDore collected 965 from pot
*** SUMMARY ***
Total pot 965 | No rake
Board: [6d 5d 5s]
Seat 4: todoxDore (big blind) won 965


Winamax Poker - Tournament "QUATTRO" buyIn: 1.80€ + 0.20€ level: 2 - HandId: #3085843992546377737-55-1702149768 - Holdem no limit (30/125/250) - 2023/12/09 19:22:48 UTC
Table: 'QUATTRO(718479043)#0008' 4-max (real money) Seat #3 is the button
Seat 1: enfants terr (17046, 0.90€ bounty)
Seat 3: P1xel7 (21123, 0.90€ bounty)
Seat 4: todoxDore (15620, 0.90€ bounty)
*** ANTE/BLINDS ***
todoxDore posts ante 30
enfants terr posts ante 30
P1xel7 posts ante 30
todoxDore posts small blind 125
enfants terr posts big blind 250
Dealt to P1xel7 [Tc Jh]
*** PRE-FLOP *** 
P1xel7 raises 375 to 625
todoxDore calls 500
enfants terr folds
*** FLOP *** [6d 3c Js]
todoxDore checks
P1xel7 bets 557
todoxDore calls 557
*** TURN *** [6d 3c Js][Ks]
todoxDore checks
P1xel7 bets 946
todoxDore calls 946
*** RIVER *** [6d 3c Js Ks][5c]
todoxDore checks
P1xel7 checks
*** SHOW DOWN ***
P1xel7 shows [Tc Jh] (One pair : Jacks)
todoxDore shows [Jc Qs] (One pair : Jacks)
todoxDore collected 4596 from pot
*** SUMMARY ***
Total pot 4596 | No rake
Board: [6d 3c Js Ks 5c]
Seat 3: P1xel7 (button) showed [Tc Jh] and lost with One pair : Jacks
Seat 4: todoxDore (small blind) showed [Jc Qs] and won 4596 with One pair : Jacks


Winamax Poker - Tournament "QUATTRO" buyIn: 1.80€ + 0.20€ level: 2 - HandId: #3085843992546377737-56-1702149794 - Holdem no limit (30/125/250) - 2023/12/09 19:23:14 UTC
Table: 'QUATTRO(718479043)#0008' 4-max (real money) Seat #4 is the button
Seat 1: enfants terr (16766, 0.90€ bounty)
Seat 3: P1xel7 (18965, 0.90€ bounty)
Seat 4: todoxDore (18058, 0.90€ bounty)
*** ANTE/BLINDS ***
enfants terr posts ante 30
P1xel7 posts ante 30
todoxDore posts ante 30
enfants terr posts small blind 125
P1xel7 posts big blind 250
Dealt to P1xel7 [Js 3c]
*** PRE-FLOP *** 
todoxDore folds
enfants terr folds
P1xel7 collected 465 from pot
*** SUMMARY ***
Total pot 465 | No rake
Seat 3: P1xel7 (big blind) won 465


Winamax Poker - Tournament "QUATTRO" buyIn: 1.80€ + 0.20€ level: 2 - HandId: #3085843992546377737-57-1702149822 - Holdem no limit (30/125/250) - 2023/12/09 19:23:42 UTC
Table: 'QUATTRO(718479043)#0008' 4-max (real money) Seat #1 is the button
Seat 1: enfants terr (16611, 0.90€ bounty)
Seat 3: P1xel7 (19150, 0.90€ bounty)
Seat 4: todoxDore (18028, 0.90€ bounty)
*** ANTE/BLINDS ***
P1xel7 posts ante 30
todoxDore posts ante 30
enfants terr posts ante 30
P1xel7 posts small blind 125
todoxDore posts big blind 250
Dealt to P1xel7 [7c 9h]
*** PRE-FLOP *** 
enfants terr raises 250 to 500
P1xel7 folds
todoxDore folds
enfants terr collected 965 from pot
*** SUMMARY ***
Total pot 965 | No rake
Seat 1: enfants terr (button) won 965


Winamax Poker - Tournament "QUATTRO" buyIn: 1.80€ + 0.20€ level: 2 - HandId: #3085843992546377737-58-1702149834 - Holdem no limit (30/125/250) - 2023/12/09 19:23:54 UTC
Table: 'QUATTRO(718479043)#0008' 4-max (real money) Seat #3 is the button
Seat 1: enfants terr (17046, 0.90€ bounty)
Seat 2: poupete77 (20000, 0.90€ bounty)
Seat 3: P1xel7 (18995, 0.90€ bounty)
Seat 4: todoxDore (17748, 0.90€ bounty)
*** ANTE/BLINDS ***
todoxDore posts ante 30
enfants terr posts ante 30
poupete77 posts ante 30
P1xel7 posts ante 30
todoxDore posts small blind 125
enfants terr posts big blind 250
Dealt to P1xel7 [4h Ts]
*** PRE-FLOP *** 
poupete77 calls 250
P1xel7 folds
todoxDore folds
enfants terr checks
*** FLOP *** [Ah Kc 8h]
enfants terr checks
poupete77 checks
*** TURN *** [Ah Kc 8h][Kh]
enfants terr bets 250
poupete77 calls 250
*** RIVER *** [Ah Kc 8h Kh][8c]
enfants terr checks
poupete77 checks
*** SHOW DOWN ***
enfants terr shows [Tc Jc] (Two pairs : Kings and 8)
poupete77 shows [9s Th] (Two pairs : Kings and 8)
poupete77 collected 623 from pot
enfants terr collected 622 from pot
*** SUMMARY ***
Total pot 1245 | No rake
Board: [Ah Kc 8h Kh 8c]
Seat 1: enfants terr (big blind) showed [Tc Jc] and won 622 with Two pairs : Kings and 8
Seat 2: poupete77 showed [9s Th] and won 623 with Two pairs : Kings and 8


Winamax Poker - Tournament "QUATTRO" buyIn: 1.80€ + 0.20€ level: 2 - HandId: #3085843992546377737-59-1702149865 - Holdem no limit (30/125/250) - 2023/12/09 19:24:25 UTC
Table: 'QUATTRO(718479043)#0008' 4-max (real money) Seat #4 is the button
Seat 1: enfants terr (17138, 0.90€ bounty)
Seat 2: poupete77 (20093, 0.90€ bounty)
Seat 3: P1xel7 (18965, 0.90€ bounty)
Seat 4: todoxDore (17593, 0.90€ bounty)
*** ANTE/BLINDS ***
enfants terr posts ante 30
poupete77 posts ante 30
P1xel7 posts ante 30
todoxDore posts ante 30
enfants terr posts small blind 125
poupete77 posts big blind 250
Dealt to P1xel7 [7d 8c]
*** PRE-FLOP *** 
P1xel7 folds
todoxDore folds
enfants terr folds
poupete77 collected 495 from pot
*** SUMMARY ***
Total pot 495 | No rake
Seat 2: poupete77 (big blind) won 495


Winamax Poker - Tournament "QUATTRO" buyIn: 1.80€ + 0.20€ level: 2 - HandId: #3085843992546377737-60-1702149876 - Holdem no limit (30/125/250) - 2023/12/09 19:24:36 UTC
Table: 'QUATTRO(718479043)#0008' 4-max (real money) Seat #1 is the button
Seat 1: enfants terr (16983, 0.90€ bounty)
Seat 2: poupete77 (20308, 0.90€ bounty)
Seat 3: P1xel7 (18935, 0.90€ bounty)
Seat 4: todoxDore (17563, 0.90€ bounty)
*** ANTE/BLINDS ***
poupete77 posts ante 30
P1xel7 posts ante 30
enfants terr posts ante 30
todoxDore posts ante 30
poupete77 posts small blind 125
P1xel7 posts big blind 250
Dealt to P1xel7 [2d Ah]
*** PRE-FLOP *** 
todoxDore raises 250 to 500
enfants terr calls 500
poupete77 calls 375
P1xel7 calls 250
*** FLOP *** [Jd 4s 9c]
poupete77 bets 250
P1xel7 folds
todoxDore folds
enfants terr calls 250
*** TURN *** [Jd 4s 9c][2s]
poupete77 bets 250
enfants terr calls 250
*** RIVER *** [Jd 4s 9c 2s][9s]
poupete77 bets 3120
enfants terr raises 12833 to 15953 and is all-in
poupete77 calls 12833
*** SHOW DOWN ***
poupete77 shows [8c 9h] (Trips of 9)
enfants terr shows [Js Ks] (Flush King high)
enfants terr collected 35026 from pot
*** SUMMARY ***
Total pot 35026 | No rake
Board: [Jd 4s 9c 2s 9s]
Seat 1: enfants terr (button) showed [Js Ks] and won 35026 with Flush King high
Seat 2: poupete77 (small blind) showed [8c 9h] and lost with Trips of 9


Winamax Poker - Tournament "QUATTRO" buyIn: 1.80€ + 0.20€ level: 2 - HandId: #3085843992546377737-61-1702149918 - Holdem no limit (30/125/250) - 2023/12/09 19:25:18 UTC
Table: 'QUATTRO(718479043)#0008' 4-max (real money) Seat #2 is the button
Seat 1: enfants terr (35026, 0.90€ bounty)
Seat 2: poupete77 (3325, 0.90€ bounty)
Seat 3: P1xel7 (18405, 0.90€ bounty)
Seat 4: todoxDore (17033, 0.90€ bounty)
*** ANTE/BLINDS ***
P1xel7 posts ante 30
todoxDore posts ante 30
enfants terr posts ante 30
poupete77 posts ante 30
P1xel7 posts small blind 125
todoxDore posts big blind 250
Dealt to P1xel7 [Tc 4c]
*** PRE-FLOP *** 
enfants terr folds
poupete77 raises 3045 to 3295 and is all-in
P1xel7 folds
todoxDore calls 3045
*** FLOP *** [9c As Qs]
*** TURN *** [9c As Qs][Jd]
*** RIVER *** [9c As Qs Jd][Qd]
*** SHOW DOWN ***
todoxDore shows [6h Kh] (One pair : Queens)
poupete77 shows [Qh Ks] (Trips of Queens)
poupete77 collected 6835 from pot
*** SUMMARY ***
Total pot 6835 | No rake
Board: [9c As Qs Jd Qd]
Seat 2: poupete77 (button) showed [Qh Ks] and won 6835 with Trips of Queens
Seat 4: todoxDore (big blind) showed [6h Kh] and lost with One pair : Queens


Winamax Poker - Tournament "QUATTRO" buyIn: 1.80€ + 0.20€ level: 2 - HandId: #3085843992546377737-62-1702149940 - Holdem no limit (30/125/250) - 2023/12/09 19:25:40 UTC
Table: 'QUATTRO(718479043)#0008' 4-max (real money) Seat #3 is the button
Seat 1: enfants terr (34996, 0.90€ bounty)
Seat 2: poupete77 (6835, 0.90€ bounty)
Seat 3: P1xel7 (18250, 0.90€ bounty)
Seat 4: todoxDore (13708, 0.90€ bounty)
*** ANTE/BLINDS ***
todoxDore posts ante 30
enfants terr posts ante 30
poupete77 posts ante 30
P1xel7 posts ante 30
todoxDore posts small blind 125
enfants terr posts big blind 250
Dealt to P1xel7 [2s Tc]
*** PRE-FLOP *** 
poupete77 calls 250
P1xel7 folds
todoxDore folds
enfants terr checks
*** FLOP *** [Jc Qs 3d]
enfants terr bets 250
poupete77 calls 250
*** TURN *** [Jc Qs 3d][6h]
enfants terr bets 436
poupete77 calls 436
*** RIVER *** [Jc Qs 3d 6h][2d]
enfants terr bets 34030 and is all-in
poupete77 folds
enfants terr collected 36147 from pot
*** SUMMARY ***
Total pot 36147 | No rake
Board: [Jc Qs 3d 6h 2d]
Seat 1: enfants terr (big blind) won 36147


Winamax Poker - Tournament "QUATTRO" buyIn: 1.80€ + 0.20€ level: 2 - HandId: #3085843992546377737-63-1702149972 - Holdem no limit (30/125/250) - 2023/12/09 19:26:12 UTC
Table: 'QUATTRO(718479043)#0008' 4-max (real money) Seat #4 is the button
Seat 1: enfants terr (36147, 0.90€ bounty)
Seat 2: poupete77 (5869, 0.90€ bounty)
Seat 3: P1xel7 (18220, 0.90€ bounty)
Seat 4: todoxDore (13553, 0.90€ bounty)
*** ANTE/BLINDS ***
enfants terr posts ante 30
poupete77 posts ante 30
P1xel7 posts ante 30
todoxDore posts ante 30
enfants terr posts small blind 125
poupete77 posts big blind 250
Dealt to P1xel7 [4h 7h]
*** PRE-FLOP *** 
P1xel7 folds
todoxDore raises 250 to 500
enfants terr folds
poupete77 calls 250
*** FLOP *** [4c 6s 2d]
poupete77 checks
todoxDore bets 623
poupete77 calls 623
*** TURN *** [4c 6s 2d][4d]
poupete77 bets 250
todoxDore calls 250
*** RIVER *** [4c 6s 2d 4d][Ah]
poupete77 bets 250
todoxDore raises 1059 to 1309
poupete77 calls 1059
*** SHOW DOWN ***
poupete77 shows [Th 3s] (One pair : 4)
todoxDore shows [As Tc] (Two pairs : Aces and 4)
todoxDore collected 5609 from pot
*** SUMMARY ***
Total pot 5609 | No rake
Board: [4c 6s 2d 4d Ah]
Seat 2: poupete77 (big blind) showed [Th 3s] and lost with One pair : 4
Seat 4: todoxDore (button) showed [As Tc] and won 5609 with Two pairs : Aces and 4


Winamax Poker - Tournament "QUATTRO" buyIn: 1.80€ + 0.20€ level: 2 - HandId: #3085843992546377737-64-1702150013 - Holdem no limit (30/125/250) - 2023/12/09 19:26:53 UTC
Table: 'QUATTRO(718479043)#0008' 4-max (real money) Seat #1 is the button
Seat 1: enfants terr (35992, 0.90€ bounty)
Seat 2: poupete77 (3157, 0.90€ bounty)
Seat 3: P1xel7 (18190, 0.90€ bounty)
Seat 4: todoxDore (16450, 0.90€ bounty)
*** ANTE/BLINDS ***
poupete77 posts ante 30
P1xel7 posts ante 30
enfants terr posts ante 30
todoxDore posts ante 30
poupete77 posts small blind 125
P1xel7 posts big blind 250
Dealt to P1xel7 [Ks Jd]
*** PRE-FLOP *** 
todoxDore folds
enfants terr folds
poupete77 calls 125
P1xel7 raises 17910 to 18160 and is all-in
poupete77 calls 2877 and is all-in
*** FLOP *** [Ad Qs 3s]
*** TURN *** [Ad Qs 3s][9h]
*** RIVER *** [Ad Qs 3s 9h][6s]
*** SHOW DOWN ***
poupete77 shows [7s 8h] (High card : Ace)
P1xel7 shows [Ks Jd] (High card : Ace)
P1xel7 collected 21407 from pot
*** SUMMARY ***
Total pot 21407 | No rake
Board: [Ad Qs 3s 9h 6s]
Seat 2: poupete77 (small blind) showed [7s 8h] and lost with High card : Ace
Seat 3: P1xel7 (big blind) showed [Ks Jd] and won 21407 with High card : Ace


Winamax Poker - Tournament "QUATTRO" buyIn: 1.80€ + 0.20€ level: 3 - HandId: #3085843992546377737-65-1702150034 - Holdem no limit (35/150/300) - 2023/12/09 19:27:14 UTC
Table: 'QUATTRO(718479043)#0008' 4-max (real money) Seat #2 is the button
Seat 1: enfants terr (35962, 0.90€ bounty)
Seat 3: P1xel7 (21407, 1.35€ bounty)
Seat 4: todoxDore (16420, 0.90€ bounty)
*** ANTE/BLINDS ***
P1xel7 posts ante 35
todoxDore posts ante 35
enfants terr posts ante 35
P1xel7 posts small blind 150
todoxDore posts big blind 300
Dealt to P1xel7 [Ts Qs]
*** PRE-FLOP *** 
enfants terr folds
P1xel7 raises 450 to 750
todoxDore folds
P1xel7 collected 1155 from pot
*** SUMMARY ***
Total pot 1155 | No rake
Seat 3: P1xel7 (small blind) won 1155


Winamax Poker - Tournament "QUATTRO" buyIn: 1.80€ + 0.20€ level: 3 - HandId: #3085843992546377737-66-1702150065 - Holdem no limit (35/150/300) - 2023/12/09 19:27:45 UTC
Table: 'QUATTRO(718479043)#0008' 4-max (real money) Seat #3 is the button
Seat 1: enfants terr (35927, 0.90€ bounty)
Seat 3: P1xel7 (21777, 1.35€ bounty)
Seat 4: todoxDore (16085, 0.90€ bounty)
*** ANTE/BLINDS ***
todoxDore posts ante 35
enfants terr posts ante 35
P1xel7 posts ante 35
todoxDore posts small blind 150
enfants terr posts big blind 300
Dealt to P1xel7 [Qd 6h]
*** PRE-FLOP *** 
P1xel7 folds
todoxDore raises 300 to 600
enfants terr folds
todoxDore collected 1005 from pot
*** SUMMARY ***
Total pot 1005 | No rake
Seat 4: todoxDore (small blind) won 1005


Winamax Poker - Tournament "QUATTRO" buyIn: 1.80€ + 0.20€ level: 3 - HandId: #3085843992546377737-67-1702150073 - Holdem no limit (35/150/300) - 2023/12/09 19:27:53 UTC
Table: 'QUATTRO(718479043)#0008' 4-max (real money) Seat #4 is the button
Seat 1: enfants terr (35592, 0.90€ bounty)
Seat 3: P1xel7 (21742, 1.35€ bounty)
Seat 4: todoxDore (16455, 0.90€ bounty)
*** ANTE/BLINDS ***
enfants terr posts ante 35
P1xel7 posts ante 35
todoxDore posts ante 35
enfants terr posts small blind 150
P1xel7 posts big blind 300
Dealt to P1xel7 [Tc 9c]
*** PRE-FLOP *** 
todoxDore raises 300 to 600
enfants terr folds
P1xel7 calls 300
*** FLOP *** [Ts 8c 5s]
P1xel7 checks
todoxDore bets 728
P1xel7 raises 728 to 1456
todoxDore calls 728
*** TURN *** [Ts 8c 5s][8h]
P1xel7 checks
todoxDore checks
*** RIVER *** [Ts 8c 5s 8h][4c]
P1xel7 bets 2839
todoxDore calls 2839
*** SHOW DOWN ***
todoxDore shows [Ac 5c] (Two pairs : 8 and 5)
P1xel7 shows [Tc 9c] (Two pairs : Tens and 8)
P1xel7 collected 10045 from pot
*** SUMMARY ***
Total pot 10045 | No rake
Board: [Ts 8c 5s 8h 4c]
Seat 3: P1xel7 (big blind) showed [Tc 9c] and won 10045 with Two pairs : Tens and 8
Seat 4: todoxDore (button) showed [Ac 5c] and lost with Two pairs : 8 and 5


Winamax Poker - Tournament "QUATTRO" buyIn: 1.80€ + 0.20€ level: 3 - HandId: #3085843992546377737-68-1702150106 - Holdem no limit (35/150/300) - 2023/12/09 19:28:26 UTC
Table: 'QUATTRO(718479043)#0008' 4-max (real money) Seat #1 is the button
Seat 1: enfants terr (35407, 0.90€ bounty)
Seat 2: DoN.A.K (20000, 0.90€ bounty)
Seat 3: P1xel7 (26857, 1.35€ bounty)
Seat 4: todoxDore (11525, 0.90€ bounty)
*** ANTE/BLINDS ***
P1xel7 posts ante 35
todoxDore posts ante 35
enfants terr posts ante 35
P1xel7 posts small blind 150
todoxDore posts big blind 300
Dealt to P1xel7 [Td 7d]
*** PRE-FLOP *** 
enfants terr folds
P1xel7 folds
todoxDore collected 555 from pot
*** SUMMARY ***
Total pot 555 | No rake
Seat 4: todoxDore (big blind) won 555


Winamax Poker - Tournament "QUATTRO" buyIn: 1.80€ + 0.20€ level: 3 - HandId: #3085843992546377737-69-1702150113 - Holdem no limit (35/150/300) - 2023/12/09 19:28:33 UTC
Table: 'QUATTRO(718479043)#0008' 4-max (real money) Seat #3 is the button
Seat 1: enfants terr (35372, 0.90€ bounty)
Seat 2: DoN.A.K (20000, 0.90€ bounty)
Seat 3: P1xel7 (26672, 1.35€ bounty)
Seat 4: todoxDore (11745, 0.90€ bounty)
*** ANTE/BLINDS ***
todoxDore posts ante 35
enfants terr posts ante 35
DoN.A.K posts ante 35
P1xel7 posts ante 35
todoxDore posts small blind 150
enfants terr posts big blind 300
Dealt to P1xel7 [Qs Js]
*** PRE-FLOP *** 
DoN.A.K raises 600 to 900
P1xel7 calls 900
todoxDore folds
enfants terr folds
*** FLOP *** [Qd Td 5h]
DoN.A.K checks
P1xel7 checks
*** TURN *** [Qd Td 5h][2s]
DoN.A.K checks
P1xel7 bets 837
DoN.A.K folds
P1xel7 collected 3227 from pot
*** SUMMARY ***
Total pot 3227 | No rake
Board: [Qd Td 5h 2s]
Seat 3: P1xel7 (button) won 3227


Winamax Poker - Tournament "QUATTRO" buyIn: 1.80€ + 0.20€ level: 3 - HandId: #3085843992546377737-70-1702150134 - Holdem no limit (35/150/300) - 2023/12/09 19:28:54 UTC
Table: 'QUATTRO(718479043)#0008' 4-max (real money) Seat #4 is the button
Seat 1: enfants terr (35037, 0.90€ bounty)
Seat 2: DoN.A.K (19065, 0.90€ bounty)
Seat 3: P1xel7 (28127, 1.35€ bounty)
Seat 4: todoxDore (11560, 0.90€ bounty)
*** ANTE/BLINDS ***
enfants terr posts ante 35
DoN.A.K posts ante 35
P1xel7 posts ante 35
todoxDore posts ante 35
enfants terr posts small blind 150
DoN.A.K posts big blind 300
Dealt to P1xel7 [6c 6h]
*** PRE-FLOP *** 
P1xel7 raises 450 to 750
todoxDore folds
enfants terr folds
DoN.A.K folds
P1xel7 collected 1340 from pot
*** SUMMARY ***
Total pot 1340 | No rake
Seat 3: P1xel7 won 1340


Winamax Poker - Tournament "QUATTRO" buyIn: 1.80€ + 0.20€ level: 3 - HandId: #3085843992546377737-71-1702150142 - Holdem no limit (35/150/300) - 2023/12/09 19:29:02 UTC
Table: 'QUATTRO(718479043)#0008' 4-max (real money) Seat #1 is the button
Seat 1: enfants terr (34852, 0.90€ bounty)
Seat 2: DoN.A.K (18730, 0.90€ bounty)
Seat 3: P1xel7 (28682, 1.35€ bounty)
Seat 4: todoxDore (11525, 0.90€ bounty)
*** ANTE/BLINDS ***
DoN.A.K posts ante 35
P1xel7 posts ante 35
enfants terr posts ante 35
todoxDore posts ante 35
DoN.A.K posts small blind 150
P1xel7 posts big blind 300
Dealt to P1xel7 [Kc 3s]
*** PRE-FLOP *** 
todoxDore folds
enfants terr folds
DoN.A.K folds
P1xel7 collected 590 from pot
*** SUMMARY ***
Total pot 590 | No rake
Seat 3: P1xel7 (big blind) won 590


Winamax Poker - Tournament "QUATTRO" buyIn: 1.80€ + 0.20€ level: 3 - HandId: #3085843992546377737-72-1702150155 - Holdem no limit (35/150/300) - 2023/12/09 19:29:15 UTC
Table: 'QUATTRO(718479043)#0008' 4-max (real money) Seat #2 is the button
Seat 1: enfants terr (34817, 0.90€ bounty)
Seat 2: DoN.A.K (18545, 0.90€ bounty)
Seat 3: P1xel7 (28937, 1.35€ bounty)
Seat 4: todoxDore (11490, 0.90€ bounty)
*** ANTE/BLINDS ***
P1xel7 posts ante 35
todoxDore posts ante 35
enfants terr posts ante 35
DoN.A.K posts ante 35
P1xel7 posts small blind 150
todoxDore posts big blind 300
Dealt to P1xel7 [Ah 9s]
*** PRE-FLOP *** 
enfants terr folds
DoN.A.K calls 300
P1xel7 raises 1200 to 1500
todoxDore folds
DoN.A.K calls 1200
*** FLOP *** [5s Ts Qh]
P1xel7 bets 1950
DoN.A.K calls 1950
*** TURN *** [5s Ts Qh][3c]
P1xel7 checks
DoN.A.K checks
*** RIVER *** [5s Ts Qh 3c][Qc]
P1xel7 bets 1835
DoN.A.K raises 1835 to 3670
P1xel7 folds
DoN.A.K collected 12845 from pot
*** SUMMARY ***
Total pot 12845 | No rake
Board: [5s Ts Qh 3c Qc]
Seat 2: DoN.A.K (button) won 12845


Winamax Poker - Tournament "QUATTRO" buyIn: 1.80€ + 0.20€ level: 3 - HandId: #3085843992546377737-73-1702150242 - Holdem no limit (35/150/300) - 2023/12/09 19:30:42 UTC
Table: 'QUATTRO(718479043)#0008' 4-max (real money) Seat #3 is the button
Seat 1: enfants terr (34782, 0.90€ bounty)
Seat 2: DoN.A.K (24235, 0.90€ bounty)
Seat 3: P1xel7 (23617, 1.35€ bounty)
Seat 4: todoxDore (11155, 0.90€ bounty)
*** ANTE/BLINDS ***
todoxDore posts ante 35
enfants terr posts ante 35
DoN.A.K posts ante 35
P1xel7 posts ante 35
todoxDore posts small blind 150
enfants terr posts big blind 300
Dealt to P1xel7 [8h Ts]
*** PRE-FLOP *** 
DoN.A.K folds
P1xel7 folds
todoxDore folds
enfants terr collected 590 from pot
*** SUMMARY ***
Total pot 590 | No rake
Seat 1: enfants terr (big blind) won 590


Winamax Poker - Tournament "QUATTRO" buyIn: 1.80€ + 0.20€ level: 3 - HandId: #3085843992546377737-74-1702150251 - Holdem no limit (35/150/300) - 2023/12/09 19:30:51 UTC
Table: 'QUATTRO(718479043)#0008' 4-max (real money) Seat #4 is the button
Seat 1: enfants terr (35037, 0.90€ bounty)
Seat 2: DoN.A.K (24200, 0.90€ bounty)
Seat 3: P1xel7 (23582, 1.35€ bounty)
Seat 4: todoxDore (10970, 0.90€ bounty)
*** ANTE/BLINDS ***
enfants terr posts ante 35
DoN.A.K posts ante 35
P1xel7 posts ante 35
todoxDore posts ante 35
enfants terr posts small blind 150
DoN.A.K posts big blind 300
Dealt to P1xel7 [8s 7h]
*** PRE-FLOP *** 
P1xel7 folds
todoxDore raises 300 to 600
enfants terr folds
DoN.A.K folds
todoxDore collected 1190 from pot
*** SUMMARY ***
Total pot 1190 | No rake
Seat 4: todoxDore (button) won 1190


Winamax Poker - Tournament "QUATTRO" buyIn: 1.80€ + 0.20€ level: 3 - HandId: #3085843992546377737-75-1702150261 - Holdem no limit (35/150/300) - 2023/12/09 19:31:01 UTC
Table: 'QUATTRO(718479043)#0008' 4-max (real money) Seat #1 is the button
Seat 1: enfants terr (34852, 0.90€ bounty)
Seat 2: DoN.A.K (23865, 0.90€ bounty)
Seat 3: P1xel7 (23547, 1.35€ bounty)
Seat 4: todoxDore (11525, 0.90€ bounty)
*** ANTE/BLINDS ***
DoN.A.K posts ante 35
P1xel7 posts ante 35
enfants terr posts ante 35
todoxDore posts ante 35
DoN.A.K posts small blind 150
P1xel7 posts big blind 300
Dealt to P1xel7 [8c 5c]
*** PRE-FLOP *** 
todoxDore folds
enfants terr folds
DoN.A.K folds
P1xel7 collected 590 from pot
*** SUMMARY ***
Total pot 590 | No rake
Seat 3: P1xel7 (big blind) won 590


Winamax Poker - Tournament "QUATTRO" buyIn: 1.80€ + 0.20€ level: 3 - HandId: #3085843992546377737-76-1702150273 - Holdem no limit (35/150/300) - 2023/12/09 19:31:13 UTC
Table: 'QUATTRO(718479043)#0008' 4-max (real money) Seat #2 is the button
Seat 1: enfants terr (34817, 0.90€ bounty)
Seat 2: DoN.A.K (23680, 0.90€ bounty)
Seat 3: P1xel7 (23802, 1.35€ bounty)
Seat 4: todoxDore (11490, 0.90€ bounty)
*** ANTE/BLINDS ***
P1xel7 posts ante 35
todoxDore posts ante 35
enfants terr posts ante 35
DoN.A.K posts ante 35
P1xel7 posts small blind 150
todoxDore posts big blind 300
Dealt to P1xel7 [8c 6h]
*** PRE-FLOP *** 
enfants terr calls 300
DoN.A.K calls 300
P1xel7 folds
todoxDore checks
*** FLOP *** [4h 6c 6s]
todoxDore checks
enfants terr checks
DoN.A.K checks
*** TURN *** [4h 6c 6s][Kh]
todoxDore checks
enfants terr checks
DoN.A.K checks
*** RIVER *** [4h 6c 6s Kh][4d]
todoxDore bets 1190
enfants terr folds
DoN.A.K calls 1190
*** SHOW DOWN ***
DoN.A.K shows [8h Ac] (Two pairs : 6 and 4)
todoxDore shows [As 6d] (Full of 6 and 4)
todoxDore collected 3570 from pot
*** SUMMARY ***
Total pot 3570 | No rake
Board: [4h 6c 6s Kh 4d]
Seat 2: DoN.A.K (button) showed [8h Ac] and lost with Two pairs : 6 and 4
Seat 4: todoxDore (big blind) showed [As 6d] and won 3570 with Full of 6 and 4


Winamax Poker - Tournament "QUATTRO" buyIn: 1.80€ + 0.20€ level: 3 - HandId: #3085843992546377737-77-1702150324 - Holdem no limit (35/150/300) - 2023/12/09 19:32:04 UTC
Table: 'QUATTRO(718479043)#0008' 4-max (real money) Seat #3 is the button
Seat 1: enfants terr (34482, 0.90€ bounty)
Seat 2: DoN.A.K (22155, 0.90€ bounty)
Seat 3: P1xel7 (23617, 1.35€ bounty)
Seat 4: todoxDore (13535, 0.90€ bounty)
*** ANTE/BLINDS ***
todoxDore posts ante 35
enfants terr posts ante 35
DoN.A.K posts ante 35
P1xel7 posts ante 35
todoxDore posts small blind 150
enfants terr posts big blind 300
Dealt to P1xel7 [3c Js]
*** PRE-FLOP *** 
DoN.A.K folds
P1xel7 folds
todoxDore raises 300 to 600
enfants terr calls 300
*** FLOP *** [Tc 8h 6h]
todoxDore bets 670
enfants terr calls 670
*** TURN *** [Tc 8h 6h][8d]
todoxDore checks
enfants terr bets 938
todoxDore folds
enfants terr collected 3618 from pot
*** SUMMARY ***
Total pot 3618 | No rake
Board: [Tc 8h 6h 8d]
Seat 1: enfants terr (big blind) won 3618


Winamax Poker - Tournament "QUATTRO" buyIn: 1.80€ + 0.20€ level: 3 - HandId: #3085843992546377737-78-1702150350 - Holdem no limit (35/150/300) - 2023/12/09 19:32:30 UTC
Table: 'QUATTRO(718479043)#0008' 4-max (real money) Seat #4 is the button
Seat 1: enfants terr (35857, 0.90€ bounty)
Seat 2: DoN.A.K (22120, 0.90€ bounty)
Seat 3: P1xel7 (23582, 1.35€ bounty)
Seat 4: todoxDore (12230, 0.90€ bounty)
*** ANTE/BLINDS ***
enfants terr posts ante 35
DoN.A.K posts ante 35
P1xel7 posts ante 35
todoxDore posts ante 35
enfants terr posts small blind 150
DoN.A.K posts big blind 300
Dealt to P1xel7 [5c 6h]
*** PRE-FLOP *** 
P1xel7 folds
todoxDore raises 300 to 600
enfants terr folds
DoN.A.K folds
todoxDore collected 1190 from pot
*** SUMMARY ***
Total pot 1190 | No rake
Seat 4: todoxDore (button) won 1190


Winamax Poker - Tournament "QUATTRO" buyIn: 1.80€ + 0.20€ level: 3 - HandId: #3085843992546377737-79-1702150364 - Holdem no limit (35/150/300) - 2023/12/09 19:32:44 UTC
Table: 'QUATTRO(718479043)#0008' 4-max (real money) Seat #1 is the button
Seat 1: enfants terr (35672, 0.90€ bounty)
Seat 2: DoN.A.K (21785, 0.90€ bounty)
Seat 3: P1xel7 (23547, 1.35€ bounty)
Seat 4: todoxDore (12785, 0.90€ bounty)
*** ANTE/BLINDS ***
DoN.A.K posts ante 35
P1xel7 posts ante 35
enfants terr posts ante 35
todoxDore posts ante 35
DoN.A.K posts small blind 150
P1xel7 posts big blind 300
Dealt to P1xel7 [Js 9s]
*** PRE-FLOP *** 
todoxDore folds
enfants terr folds
DoN.A.K calls 150
P1xel7 checks
*** FLOP *** [Th 7d Jh]
DoN.A.K checks
P1xel7 bets 370
DoN.A.K folds
P1xel7 collected 1110 from pot
*** SUMMARY ***
Total pot 1110 | No rake
Board: [Th 7d Jh]
Seat 3: P1xel7 (big blind) won 1110


Winamax Poker - Tournament "QUATTRO" buyIn: 1.80€ + 0.20€ level: 4 - HandId: #3085843992546377737-80-1702150397 - Holdem no limit (40/175/350) - 2023/12/09 19:33:17 UTC
Table: 'QUATTRO(718479043)#0008' 4-max (real money) Seat #2 is the button
Seat 1: enfants terr (35637, 0.90€ bounty)
Seat 2: DoN.A.K (21450, 0.90€ bounty)
Seat 3: P1xel7 (23952, 1.35€ bounty)
Seat 4: todoxDore (12750, 0.90€ bounty)
*** ANTE/BLINDS ***
P1xel7 posts ante 40
todoxDore posts ante 40
enfants terr posts ante 40
DoN.A.K posts ante 40
P1xel7 posts small blind 175
todoxDore posts big blind 350
Dealt to P1xel7 [7s 2d]
*** PRE-FLOP *** 
enfants terr folds
DoN.A.K folds
P1xel7 folds
todoxDore collected 685 from pot
*** SUMMARY ***
Total pot 685 | No rake
Seat 4: todoxDore (big blind) won 685


Winamax Poker - Tournament "QUATTRO" buyIn: 1.80€ + 0.20€ level: 4 - HandId: #3085843992546377737-81-1702150411 - Holdem no limit (40/175/350) - 2023/12/09 19:33:31 UTC
Table: 'QUATTRO(718479043)#0008' 4-max (real money) Seat #3 is the button
Seat 1: enfants terr (35597, 0.90€ bounty)
Seat 2: DoN.A.K (21410, 0.90€ bounty)
Seat 3: P1xel7 (23737, 1.35€ bounty)
Seat 4: todoxDore (13045, 0.90€ bounty)
*** ANTE/BLINDS ***
todoxDore posts ante 40
enfants terr posts ante 40
DoN.A.K posts ante 40
P1xel7 posts ante 40
todoxDore posts small blind 175
enfants terr posts big blind 350
Dealt to P1xel7 [Jd 3c]
*** PRE-FLOP *** 
DoN.A.K folds
P1xel7 folds
todoxDore folds
enfants terr collected 685 from pot
*** SUMMARY ***
Total pot 685 | No rake
Seat 1: enfants terr (big blind) won 685


Winamax Poker - Tournament "QUATTRO" buyIn: 1.80€ + 0.20€ level: 4 - HandId: #3085843992546377737-82-1702150425 - Holdem no limit (40/175/350) - 2023/12/09 19:33:45 UTC
Table: 'QUATTRO(718479043)#0008' 4-max (real money) Seat #4 is the button
Seat 1: enfants terr (35892, 0.90€ bounty)
Seat 2: DoN.A.K (21370, 0.90€ bounty)
Seat 3: P1xel7 (23697, 1.35€ bounty)
Seat 4: todoxDore (12830, 0.90€ bounty)
*** ANTE/BLINDS ***
enfants terr posts ante 40
DoN.A.K posts ante 40
P1xel7 posts ante 40
todoxDore posts ante 40
enfants terr posts small blind 175
DoN.A.K posts big blind 350
Dealt to P1xel7 [Ks 7d]
*** PRE-FLOP *** 
P1xel7 folds
todoxDore raises 350 to 700
enfants terr folds
DoN.A.K folds
todoxDore collected 1385 from pot
*** SUMMARY ***
Total pot 1385 | No rake
Seat 4: todoxDore (button) won 1385


Winamax Poker - Tournament "QUATTRO" buyIn: 1.80€ + 0.20€ level: 4 - HandId: #3085843992546377737-83-1702150439 - Holdem no limit (40/175/350) - 2023/12/09 19:33:59 UTC
Table: 'QUATTRO(718479043)#0008' 4-max (real money) Seat #1 is the button
Seat 1: enfants terr (35677, 0.90€ bounty)
Seat 2: DoN.A.K (20980, 0.90€ bounty)
Seat 3: P1xel7 (23657, 1.35€ bounty)
Seat 4: todoxDore (13475, 0.90€ bounty)
*** ANTE/BLINDS ***
DoN.A.K posts ante 40
P1xel7 posts ante 40
enfants terr posts ante 40
todoxDore posts ante 40
DoN.A.K posts small blind 175
P1xel7 posts big blind 350
Dealt to P1xel7 [3c 2s]
*** PRE-FLOP *** 
todoxDore folds
enfants terr folds
DoN.A.K folds
P1xel7 collected 685 from pot
*** SUMMARY ***
Total pot 685 | No rake
Seat 3: P1xel7 (big blind) won 685


Winamax Poker - Tournament "QUATTRO" buyIn: 1.80€ + 0.20€ level: 4 - HandId: #3085843992546377737-84-1702150446 - Holdem no limit (40/175/350) - 2023/12/09 19:34:06 UTC
Table: 'QUATTRO(718479043)#0008' 4-max (real money) Seat #2 is the button
Seat 1: enfants terr (35637, 0.90€ bounty)
Seat 2: DoN.A.K (20765, 0.90€ bounty)
Seat 3: P1xel7 (23952, 1.35€ bounty)
Seat 4: todoxDore (13435, 0.90€ bounty)
*** ANTE/BLINDS ***
P1xel7 posts ante 40
todoxDore posts ante 40
enfants terr posts ante 40
DoN.A.K posts ante 40
P1xel7 posts small blind 175
todoxDore posts big blind 350
Dealt to P1xel7 [4c Kd]
*** PRE-FLOP *** 
enfants terr folds
DoN.A.K folds
P1xel7 raises 525 to 875
todoxDore raises 12520 to 13395 and is all-in
P1xel7 folds
todoxDore collected 14430 from pot
*** SUMMARY ***
Total pot 14430 | No rake
Seat 4: todoxDore (big blind) won 14430


Winamax Poker - Tournament "QUATTRO" buyIn: 1.80€ + 0.20€ level: 4 - HandId: #3085843992546377737-85-1702150465 - Holdem no limit (40/175/350) - 2023/12/09 19:34:25 UTC
Table: 'QUATTRO(718479043)#0008' 4-max (real money) Seat #3 is the button
Seat 1: enfants terr (35597, 0.90€ bounty)
Seat 2: DoN.A.K (20725, 0.90€ bounty)
Seat 3: P1xel7 (23037, 1.35€ bounty)
Seat 4: todoxDore (14430, 0.90€ bounty)
*** ANTE/BLINDS ***
todoxDore posts ante 40
enfants terr posts ante 40
DoN.A.K posts ante 40
P1xel7 posts ante 40
todoxDore posts small blind 175
enfants terr posts big blind 350
Dealt to P1xel7 [5c 5d]
*** PRE-FLOP *** 
DoN.A.K folds
P1xel7 raises 525 to 875
todoxDore folds
enfants terr calls 525
*** FLOP *** [6s 5s Jd]
enfants terr checks
P1xel7 bets 730
enfants terr folds
P1xel7 collected 2815 from pot
*** SUMMARY ***
Total pot 2815 | No rake
Board: [6s 5s Jd]
Seat 3: P1xel7 (button) won 2815


Winamax Poker - Tournament "QUATTRO" buyIn: 1.80€ + 0.20€ level: 4 - HandId: #3085843992546377737-86-1702150497 - Holdem no limit (40/175/350) - 2023/12/09 19:34:57 UTC
Table: 'QUATTRO(718479043)#0008' 4-max (real money) Seat #4 is the button
Seat 1: enfants terr (34682, 0.90€ bounty)
Seat 2: DoN.A.K (20685, 0.90€ bounty)
Seat 3: P1xel7 (24207, 1.35€ bounty)
Seat 4: todoxDore (14215, 0.90€ bounty)
*** ANTE/BLINDS ***
enfants terr posts ante 40
DoN.A.K posts ante 40
P1xel7 posts ante 40
todoxDore posts ante 40
enfants terr posts small blind 175
DoN.A.K posts big blind 350
Dealt to P1xel7 [9d Th]
*** PRE-FLOP *** 
P1xel7 folds
todoxDore raises 350 to 700
enfants terr folds
DoN.A.K folds
todoxDore collected 1385 from pot
*** SUMMARY ***
Total pot 1385 | No rake
Seat 4: todoxDore (button) won 1385


Winamax Poker - Tournament "QUATTRO" buyIn: 1.80€ + 0.20€ level: 4 - HandId: #3085843992546377737-87-1702150510 - Holdem no limit (40/175/350) - 2023/12/09 19:35:10 UTC
Table: 'QUATTRO(718479043)#0008' 4-max (real money) Seat #1 is the button
Seat 1: enfants terr (34467, 0.90€ bounty)
Seat 2: DoN.A.K (20295, 0.90€ bounty)
Seat 3: P1xel7 (24167, 1.35€ bounty)
Seat 4: todoxDore (14860, 0.90€ bounty)
*** ANTE/BLINDS ***
DoN.A.K posts ante 40
P1xel7 posts ante 40
enfants terr posts ante 40
todoxDore posts ante 40
DoN.A.K posts small blind 175
P1xel7 posts big blind 350
Dealt to P1xel7 [Ah 3c]
*** PRE-FLOP *** 
todoxDore folds
enfants terr folds
DoN.A.K calls 175
P1xel7 checks
*** FLOP *** [Ts Qh 5h]
DoN.A.K checks
P1xel7 checks
*** TURN *** [Ts Qh 5h][3s]
DoN.A.K checks
P1xel7 bets 430
DoN.A.K folds
P1xel7 collected 1290 from pot
*** SUMMARY ***
Total pot 1290 | No rake
Board: [Ts Qh 5h 3s]
Seat 3: P1xel7 (big blind) won 1290


Winamax Poker - Tournament "QUATTRO" buyIn: 1.80€ + 0.20€ level: 4 - HandId: #3085843992546377737-88-1702150550 - Holdem no limit (40/175/350) - 2023/12/09 19:35:50 UTC
Table: 'QUATTRO(718479043)#0008' 4-max (real money) Seat #2 is the button
Seat 1: enfants terr (34427, 0.90€ bounty)
Seat 2: DoN.A.K (19905, 0.90€ bounty)
Seat 3: P1xel7 (24637, 1.35€ bounty)
Seat 4: todoxDore (14820, 0.90€ bounty)
*** ANTE/BLINDS ***
P1xel7 posts ante 40
todoxDore posts ante 40
enfants terr posts ante 40
DoN.A.K posts ante 40
P1xel7 posts small blind 175
todoxDore posts big blind 350
Dealt to P1xel7 [Kc Qh]
*** PRE-FLOP *** 
enfants terr folds
DoN.A.K folds
P1xel7 raises 525 to 875
todoxDore calls 525
*** FLOP *** [As 5c 8c]
P1xel7 bets 669
todoxDore folds
P1xel7 collected 2579 from pot
*** SUMMARY ***
Total pot 2579 | No rake
Board: [As 5c 8c]
Seat 3: P1xel7 (small blind) won 2579


Winamax Poker - Tournament "QUATTRO" buyIn: 1.80€ + 0.20€ level: 4 - HandId: #3085843992546377737-89-1702150571 - Holdem no limit (40/175/350) - 2023/12/09 19:36:11 UTC
Table: 'QUATTRO(718479043)#0008' 4-max (real money) Seat #3 is the button
Seat 1: enfants terr (34387, 0.90€ bounty)
Seat 2: DoN.A.K (19865, 0.90€ bounty)
Seat 3: P1xel7 (25632, 1.35€ bounty)
Seat 4: todoxDore (13905, 0.90€ bounty)
*** ANTE/BLINDS ***
todoxDore posts ante 40
enfants terr posts ante 40
DoN.A.K posts ante 40
P1xel7 posts ante 40
todoxDore posts small blind 175
enfants terr posts big blind 350
Dealt to P1xel7 [3d 6h]
*** PRE-FLOP *** 
DoN.A.K calls 350
P1xel7 folds
todoxDore folds
enfants terr checks
*** FLOP *** [Kh 9c 4d]
enfants terr checks
DoN.A.K bets 1035
enfants terr folds
DoN.A.K collected 2070 from pot
*** SUMMARY ***
Total pot 2070 | No rake
Board: [Kh 9c 4d]
Seat 2: DoN.A.K won 2070


Winamax Poker - Tournament "QUATTRO" buyIn: 1.80€ + 0.20€ level: 4 - HandId: #3085843992546377737-90-1702150598 - Holdem no limit (40/175/350) - 2023/12/09 19:36:38 UTC
Table: 'QUATTRO(718479043)#0008' 4-max (real money) Seat #4 is the button
Seat 1: enfants terr (33997, 0.90€ bounty)
Seat 2: DoN.A.K (20510, 0.90€ bounty)
Seat 3: P1xel7 (25592, 1.35€ bounty)
Seat 4: todoxDore (13690, 0.90€ bounty)
*** ANTE/BLINDS ***
enfants terr posts ante 40
DoN.A.K posts ante 40
P1xel7 posts ante 40
todoxDore posts ante 40
enfants terr posts small blind 175
DoN.A.K posts big blind 350
Dealt to P1xel7 [Td 7d]
*** PRE-FLOP *** 
P1xel7 folds
todoxDore folds
enfants terr calls 175
DoN.A.K checks
*** FLOP *** [7c Jd 8h]
enfants terr checks
DoN.A.K checks
*** TURN *** [7c Jd 8h][As]
enfants terr bets 350
DoN.A.K calls 350
*** RIVER *** [7c Jd 8h As][2s]
enfants terr bets 350
DoN.A.K calls 350
*** SHOW DOWN ***
enfants terr shows [6c 6s] (One pair : 6)
DoN.A.K shows [8d 5d] (One pair : 8)
DoN.A.K collected 2260 from pot
*** SUMMARY ***
Total pot 2260 | No rake
Board: [7c Jd 8h As 2s]
Seat 1: enfants terr (small blind) showed [6c 6s] and lost with One pair : 6
Seat 2: DoN.A.K (big blind) showed [8d 5d] and won 2260 with One pair : 8


Winamax Poker - Tournament "QUATTRO" buyIn: 1.80€ + 0.20€ level: 4 - HandId: #3085843992546377737-91-1702150629 - Holdem no limit (40/175/350) - 2023/12/09 19:37:09 UTC
Table: 'QUATTRO(718479043)#0008' 4-max (real money) Seat #1 is the button
Seat 1: enfants terr (32907, 0.90€ bounty)
Seat 2: DoN.A.K (21680, 0.90€ bounty)
Seat 3: P1xel7 (25552, 1.35€ bounty)
Seat 4: todoxDore (13650, 0.90€ bounty)
*** ANTE/BLINDS ***
DoN.A.K posts ante 40
P1xel7 posts ante 40
enfants terr posts ante 40
todoxDore posts ante 40
DoN.A.K posts small blind 175
P1xel7 posts big blind 350
Dealt to P1xel7 [9d 4d]
*** PRE-FLOP *** 
todoxDore raises 350 to 700
enfants terr calls 700
DoN.A.K folds
P1xel7 folds
*** FLOP *** [2c Js Ac]
todoxDore bets 730
enfants terr calls 730
*** TURN *** [2c Js Ac][7s]
todoxDore bets 1241
enfants terr folds
todoxDore collected 4786 from pot
*** SUMMARY ***
Total pot 4786 | No rake
Board: [2c Js Ac 7s]
Seat 4: todoxDore won 4786


Winamax Poker - Tournament "QUATTRO" buyIn: 1.80€ + 0.20€ level: 4 - HandId: #3085843992546377737-92-1702150647 - Holdem no limit (40/175/350) - 2023/12/09 19:37:27 UTC
Table: 'QUATTRO(718479043)#0008' 4-max (real money) Seat #2 is the button
Seat 1: enfants terr (31437, 0.90€ bounty)
Seat 2: DoN.A.K (21465, 0.90€ bounty)
Seat 3: P1xel7 (25162, 1.35€ bounty)
Seat 4: todoxDore (15725, 0.90€ bounty)
*** ANTE/BLINDS ***
P1xel7 posts ante 40
todoxDore posts ante 40
enfants terr posts ante 40
DoN.A.K posts ante 40
P1xel7 posts small blind 175
todoxDore posts big blind 350
Dealt to P1xel7 [9s 6d]
*** PRE-FLOP *** 
enfants terr folds
DoN.A.K folds
P1xel7 folds
todoxDore collected 685 from pot
*** SUMMARY ***
Total pot 685 | No rake
Seat 4: todoxDore (big blind) won 685


Winamax Poker - Tournament "QUATTRO" buyIn: 1.80€ + 0.20€ level: 4 - HandId: #3085843992546377737-93-1702150658 - Holdem no limit (40/175/350) - 2023/12/09 19:37:38 UTC
Table: 'QUATTRO(718479043)#0008' 4-max (real money) Seat #3 is the button
Seat 1: enfants terr (31397, 0.90€ bounty)
Seat 2: DoN.A.K (21425, 0.90€ bounty)
Seat 3: P1xel7 (24947, 1.35€ bounty)
Seat 4: todoxDore (16020, 0.90€ bounty)
*** ANTE/BLINDS ***
todoxDore posts ante 40
enfants terr posts ante 40
DoN.A.K posts ante 40
P1xel7 posts ante 40
todoxDore posts small blind 175
enfants terr posts big blind 350
Dealt to P1xel7 [Ah Jc]
*** PRE-FLOP *** 
DoN.A.K folds
P1xel7 raises 525 to 875
todoxDore folds
enfants terr folds
P1xel7 collected 1560 from pot
*** SUMMARY ***
Total pot 1560 | No rake
Seat 3: P1xel7 (button) won 1560


Winamax Poker - Tournament "QUATTRO" buyIn: 1.80€ + 0.20€ level: 4 - HandId: #3085843992546377737-94-1702150682 - Holdem no limit (40/175/350) - 2023/12/09 19:38:02 UTC
Table: 'QUATTRO(718479043)#0008' 4-max (real money) Seat #4 is the button
Seat 1: enfants terr (31007, 0.90€ bounty)
Seat 2: DoN.A.K (21385, 0.90€ bounty)
Seat 3: P1xel7 (25592, 1.35€ bounty)
Seat 4: todoxDore (15805, 0.90€ bounty)
*** ANTE/BLINDS ***
enfants terr posts ante 40
DoN.A.K posts ante 40
P1xel7 posts ante 40
todoxDore posts ante 40
enfants terr posts small blind 175
DoN.A.K posts big blind 350
Dealt to P1xel7 [Qc 8h]
*** PRE-FLOP *** 
P1xel7 folds
todoxDore raises 350 to 700
enfants terr folds
DoN.A.K folds
todoxDore collected 1385 from pot
*** SUMMARY ***
Total pot 1385 | No rake
Seat 4: todoxDore (button) won 1385


Winamax Poker - Tournament "QUATTRO" buyIn: 1.80€ + 0.20€ level: 4 - HandId: #3085843992546377737-95-1702150700 - Holdem no limit (40/175/350) - 2023/12/09 19:38:20 UTC
Table: 'QUATTRO(718479043)#0008' 4-max (real money) Seat #1 is the button
Seat 1: enfants terr (30792, 0.90€ bounty)
Seat 2: DoN.A.K (20995, 0.90€ bounty)
Seat 3: P1xel7 (25552, 1.35€ bounty)
Seat 4: todoxDore (16450, 0.90€ bounty)
*** ANTE/BLINDS ***
DoN.A.K posts ante 40
P1xel7 posts ante 40
enfants terr posts ante 40
todoxDore posts ante 40
DoN.A.K posts small blind 175
P1xel7 posts big blind 350
Dealt to P1xel7 [Kc 8h]
*** PRE-FLOP *** 
todoxDore raises 350 to 700
enfants terr folds
DoN.A.K folds
P1xel7 folds
todoxDore collected 1385 from pot
*** SUMMARY ***
Total pot 1385 | No rake
Seat 4: todoxDore won 1385


Winamax Poker - Tournament "QUATTRO" buyIn: 1.80€ + 0.20€ level: 4 - HandId: #3085843992546377737-96-1702150711 - Holdem no limit (40/175/350) - 2023/12/09 19:38:31 UTC
Table: 'QUATTRO(718479043)#0008' 4-max (real money) Seat #2 is the button
Seat 1: enfants terr (30752, 0.90€ bounty)
Seat 2: DoN.A.K (20780, 0.90€ bounty)
Seat 3: P1xel7 (25162, 1.35€ bounty)
Seat 4: todoxDore (17095, 0.90€ bounty)
*** ANTE/BLINDS ***
P1xel7 posts ante 40
todoxDore posts ante 40
enfants terr posts ante 40
DoN.A.K posts ante 40
P1xel7 posts small blind 175
todoxDore posts big blind 350
Dealt to P1xel7 [3s 8h]
*** PRE-FLOP *** 
enfants terr calls 350
DoN.A.K raises 875 to 1225
P1xel7 folds
todoxDore folds
enfants terr calls 875
*** FLOP *** [Kc Ks 4s]
enfants terr checks
DoN.A.K checks
*** TURN *** [Kc Ks 4s][8c]
enfants terr bets 1097
DoN.A.K folds
enfants terr collected 4232 from pot
*** SUMMARY ***
Total pot 4232 | No rake
Board: [Kc Ks 4s 8c]
Seat 1: enfants terr won 4232


Winamax Poker - Tournament "QUATTRO" buyIn: 1.80€ + 0.20€ level: 5 - HandId: #3085843992546377737-97-1702150744 - Holdem no limit (50/200/400) - 2023/12/09 19:39:04 UTC
Table: 'QUATTRO(718479043)#0008' 4-max (real money) Seat #3 is the button
Seat 1: enfants terr (32622, 0.90€ bounty)
Seat 2: DoN.A.K (19515, 0.90€ bounty)
Seat 3: P1xel7 (24947, 1.35€ bounty)
Seat 4: todoxDore (16705, 0.90€ bounty)
*** ANTE/BLINDS ***
todoxDore posts ante 50
enfants terr posts ante 50
DoN.A.K posts ante 50
P1xel7 posts ante 50
todoxDore posts small blind 200
enfants terr posts big blind 400
Dealt to P1xel7 [9h 8h]
*** PRE-FLOP *** 
DoN.A.K folds
P1xel7 folds
todoxDore folds
enfants terr collected 800 from pot
*** SUMMARY ***
Total pot 800 | No rake
Seat 1: enfants terr (big blind) won 800


Winamax Poker - Tournament "QUATTRO" buyIn: 1.80€ + 0.20€ level: 5 - HandId: #3085843992546377737-98-1702150753 - Holdem no limit (50/200/400) - 2023/12/09 19:39:13 UTC
Table: 'QUATTRO(718479043)#0008' 4-max (real money) Seat #4 is the button
Seat 1: enfants terr (32972, 0.90€ bounty)
Seat 2: DoN.A.K (19465, 0.90€ bounty)
Seat 3: P1xel7 (24897, 1.35€ bounty)
Seat 4: todoxDore (16455, 0.90€ bounty)
*** ANTE/BLINDS ***
enfants terr posts ante 50
DoN.A.K posts ante 50
P1xel7 posts ante 50
todoxDore posts ante 50
enfants terr posts small blind 200
DoN.A.K posts big blind 400
Dealt to P1xel7 [Ts Ah]
*** PRE-FLOP *** 
P1xel7 raises 600 to 1000
todoxDore raises 2000 to 3000
enfants terr folds
DoN.A.K folds
P1xel7 calls 2000
*** FLOP *** [5c 6d 3c]
P1xel7 checks
todoxDore bets 2380
P1xel7 calls 2380
*** TURN *** [5c 6d 3c][9d]
P1xel7 checks
todoxDore bets 11025 and is all-in
P1xel7 folds
todoxDore collected 22585 from pot
*** SUMMARY ***
Total pot 22585 | No rake
Board: [5c 6d 3c 9d]
Seat 4: todoxDore (button) won 22585


Winamax Poker - Tournament "QUATTRO" buyIn: 1.80€ + 0.20€ level: 5 - HandId: #3085843992546377737-99-1702150814 - Holdem no limit (50/200/400) - 2023/12/09 19:40:14 UTC
Table: 'QUATTRO(718479043)#0008' 4-max (real money) Seat #1 is the button
Seat 1: enfants terr (32722, 0.90€ bounty)
Seat 2: DoN.A.K (19015, 0.90€ bounty)
Seat 3: P1xel7 (19467, 1.35€ bounty)
Seat 4: todoxDore (22585, 0.90€ bounty)
*** ANTE/BLINDS ***
DoN.A.K posts ante 50
P1xel7 posts ante 50
enfants terr posts ante 50
todoxDore posts ante 50
DoN.A.K posts small blind 200
P1xel7 posts big blind 400
Dealt to P1xel7 [Ks Qs]
*** PRE-FLOP *** 
todoxDore folds
enfants terr folds
DoN.A.K folds
P1xel7 collected 800 from pot
*** SUMMARY ***
Total pot 800 | No rake
Seat 3: P1xel7 (big blind) won 800


Winamax Poker - Tournament "QUATTRO" buyIn: 1.80€ + 0.20€ level: 5 - HandId: #3085843992546377737-100-1702150841 - Holdem no limit (50/200/400) - 2023/12/09 19:40:41 UTC
Table: 'QUATTRO(718479043)#0008' 4-max (real money) Seat #2 is the button
Seat 1: enfants terr (32672, 0.90€ bounty)
Seat 2: DoN.A.K (18765, 0.90€ bounty)
Seat 3: P1xel7 (19817, 1.35€ bounty)
Seat 4: todoxDore (22535, 0.90€ bounty)
*** ANTE/BLINDS ***
P1xel7 posts ante 50
todoxDore posts ante 50
enfants terr posts ante 50
DoN.A.K posts ante 50
P1xel7 posts small blind 200
todoxDore posts big blind 400
Dealt to P1xel7 [As 6h]
*** PRE-FLOP *** 
enfants terr folds
DoN.A.K folds
P1xel7 raises 600 to 1000
todoxDore raises 2000 to 3000
P1xel7 folds
todoxDore collected 4200 from pot
*** SUMMARY ***
Total pot 4200 | No rake
Seat 4: todoxDore (big blind) won 4200


Winamax Poker - Tournament "QUATTRO" buyIn: 1.80€ + 0.20€ level: 5 - HandId: #3085843992546377737-101-1702150879 - Holdem no limit (50/200/400) - 2023/12/09 19:41:19 UTC
Table: 'QUATTRO(718479043)#0008' 4-max (real money) Seat #3 is the button
Seat 1: enfants terr (32622, 0.90€ bounty)
Seat 2: DoN.A.K (18715, 0.90€ bounty)
Seat 3: P1xel7 (18767, 1.35€ bounty)
Seat 4: todoxDore (23685, 0.90€ bounty)
*** ANTE/BLINDS ***
todoxDore posts ante 50
enfants terr posts ante 50
DoN.A.K posts ante 50
P1xel7 posts ante 50
todoxDore posts small blind 200
enfants terr posts big blind 400
Dealt to P1xel7 [Ac 2d]
*** PRE-FLOP *** 
DoN.A.K folds
P1xel7 folds
todoxDore folds
enfants terr collected 800 from pot
*** SUMMARY ***
Total pot 800 | No rake
Seat 1: enfants terr (big blind) won 800


Winamax Poker - Tournament "QUATTRO" buyIn: 1.80€ + 0.20€ level: 5 - HandId: #3085843992546377737-102-1702150891 - Holdem no limit (50/200/400) - 2023/12/09 19:41:31 UTC
Table: 'QUATTRO(718479043)#0008' 4-max (real money) Seat #4 is the button
Seat 1: enfants terr (32972, 0.90€ bounty)
Seat 2: DoN.A.K (18665, 0.90€ bounty)
Seat 3: P1xel7 (18717, 1.35€ bounty)
Seat 4: todoxDore (23435, 0.90€ bounty)
*** ANTE/BLINDS ***
enfants terr posts ante 50
DoN.A.K posts ante 50
P1xel7 posts ante 50
todoxDore posts ante 50
enfants terr posts small blind 200
DoN.A.K posts big blind 400
Dealt to P1xel7 [Kd 5d]
*** PRE-FLOP *** 
P1xel7 folds
todoxDore folds
enfants terr calls 200
DoN.A.K raises 1000 to 1400
enfants terr calls 1000
*** FLOP *** [Kc 3d 7c]
enfants terr checks
DoN.A.K bets 3000
enfants terr folds
DoN.A.K collected 6000 from pot
*** SUMMARY ***
Total pot 6000 | No rake
Board: [Kc 3d 7c]
Seat 2: DoN.A.K (big blind) won 6000


Winamax Poker - Tournament "QUATTRO" buyIn: 1.80€ + 0.20€ level: 5 - HandId: #3085843992546377737-103-1702150922 - Holdem no limit (50/200/400) - 2023/12/09 19:42:02 UTC
Table: 'QUATTRO(718479043)#0008' 4-max (real money) Seat #1 is the button
Seat 1: enfants terr (31522, 0.90€ bounty)
Seat 2: DoN.A.K (20215, 0.90€ bounty)
Seat 3: P1xel7 (18667, 1.35€ bounty)
Seat 4: todoxDore (23385, 0.90€ bounty)
*** ANTE/BLINDS ***
DoN.A.K posts ante 50
P1xel7 posts ante 50
enfants terr posts ante 50
todoxDore posts ante 50
DoN.A.K posts small blind 200
P1xel7 posts big blind 400
Dealt to P1xel7 [3d 9s]
*** PRE-FLOP *** 
todoxDore raises 400 to 800
enfants terr calls 800
DoN.A.K folds
P1xel7 folds
*** FLOP *** [4c 5d 8d]
todoxDore bets 1200
enfants terr folds
todoxDore collected 3600 from pot
*** SUMMARY ***
Total pot 3600 | No rake
Board: [4c 5d 8d]
Seat 4: todoxDore won 3600


Winamax Poker - Tournament "QUATTRO" buyIn: 1.80€ + 0.20€ level: 5 - HandId: #3085843992546377737-104-1702150954 - Holdem no limit (50/200/400) - 2023/12/09 19:42:34 UTC
Table: 'QUATTRO(718479043)#0008' 4-max (real money) Seat #2 is the button
Seat 1: enfants terr (30672, 0.90€ bounty)
Seat 2: DoN.A.K (19965, 0.90€ bounty)
Seat 3: P1xel7 (18217, 1.35€ bounty)
Seat 4: todoxDore (24935, 0.90€ bounty)
*** ANTE/BLINDS ***
P1xel7 posts ante 50
todoxDore posts ante 50
enfants terr posts ante 50
DoN.A.K posts ante 50
P1xel7 posts small blind 200
todoxDore posts big blind 400
Dealt to P1xel7 [7c Jd]
*** PRE-FLOP *** 
enfants terr folds
DoN.A.K calls 400
P1xel7 folds
todoxDore checks
*** FLOP *** [3h 6d 2s]
todoxDore checks
DoN.A.K checks
*** TURN *** [3h 6d 2s][Ts]
todoxDore bets 600
DoN.A.K folds
todoxDore collected 1800 from pot
*** SUMMARY ***
Total pot 1800 | No rake
Board: [3h 6d 2s Ts]
Seat 4: todoxDore (big blind) won 1800


Winamax Poker - Tournament "QUATTRO" buyIn: 1.80€ + 0.20€ level: 5 - HandId: #3085843992546377737-105-1702150988 - Holdem no limit (50/200/400) - 2023/12/09 19:43:08 UTC
Table: 'QUATTRO(718479043)#0008' 4-max (real money) Seat #3 is the button
Seat 1: enfants terr (30622, 0.90€ bounty)
Seat 2: DoN.A.K (19515, 0.90€ bounty)
Seat 3: P1xel7 (17967, 1.35€ bounty)
Seat 4: todoxDore (25685, 0.90€ bounty)
*** ANTE/BLINDS ***
todoxDore posts ante 50
enfants terr posts ante 50
DoN.A.K posts ante 50
P1xel7 posts ante 50
todoxDore posts small blind 200
enfants terr posts big blind 400
Dealt to P1xel7 [4c 5s]
*** PRE-FLOP *** 
DoN.A.K folds
P1xel7 folds
todoxDore raises 800 to 1200
enfants terr folds
todoxDore collected 1800 from pot
*** SUMMARY ***
Total pot 1800 | No rake
Seat 4: todoxDore (small blind) won 1800


Winamax Poker - Tournament "QUATTRO" buyIn: 1.80€ + 0.20€ level: 5 - HandId: #3085843992546377737-106-1702151000 - Holdem no limit (50/200/400) - 2023/12/09 19:43:20 UTC
Table: 'QUATTRO(718479043)#0008' 4-max (real money) Seat #4 is the button
Seat 1: enfants terr (30172, 0.90€ bounty)
Seat 2: DoN.A.K (19465, 0.90€ bounty)
Seat 3: P1xel7 (17917, 1.35€ bounty)
Seat 4: todoxDore (26235, 0.90€ bounty)
*** ANTE/BLINDS ***
enfants terr posts ante 50
DoN.A.K posts ante 50
P1xel7 posts ante 50
todoxDore posts ante 50
enfants terr posts small blind 200
DoN.A.K posts big blind 400
Dealt to P1xel7 [8s 5c]
*** PRE-FLOP *** 
P1xel7 folds
todoxDore folds
enfants terr folds
DoN.A.K collected 800 from pot
*** SUMMARY ***
Total pot 800 | No rake
Seat 2: DoN.A.K (big blind) won 800


Winamax Poker - Tournament "QUATTRO" buyIn: 1.80€ + 0.20€ level: 5 - HandId: #3085843992546377737-107-1702151005 - Holdem no limit (50/200/400) - 2023/12/09 19:43:25 UTC
Table: 'QUATTRO(718479043)#0008' 4-max (real money) Seat #1 is the button
Seat 1: enfants terr (29922, 0.90€ bounty)
Seat 2: DoN.A.K (19815, 0.90€ bounty)
Seat 3: P1xel7 (17867, 1.35€ bounty)
Seat 4: todoxDore (26185, 0.90€ bounty)
*** ANTE/BLINDS ***
DoN.A.K posts ante 50
P1xel7 posts ante 50
enfants terr posts ante 50
todoxDore posts ante 50
DoN.A.K posts small blind 200
P1xel7 posts big blind 400
Dealt to P1xel7 [Td 3d]
*** PRE-FLOP *** 
todoxDore folds
enfants terr calls 400
DoN.A.K folds
P1xel7 checks
*** FLOP *** [5h Kd 9c]
P1xel7 checks
enfants terr bets 420
P1xel7 folds
enfants terr collected 1620 from pot
*** SUMMARY ***
Total pot 1620 | No rake
Board: [5h Kd 9c]
Seat 1: enfants terr (button) won 1620


Winamax Poker - Tournament "QUATTRO" buyIn: 1.80€ + 0.20€ level: 5 - HandId: #3085843992546377737-108-1702151034 - Holdem no limit (50/200/400) - 2023/12/09 19:43:54 UTC
Table: 'QUATTRO(718479043)#0008' 4-max (real money) Seat #2 is the button
Seat 1: enfants terr (30672, 0.90€ bounty)
Seat 2: DoN.A.K (19565, 0.90€ bounty)
Seat 3: P1xel7 (17417, 1.35€ bounty)
Seat 4: todoxDore (26135, 0.90€ bounty)
*** ANTE/BLINDS ***
P1xel7 posts ante 50
todoxDore posts ante 50
enfants terr posts ante 50
DoN.A.K posts ante 50
P1xel7 posts small blind 200
todoxDore posts big blind 400
Dealt to P1xel7 [5h 4c]
*** PRE-FLOP *** 
enfants terr folds
DoN.A.K folds
P1xel7 folds
todoxDore collected 800 from pot
*** SUMMARY ***
Total pot 800 | No rake
Seat 4: todoxDore (big blind) won 800


Winamax Poker - Tournament "QUATTRO" buyIn: 1.80€ + 0.20€ level: 5 - HandId: #3085843992546377737-109-1702151052 - Holdem no limit (50/200/400) - 2023/12/09 19:44:12 UTC
Table: 'QUATTRO(718479043)#0008' 4-max (real money) Seat #3 is the button
Seat 1: enfants terr (30622, 0.90€ bounty)
Seat 2: DoN.A.K (19515, 0.90€ bounty)
Seat 3: P1xel7 (17167, 1.35€ bounty)
Seat 4: todoxDore (26485, 0.90€ bounty)
*** ANTE/BLINDS ***
todoxDore posts ante 50
enfants terr posts ante 50
DoN.A.K posts ante 50
P1xel7 posts ante 50
todoxDore posts small blind 200
enfants terr posts big blind 400
Dealt to P1xel7 [8d 4s]
*** PRE-FLOP *** 
DoN.A.K raises 1200 to 1600
P1xel7 folds
todoxDore folds
enfants terr folds
DoN.A.K collected 2400 from pot
*** SUMMARY ***
Total pot 2400 | No rake
Seat 2: DoN.A.K won 2400


Winamax Poker - Tournament "QUATTRO" buyIn: 1.80€ + 0.20€ level: 5 - HandId: #3085843992546377737-110-1702151084 - Holdem no limit (50/200/400) - 2023/12/09 19:44:44 UTC
Table: 'QUATTRO(718479043)#0008' 4-max (real money) Seat #4 is the button
Seat 1: enfants terr (30172, 0.90€ bounty)
Seat 2: DoN.A.K (20265, 0.90€ bounty)
Seat 3: P1xel7 (17117, 1.35€ bounty)
Seat 4: todoxDore (26235, 0.90€ bounty)
*** ANTE/BLINDS ***
enfants terr posts ante 50
DoN.A.K posts ante 50
P1xel7 posts ante 50
todoxDore posts ante 50
enfants terr posts small blind 200
DoN.A.K posts big blind 400
Dealt to P1xel7 [Qc 9s]
*** PRE-FLOP *** 
P1xel7 raises 600 to 1000
todoxDore folds
enfants terr folds
DoN.A.K folds
P1xel7 collected 1800 from pot
*** SUMMARY ***
Total pot 1800 | No rake
Seat 3: P1xel7 won 1800


Winamax Poker - Tournament "QUATTRO" buyIn: 1.80€ + 0.20€ level: 5 - HandId: #3085843992546377737-111-1702151097 - Holdem no limit (50/200/400) - 2023/12/09 19:44:57 UTC
Table: 'QUATTRO(718479043)#0008' 4-max (real money) Seat #1 is the button
Seat 1: enfants terr (29922, 0.90€ bounty)
Seat 2: DoN.A.K (19815, 0.90€ bounty)
Seat 3: P1xel7 (17867, 1.35€ bounty)
Seat 4: todoxDore (26185, 0.90€ bounty)
*** ANTE/BLINDS ***
DoN.A.K posts ante 50
P1xel7 posts ante 50
enfants terr posts ante 50
todoxDore posts ante 50
DoN.A.K posts small blind 200
P1xel7 posts big blind 400
Dealt to P1xel7 [Ac 8s]
*** PRE-FLOP *** 
todoxDore folds
enfants terr raises 400 to 800
DoN.A.K folds
P1xel7 calls 400
*** FLOP *** [8c Jh Ad]
P1xel7 checks
enfants terr bets 700
P1xel7 calls 700
*** TURN *** [8c Jh Ad][9h]
P1xel7 checks
enfants terr bets 1190
P1xel7 calls 1190
*** RIVER *** [8c Jh Ad 9h][Qs]
P1xel7 checks
enfants terr checks
*** SHOW DOWN ***
enfants terr shows [Kd Jd] (One pair : Jacks)
P1xel7 shows [Ac 8s] (Two pairs : Aces and 8)
P1xel7 collected 5780 from pot
*** SUMMARY ***
Total pot 5780 | No rake
Board: [8c Jh Ad 9h Qs]
Seat 1: enfants terr (button) showed [Kd Jd] and lost with One pair : Jacks
Seat 3: P1xel7 (big blind) showed [Ac 8s] and won 5780 with Two pairs : Aces and 8


Winamax Poker - Tournament "QUATTRO" buyIn: 1.80€ + 0.20€ level: 6 - HandId: #3085843992546377737-112-1702151147 - Holdem no limit (60/250/500) - 2023/12/09 19:45:47 UTC
Table: 'QUATTRO(718479043)#0008' 4-max (real money) Seat #2 is the button
Seat 1: enfants terr (27182, 0.90€ bounty)
Seat 2: DoN.A.K (19565, 0.90€ bounty)
Seat 3: P1xel7 (20907, 1.35€ bounty)
Seat 4: todoxDore (26135, 0.90€ bounty)
*** ANTE/BLINDS ***
P1xel7 posts ante 60
todoxDore posts ante 60
enfants terr posts ante 60
DoN.A.K posts ante 60
P1xel7 posts small blind 250
todoxDore posts big blind 500
Dealt to P1xel7 [6s 8c]
*** PRE-FLOP *** 
enfants terr folds
DoN.A.K calls 500
P1xel7 folds
todoxDore checks
*** FLOP *** [2c Kh Ts]
todoxDore checks
DoN.A.K checks
*** TURN *** [2c Kh Ts][6d]
todoxDore checks
DoN.A.K checks
*** RIVER *** [2c Kh Ts 6d][Qc]
todoxDore checks
DoN.A.K checks
*** SHOW DOWN ***
todoxDore shows [6h 4c] (One pair : 6)
DoN.A.K shows [Jc Qs] (One pair : Queens)
DoN.A.K collected 1490 from pot
*** SUMMARY ***
Total pot 1490 | No rake
Board: [2c Kh Ts 6d Qc]
Seat 2: DoN.A.K (button) showed [Jc Qs] and won 1490 with One pair : Queens
Seat 4: todoxDore (big blind) showed [6h 4c] and lost with One pair : 6


Winamax Poker - Tournament "QUATTRO" buyIn: 1.80€ + 0.20€ level: 6 - HandId: #3085843992546377737-113-1702151185 - Holdem no limit (60/250/500) - 2023/12/09 19:46:25 UTC
Table: 'QUATTRO(718479043)#0008' 4-max (real money) Seat #3 is the button
Seat 1: enfants terr (27122, 0.90€ bounty)
Seat 2: DoN.A.K (20495, 0.90€ bounty)
Seat 3: P1xel7 (20597, 1.35€ bounty)
Seat 4: todoxDore (25575, 0.90€ bounty)
*** ANTE/BLINDS ***
todoxDore posts ante 60
enfants terr posts ante 60
DoN.A.K posts ante 60
P1xel7 posts ante 60
todoxDore posts small blind 250
enfants terr posts big blind 500
Dealt to P1xel7 [5c Kh]
*** PRE-FLOP *** 
DoN.A.K raises 1490 to 1990
P1xel7 folds
todoxDore raises 23525 to 25515 and is all-in
enfants terr folds
DoN.A.K calls 18445 and is all-in
*** FLOP *** [4h 2d Qs]
*** TURN *** [4h 2d Qs][9h]
*** RIVER *** [4h 2d Qs 9h][7d]
*** SHOW DOWN ***
DoN.A.K shows [Ah Kc] (High card : Ace)
todoxDore shows [Qd Qc] (Trips of Queens)
todoxDore collected 46690 from pot
*** SUMMARY ***
Total pot 46690 | No rake
Board: [4h 2d Qs 9h 7d]
Seat 2: DoN.A.K showed [Ah Kc] and lost with High card : Ace
Seat 4: todoxDore (small blind) showed [Qd Qc] and won 46690 with Trips of Queens


Winamax Poker - Tournament "QUATTRO" buyIn: 1.80€ + 0.20€ level: 6 - HandId: #3085843992546377737-114-1702151223 - Holdem no limit (60/250/500) - 2023/12/09 19:47:03 UTC
Table: 'QUATTRO(718479043)#0008' 4-max (real money) Seat #4 is the button
Seat 1: enfants terr (26562, 0.90€ bounty)
Seat 3: P1xel7 (20537, 1.35€ bounty)
Seat 4: todoxDore (46690, 1.35€ bounty)
*** ANTE/BLINDS ***
enfants terr posts ante 60
P1xel7 posts ante 60
todoxDore posts ante 60
enfants terr posts small blind 250
P1xel7 posts big blind 500
Dealt to P1xel7 [3d Jc]
*** PRE-FLOP *** 
todoxDore folds
enfants terr calls 250
P1xel7 checks
*** FLOP *** [8s 2c Qd]
enfants terr checks
P1xel7 checks
*** TURN *** [8s 2c Qd][Ah]
enfants terr checks
P1xel7 checks
*** RIVER *** [8s 2c Qd Ah][4c]
enfants terr checks
P1xel7 checks
*** SHOW DOWN ***
enfants terr shows [6d 7s] (High card : Ace)
P1xel7 shows [3d Jc] (High card : Ace)
P1xel7 collected 1180 from pot
*** SUMMARY ***
Total pot 1180 | No rake
Board: [8s 2c Qd Ah 4c]
Seat 1: enfants terr (small blind) showed [6d 7s] and lost with High card : Ace
Seat 3: P1xel7 (big blind) showed [3d Jc] and won 1180 with High card : Ace


Winamax Poker - Tournament "QUATTRO" buyIn: 1.80€ + 0.20€ level: 6 - HandId: #3085843992546377737-115-1702151264 - Holdem no limit (60/250/500) - 2023/12/09 19:47:44 UTC
Table: 'QUATTRO(718479043)#0008' 4-max (real money) Seat #1 is the button
Seat 1: enfants terr (26002, 0.90€ bounty)
Seat 3: P1xel7 (21157, 1.35€ bounty)
Seat 4: todoxDore (46630, 1.35€ bounty)
*** ANTE/BLINDS ***
P1xel7 posts ante 60
todoxDore posts ante 60
enfants terr posts ante 60
P1xel7 posts small blind 250
todoxDore posts big blind 500
Dealt to P1xel7 [4d 2h]
*** PRE-FLOP *** 
enfants terr folds
P1xel7 folds
todoxDore collected 930 from pot
*** SUMMARY ***
Total pot 930 | No rake
Seat 4: todoxDore (big blind) won 930


Winamax Poker - Tournament "QUATTRO" buyIn: 1.80€ + 0.20€ level: 6 - HandId: #3085843992546377737-116-1702151279 - Holdem no limit (60/250/500) - 2023/12/09 19:47:59 UTC
Table: 'QUATTRO(718479043)#0008' 4-max (real money) Seat #3 is the button
Seat 1: enfants terr (25942, 0.90€ bounty)
Seat 3: P1xel7 (20847, 1.35€ bounty)
Seat 4: todoxDore (47000, 1.35€ bounty)
*** ANTE/BLINDS ***
todoxDore posts ante 60
enfants terr posts ante 60
P1xel7 posts ante 60
todoxDore posts small blind 250
enfants terr posts big blind 500
Dealt to P1xel7 [6c 9s]
*** PRE-FLOP *** 
P1xel7 folds
todoxDore calls 250
enfants terr checks
*** FLOP *** [8c Qd 5s]
todoxDore checks
enfants terr checks
*** TURN *** [8c Qd 5s][Qs]
todoxDore bets 500
enfants terr calls 500
*** RIVER *** [8c Qd 5s Qs][6h]
todoxDore bets 763
enfants terr folds
todoxDore collected 2943 from pot
*** SUMMARY ***
Total pot 2943 | No rake
Board: [8c Qd 5s Qs 6h]
Seat 4: todoxDore (small blind) won 2943


Winamax Poker - Tournament "QUATTRO" buyIn: 1.80€ + 0.20€ level: 6 - HandId: #3085843992546377737-117-1702151336 - Holdem no limit (60/250/500) - 2023/12/09 19:48:56 UTC
Table: 'QUATTRO(718479043)#0008' 4-max (real money) Seat #4 is the button
Seat 1: enfants terr (24882, 0.90€ bounty)
Seat 3: P1xel7 (20787, 1.35€ bounty)
Seat 4: todoxDore (48120, 1.35€ bounty)
*** ANTE/BLINDS ***
enfants terr posts ante 60
P1xel7 posts ante 60
todoxDore posts ante 60
enfants terr posts small blind 250
P1xel7 posts big blind 500
Dealt to P1xel7 [7c 7h]
*** PRE-FLOP *** 
todoxDore folds
enfants terr raises 24322 to 24822 and is all-in
P1xel7 folds
enfants terr collected 25502 from pot
*** SUMMARY ***
Total pot 25502 | No rake
Seat 1: enfants terr (small blind) won 25502


Winamax Poker - Tournament "QUATTRO" buyIn: 1.80€ + 0.20€ level: 6 - HandId: #3085843992546377737-118-1702151362 - Holdem no limit (60/250/500) - 2023/12/09 19:49:22 UTC
Table: 'QUATTRO(718479043)#0008' 4-max (real money) Seat #1 is the button
Seat 1: enfants terr (25502, 0.90€ bounty)
Seat 3: P1xel7 (20227, 1.35€ bounty)
Seat 4: todoxDore (48060, 1.35€ bounty)
*** ANTE/BLINDS ***
P1xel7 posts ante 60
todoxDore posts ante 60
enfants terr posts ante 60
P1xel7 posts small blind 250
todoxDore posts big blind 500
Dealt to P1xel7 [6d Ah]
*** PRE-FLOP *** 
enfants terr folds
P1xel7 raises 600 to 1100
todoxDore calls 600
*** FLOP *** [Kh 4c 5c]
P1xel7 bets 1190
todoxDore folds
P1xel7 collected 3570 from pot
*** SUMMARY ***
Total pot 3570 | No rake
Board: [Kh 4c 5c]
Seat 3: P1xel7 (small blind) won 3570


Winamax Poker - Tournament "QUATTRO" buyIn: 1.80€ + 0.20€ level: 6 - HandId: #3085843992546377737-119-1702151382 - Holdem no limit (60/250/500) - 2023/12/09 19:49:42 UTC
Table: 'QUATTRO(718479043)#0008' 4-max (real money) Seat #3 is the button
Seat 1: enfants terr (25442, 0.90€ bounty)
Seat 3: P1xel7 (21447, 1.35€ bounty)
Seat 4: todoxDore (46900, 1.35€ bounty)
*** ANTE/BLINDS ***
todoxDore posts ante 60
enfants terr posts ante 60
P1xel7 posts ante 60
todoxDore posts small blind 250
enfants terr posts big blind 500
Dealt to P1xel7 [7h 6s]
*** PRE-FLOP *** 
P1xel7 folds
todoxDore calls 250
enfants terr checks
*** FLOP *** [Qh Kh 8d]
todoxDore checks
enfants terr checks
*** TURN *** [Qh Kh 8d][Th]
todoxDore checks
enfants terr bets 500
todoxDore calls 500
*** RIVER *** [Qh Kh 8d Th][9d]
todoxDore checks
enfants terr checks
*** SHOW DOWN ***
enfants terr shows [6h Ts] (One pair : Tens)
todoxDore shows [7d Jc] (Straight King high)
todoxDore collected 2180 from pot
*** SUMMARY ***
Total pot 2180 | No rake
Board: [Qh Kh 8d Th 9d]
Seat 1: enfants terr (big blind) showed [6h Ts] and lost with One pair : Tens
Seat 4: todoxDore (small blind) showed [7d Jc] and won 2180 with Straight King high


Winamax Poker - Tournament "QUATTRO" buyIn: 1.80€ + 0.20€ level: 6 - HandId: #3085843992546377737-120-1702151421 - Holdem no limit (60/250/500) - 2023/12/09 19:50:21 UTC
Table: 'QUATTRO(718479043)#0008' 4-max (real money) Seat #4 is the button
Seat 1: enfants terr (24382, 0.90€ bounty)
Seat 2: DraZiaPK (20000, 0.90€ bounty)
Seat 3: P1xel7 (21387, 1.35€ bounty)
Seat 4: todoxDore (48020, 1.35€ bounty)
*** ANTE/BLINDS ***
enfants terr posts ante 60
DraZiaPK posts ante 60
P1xel7 posts ante 60
todoxDore posts ante 60
enfants terr posts small blind 250
DraZiaPK posts big blind 500
Dealt to P1xel7 [9s 9c]
*** PRE-FLOP *** 
P1xel7 raises 1000 to 1500
todoxDore folds
enfants terr folds
DraZiaPK folds
P1xel7 collected 2490 from pot
*** SUMMARY ***
Total pot 2490 | No rake
Seat 3: P1xel7 won 2490


Winamax Poker - Tournament "QUATTRO" buyIn: 1.80€ + 0.20€ level: 6 - HandId: #3085843992546377737-121-1702151437 - Holdem no limit (60/250/500) - 2023/12/09 19:50:37 UTC
Table: 'QUATTRO(718479043)#0008' 4-max (real money) Seat #1 is the button
Seat 1: enfants terr (24072, 0.90€ bounty)
Seat 2: DraZiaPK (19440, 0.90€ bounty)
Seat 3: P1xel7 (22317, 1.35€ bounty)
Seat 4: todoxDore (47960, 1.35€ bounty)
*** ANTE/BLINDS ***
DraZiaPK posts ante 60
P1xel7 posts ante 60
enfants terr posts ante 60
todoxDore posts ante 60
DraZiaPK posts small blind 250
P1xel7 posts big blind 500
Dealt to P1xel7 [2d 5c]
*** PRE-FLOP *** 
todoxDore folds
enfants terr calls 500
DraZiaPK raises 1000 to 1500
P1xel7 folds
enfants terr calls 1000
*** FLOP *** [3d Ad Jh]
DraZiaPK bets 2431
enfants terr calls 2431
*** TURN *** [3d Ad Jh][As]
DraZiaPK checks
enfants terr bets 3011
DraZiaPK calls 3011
*** RIVER *** [3d Ad Jh As][Ts]
DraZiaPK checks
enfants terr checks
*** SHOW DOWN ***
enfants terr shows [Kd Jd] (Two pairs : Aces and Jacks)
DraZiaPK shows [Ah 9h] (Trips of Aces)
DraZiaPK collected 14624 from pot
*** SUMMARY ***
Total pot 14624 | No rake
Board: [3d Ad Jh As Ts]
Seat 1: enfants terr (button) showed [Kd Jd] and lost with Two pairs : Aces and Jacks
Seat 2: DraZiaPK (small blind) showed [Ah 9h] and won 14624 with Trips of Aces


Winamax Poker - Tournament "QUATTRO" buyIn: 1.80€ + 0.20€ level: 7 - HandId: #3085843992546377737-122-1702151488 - Holdem no limit (70/300/600) - 2023/12/09 19:51:28 UTC
Table: 'QUATTRO(718479043)#0008' 4-max (real money) Seat #2 is the button
Seat 1: enfants terr (17070, 0.90€ bounty)
Seat 2: DraZiaPK (27062, 0.90€ bounty)
Seat 3: P1xel7 (21757, 1.35€ bounty)
Seat 4: todoxDore (47900, 1.35€ bounty)
*** ANTE/BLINDS ***
P1xel7 posts ante 70
todoxDore posts ante 70
enfants terr posts ante 70
DraZiaPK posts ante 70
P1xel7 posts small blind 300
todoxDore posts big blind 600
Dealt to P1xel7 [Ad Ah]
*** PRE-FLOP *** 
enfants terr folds
DraZiaPK raises 750 to 1350
P1xel7 calls 1050
todoxDore folds
*** FLOP *** [Tc 5c Qc]
P1xel7 checks
DraZiaPK bets 2327
P1xel7 raises 2954 to 5281
DraZiaPK calls 2954
*** TURN *** [Tc 5c Qc][3c]
P1xel7 checks
DraZiaPK checks
*** RIVER *** [Tc 5c Qc 3c][As]
P1xel7 checks
DraZiaPK bets 14142
P1xel7 calls 14142
*** SHOW DOWN ***
P1xel7 shows [Ad Ah] (Trips of Aces)
DraZiaPK shows [8d Kc] (Flush King high)
DraZiaPK collected 42426 from pot
*** SUMMARY ***
Total pot 42426 | No rake
Board: [Tc 5c Qc 3c As]
Seat 2: DraZiaPK (button) showed [8d Kc] and won 42426 with Flush King high
Seat 3: P1xel7 (small blind) showed [Ad Ah] and lost with Trips of Aces


Winamax Poker - Tournament "QUATTRO" buyIn: 1.80€ + 0.20€ level: 7 - HandId: #3085843992546377737-123-1702151580 - Holdem no limit (70/300/600) - 2023/12/09 19:53:00 UTC
Table: 'QUATTRO(718479043)#0008' 4-max (real money) Seat #3 is the button
Seat 1: enfants terr (17000, 0.90€ bounty)
Seat 2: DraZiaPK (48645, 0.90€ bounty)
Seat 3: P1xel7 (914, 1.35€ bounty)
Seat 4: todoxDore (47230, 1.35€ bounty)
*** ANTE/BLINDS ***
todoxDore posts ante 70
enfants terr posts ante 70
DraZiaPK posts ante 70
P1xel7 posts ante 70
todoxDore posts small blind 300
enfants terr posts big blind 600
Dealt to P1xel7 [6s Jd]
*** PRE-FLOP *** 
DraZiaPK raises 750 to 1350
P1xel7 folds
todoxDore folds
enfants terr calls 750
*** FLOP *** [Ts Qh 3h]
enfants terr checks
DraZiaPK checks
*** TURN *** [Ts Qh 3h][Jh]
enfants terr bets 1148
DraZiaPK folds
enfants terr collected 4428 from pot
*** SUMMARY ***
Total pot 4428 | No rake
Board: [Ts Qh 3h Jh]
Seat 1: enfants terr (big blind) won 4428


Winamax Poker - Tournament "QUATTRO" buyIn: 1.80€ + 0.20€ level: 7 - HandId: #3085843992546377737-124-1702151613 - Holdem no limit (70/300/600) - 2023/12/09 19:53:33 UTC
Table: 'QUATTRO(718479043)#0008' 4-max (real money) Seat #4 is the button
Seat 1: enfants terr (18860, 0.90€ bounty)
Seat 2: DraZiaPK (47225, 0.90€ bounty)
Seat 3: P1xel7 (844, 1.35€ bounty)
Seat 4: todoxDore (46860, 1.35€ bounty)
*** ANTE/BLINDS ***
enfants terr posts ante 70
DraZiaPK posts ante 70
P1xel7 posts ante 70
todoxDore posts ante 70
enfants terr posts small blind 300
DraZiaPK posts big blind 600
Dealt to P1xel7 [7c 5s]
*** PRE-FLOP *** 
P1xel7 folds
todoxDore raises 600 to 1200
enfants terr folds
DraZiaPK folds
todoxDore collected 2380 from pot
*** SUMMARY ***
Total pot 2380 | No rake
Seat 4: todoxDore (button) won 2380


Winamax Poker - Tournament "QUATTRO" buyIn: 1.80€ + 0.20€ level: 7 - HandId: #3085843992546377737-125-1702151635 - Holdem no limit (70/300/600) - 2023/12/09 19:53:55 UTC
Table: 'QUATTRO(718479043)#0008' 4-max (real money) Seat #1 is the button
Seat 1: enfants terr (18490, 0.90€ bounty)
Seat 2: DraZiaPK (46555, 0.90€ bounty)
Seat 3: P1xel7 (774, 1.35€ bounty)
Seat 4: todoxDore (47970, 1.35€ bounty)
*** ANTE/BLINDS ***
DraZiaPK posts ante 70
P1xel7 posts ante 70
enfants terr posts ante 70
todoxDore posts ante 70
DraZiaPK posts small blind 300
P1xel7 posts big blind 600
Dealt to P1xel7 [6s 8s]
*** PRE-FLOP *** 
todoxDore raises 600 to 1200
enfants terr calls 1200
DraZiaPK folds
P1xel7 calls 104 and is all-in
*** FLOP *** [4s 7d Jc]
todoxDore bets 1842
enfants terr folds
*** TURN *** [4s 7d Jc][3c]
*** RIVER *** [4s 7d Jc 3c][8d]
*** SHOW DOWN ***
P1xel7 shows [6s 8s] (One pair : 8)
todoxDore shows [2d 2s] (One pair : 2)
todoxDore collected 2834 from side pot 1
P1xel7 collected 2692 from main pot
*** SUMMARY ***
Total pot 5526 | No rake
Board: [4s 7d Jc 3c 8d]
Seat 3: P1xel7 (big blind) showed [6s 8s] and won 2692 with One pair : 8
Seat 4: todoxDore showed [2d 2s] and won 2834 with One pair : 2


Winamax Poker - Tournament "QUATTRO" buyIn: 1.80€ + 0.20€ level: 7 - HandId: #3085843992546377737-126-1702151659 - Holdem no limit (70/300/600) - 2023/12/09 19:54:19 UTC
Table: 'QUATTRO(718479043)#0008' 4-max (real money) Seat #2 is the button
Seat 1: enfants terr (17220, 0.90€ bounty)
Seat 2: DraZiaPK (46185, 0.90€ bounty)
Seat 3: P1xel7 (2692, 1.35€ bounty)
Seat 4: todoxDore (47692, 1.35€ bounty)
*** ANTE/BLINDS ***
P1xel7 posts ante 70
todoxDore posts ante 70
enfants terr posts ante 70
DraZiaPK posts ante 70
P1xel7 posts small blind 300
todoxDore posts big blind 600
Dealt to P1xel7 [4c Qc]
*** PRE-FLOP *** 
enfants terr folds
DraZiaPK raises 1200 to 1800
P1xel7 raises 822 to 2622 and is all-in
todoxDore folds
DraZiaPK calls 822
*** FLOP *** [9d 8c Ks]
*** TURN *** [9d 8c Ks][Ac]
*** RIVER *** [9d 8c Ks Ac][Ad]
*** SHOW DOWN ***
P1xel7 shows [4c Qc] (One pair : Aces)
DraZiaPK shows [2d 2c] (Two pairs : Aces and 2)
DraZiaPK collected 6124 from pot
*** SUMMARY ***
Total pot 6124 | No rake
Board: [9d 8c Ks Ac Ad]
Seat 2: DraZiaPK (button) showed [2d 2c] and won 6124 with Two pairs : Aces and 2
Seat 3: P1xel7 (small blind) showed [4c Qc] and lost with One pair : Aces


