Winamax Poker - Tournament "AFTER FOOT" buyIn: 1.80€ + 0.20€ level: 1 - HandId: #3107150930164842502-1-1703281503 - Holdem no limit (25/100/200) - 2023/12/22 21:45:03 UTC
Table: 'AFTER FOOT(723439951)#005' 6-max (real money) Seat #6 is the button
Seat 1: PepoChef (20000, 0.90€ bounty)
Seat 2: Manuvir5984 (20000, 0.90€ bounty)
Seat 3: Don Skratchy (20000, 0.90€ bounty)
Seat 4: wmx-7c3dejv (20000, 0.90€ bounty)
Seat 5: P1xel7 (20000, 0.90€ bounty)
Seat 6: leBarbouille (20000, 0.90€ bounty)
*** ANTE/BLINDS ***
PepoChef posts ante 25
Manuvir5984 posts ante 25
Don Skratchy posts ante 25
wmx-7c3dejv posts ante 25
P1xel7 posts ante 25
leBarbouille posts ante 25
PepoChef posts small blind 100
Manuvir5984 posts big blind 200
Dealt to P1xel7 [Qc 8s]
*** PRE-FLOP *** 
Don Skratchy folds
wmx-7c3dejv calls 200
P1xel7 folds
leBarbouille calls 200
PepoChef calls 100
Manuvir5984 checks
*** FLOP *** [8c 8d 3s]
PepoChef checks
Manuvir5984 checks
wmx-7c3dejv bets 333
leBarbouille calls 333
PepoChef calls 333
Manuvir5984 folds
*** TURN *** [8c 8d 3s][7d]
PepoChef checks
wmx-7c3dejv bets 682
leBarbouille folds
PepoChef raises 1382 to 2064
wmx-7c3dejv folds
PepoChef collected 4695 from pot
*** SUMMARY ***
Total pot 4695 | No rake
Board: [8c 8d 3s 7d]
Seat 1: PepoChef (small blind) won 4695


Winamax Poker - Tournament "AFTER FOOT" buyIn: 1.80€ + 0.20€ level: 1 - HandId: #3107150930164842502-2-1703281598 - Holdem no limit (25/100/200) - 2023/12/22 21:46:38 UTC
Table: 'AFTER FOOT(723439951)#005' 6-max (real money) Seat #1 is the button
Seat 1: PepoChef (22073, 0.90€ bounty)
Seat 2: Manuvir5984 (19775, 0.90€ bounty)
Seat 3: Don Skratchy (19975, 0.90€ bounty)
Seat 4: wmx-7c3dejv (18760, 0.90€ bounty)
Seat 5: P1xel7 (19975, 0.90€ bounty)
Seat 6: leBarbouille (19442, 0.90€ bounty)
*** ANTE/BLINDS ***
Manuvir5984 posts ante 25
Don Skratchy posts ante 25
PepoChef posts ante 25
wmx-7c3dejv posts ante 25
P1xel7 posts ante 25
leBarbouille posts ante 25
Manuvir5984 posts small blind 100
Don Skratchy posts big blind 200
Dealt to P1xel7 [3h 6d]
*** PRE-FLOP *** 
wmx-7c3dejv folds
P1xel7 folds
leBarbouille folds
PepoChef raises 200 to 400
Manuvir5984 folds
Don Skratchy raises 800 to 1200
PepoChef calls 800
*** FLOP *** [2h Kc 7h]
Don Skratchy bets 927
PepoChef folds
Don Skratchy collected 3577 from pot
*** SUMMARY ***
Total pot 3577 | No rake
Board: [2h Kc 7h]
Seat 3: Don Skratchy (big blind) won 3577


Winamax Poker - Tournament "AFTER FOOT" buyIn: 1.80€ + 0.20€ level: 1 - HandId: #3107150930164842593-1-1703281642 - Holdem no limit (25/100/200) - 2023/12/22 21:47:22 UTC
Table: 'AFTER FOOT(723439951)#096' 6-max (real money) Seat #1 is the button
Seat 1: P1xel7 (19950, 0.90€ bounty)
Seat 2: Davizm (19950, 0.90€ bounty)
Seat 4: granlic (20000, 0.90€ bounty)
Seat 5: Vict0rio7 (19950, 0.90€ bounty)
Seat 6: lapin59800 (19400, 0.90€ bounty)
*** ANTE/BLINDS ***
Davizm posts ante 25
granlic posts ante 25
P1xel7 posts ante 25
Davizm posts small blind 100
granlic posts big blind 200
Dealt to P1xel7 [6c Qs]
*** PRE-FLOP *** 
P1xel7 folds
Davizm folds
granlic collected 375 from pot
*** SUMMARY ***
Total pot 375 | No rake
Seat 4: granlic (big blind) won 375


Winamax Poker - Tournament "AFTER FOOT" buyIn: 1.80€ + 0.20€ level: 1 - HandId: #3107150930164842593-2-1703281652 - Holdem no limit (25/100/200) - 2023/12/22 21:47:32 UTC
Table: 'AFTER FOOT(723439951)#096' 6-max (real money) Seat #2 is the button
Seat 1: P1xel7 (19925, 0.90€ bounty)
Seat 2: Davizm (19825, 0.90€ bounty)
Seat 3: Trolleman_83 (20000, 0.90€ bounty)
Seat 4: granlic (20150, 0.90€ bounty)
Seat 5: Vict0rio7 (19950, 0.90€ bounty)
Seat 6: lapin59800 (19400, 0.90€ bounty)
*** ANTE/BLINDS ***
granlic posts ante 25
Vict0rio7 posts ante 25
P1xel7 posts ante 25
Davizm posts ante 25
lapin59800 posts ante 25
granlic posts small blind 100
Vict0rio7 posts big blind 200
Dealt to P1xel7 [5d 9d]
*** PRE-FLOP *** 
lapin59800 raises 625 to 825
P1xel7 folds
Davizm folds
granlic folds
Vict0rio7 calls 625
*** FLOP *** [Jd 8h 9c]
Vict0rio7 checks
lapin59800 checks
*** TURN *** [Jd 8h 9c][4c]
Vict0rio7 bets 656
lapin59800 folds
Vict0rio7 collected 2531 from pot
*** SUMMARY ***
Total pot 2531 | No rake
Board: [Jd 8h 9c 4c]
Seat 5: Vict0rio7 (big blind) won 2531


Winamax Poker - Tournament "AFTER FOOT" buyIn: 1.80€ + 0.20€ level: 1 - HandId: #3107150930164842593-3-1703281697 - Holdem no limit (25/100/200) - 2023/12/22 21:48:17 UTC
Table: 'AFTER FOOT(723439951)#096' 6-max (real money) Seat #4 is the button
Seat 1: P1xel7 (19900, 0.90€ bounty)
Seat 2: Davizm (19800, 0.90€ bounty)
Seat 3: Trolleman_83 (20000, 0.90€ bounty)
Seat 4: granlic (20025, 0.90€ bounty)
Seat 5: Vict0rio7 (20975, 0.90€ bounty)
Seat 6: lapin59800 (18550, 0.90€ bounty)
*** ANTE/BLINDS ***
Vict0rio7 posts ante 25
lapin59800 posts ante 25
P1xel7 posts ante 25
Davizm posts ante 25
Trolleman_83 posts ante 25
granlic posts ante 25
Vict0rio7 posts small blind 100
lapin59800 posts big blind 200
Dealt to P1xel7 [3h 6s]
*** PRE-FLOP *** 
P1xel7 folds
Davizm folds
Trolleman_83 folds
granlic folds
Vict0rio7 calls 100
lapin59800 raises 550 to 750
Vict0rio7 calls 550
*** FLOP *** [9d Ad 4s]
Vict0rio7 checks
lapin59800 bets 1650
Vict0rio7 folds
lapin59800 collected 3300 from pot
*** SUMMARY ***
Total pot 3300 | No rake
Board: [9d Ad 4s]
Seat 6: lapin59800 (big blind) won 3300


Winamax Poker - Tournament "AFTER FOOT" buyIn: 1.80€ + 0.20€ level: 1 - HandId: #3107150930164842593-4-1703281743 - Holdem no limit (25/100/200) - 2023/12/22 21:49:03 UTC
Table: 'AFTER FOOT(723439951)#096' 6-max (real money) Seat #5 is the button
Seat 1: P1xel7 (19875, 0.90€ bounty)
Seat 2: Davizm (19775, 0.90€ bounty)
Seat 3: Trolleman_83 (19975, 0.90€ bounty)
Seat 4: granlic (20000, 0.90€ bounty)
Seat 5: Vict0rio7 (20200, 0.90€ bounty)
Seat 6: lapin59800 (19425, 0.90€ bounty)
*** ANTE/BLINDS ***
lapin59800 posts ante 25
P1xel7 posts ante 25
Davizm posts ante 25
Trolleman_83 posts ante 25
granlic posts ante 25
Vict0rio7 posts ante 25
lapin59800 posts small blind 100
P1xel7 posts big blind 200
Dealt to P1xel7 [7h 4h]
*** PRE-FLOP *** 
Davizm folds
Trolleman_83 folds
granlic folds
Vict0rio7 folds
lapin59800 raises 400 to 600
P1xel7 folds
lapin59800 collected 950 from pot
*** SUMMARY ***
Total pot 950 | No rake
Seat 6: lapin59800 (small blind) won 950


Winamax Poker - Tournament "AFTER FOOT" buyIn: 1.80€ + 0.20€ level: 1 - HandId: #3107150930164842593-5-1703281770 - Holdem no limit (25/100/200) - 2023/12/22 21:49:30 UTC
Table: 'AFTER FOOT(723439951)#096' 6-max (real money) Seat #6 is the button
Seat 1: P1xel7 (19650, 0.90€ bounty)
Seat 2: Davizm (19750, 0.90€ bounty)
Seat 4: granlic (19975, 0.90€ bounty)
Seat 5: Vict0rio7 (20175, 0.90€ bounty)
Seat 6: lapin59800 (19750, 0.90€ bounty)
*** ANTE/BLINDS ***
P1xel7 posts ante 25
Davizm posts ante 25
granlic posts ante 25
Vict0rio7 posts ante 25
lapin59800 posts ante 25
P1xel7 posts small blind 100
Davizm posts big blind 200
Dealt to P1xel7 [6s Jd]
*** PRE-FLOP *** 
granlic folds
Vict0rio7 folds
lapin59800 raises 300 to 500
P1xel7 folds
Davizm folds
lapin59800 collected 925 from pot
*** SUMMARY ***
Total pot 925 | No rake
Seat 6: lapin59800 (button) won 925


Winamax Poker - Tournament "AFTER FOOT" buyIn: 1.80€ + 0.20€ level: 1 - HandId: #3107150930164842593-6-1703281806 - Holdem no limit (25/100/200) - 2023/12/22 21:50:06 UTC
Table: 'AFTER FOOT(723439951)#096' 6-max (real money) Seat #1 is the button
Seat 1: P1xel7 (19525, 0.90€ bounty)
Seat 2: Davizm (19525, 0.90€ bounty)
Seat 3: Affable_4554 (20000, 0.90€ bounty)
Seat 4: granlic (19950, 0.90€ bounty)
Seat 5: Vict0rio7 (20150, 0.90€ bounty)
Seat 6: lapin59800 (20150, 0.90€ bounty)
*** ANTE/BLINDS ***
Davizm posts ante 25
Affable_4554 posts ante 25
P1xel7 posts ante 25
granlic posts ante 25
Vict0rio7 posts ante 25
lapin59800 posts ante 25
Davizm posts small blind 100
Affable_4554 posts big blind 200
Dealt to P1xel7 [Qc 2h]
*** PRE-FLOP *** 
granlic folds
Vict0rio7 raises 200 to 400
lapin59800 raises 1250 to 1650
P1xel7 folds
Davizm folds
Affable_4554 raises 18325 to 19975 and is all-in
Vict0rio7 raises 150 to 20125 and is all-in
lapin59800 folds
*** FLOP *** [5c Tc 3d]
*** TURN *** [5c Tc 3d][4h]
*** RIVER *** [5c Tc 3d 4h][9h]
*** SHOW DOWN ***
Affable_4554 shows [2s 2d] (One pair : 2)
Vict0rio7 shows [Ac Kd] (High card : Ace)
Vict0rio7 collected 150 from side pot 1
Affable_4554 collected 41850 from main pot
*** SUMMARY ***
Total pot 42000 | No rake
Board: [5c Tc 3d 4h 9h]
Seat 3: Affable_4554 (big blind) showed [2s 2d] and won 41850 with One pair : 2
Seat 5: Vict0rio7 showed [Ac Kd] and won 150 with High card : Ace


Winamax Poker - Tournament "AFTER FOOT" buyIn: 1.80€ + 0.20€ level: 1 - HandId: #3107150930164842593-7-1703281877 - Holdem no limit (25/100/200) - 2023/12/22 21:51:17 UTC
Table: 'AFTER FOOT(723439951)#096' 6-max (real money) Seat #2 is the button
Seat 1: P1xel7 (19500, 0.90€ bounty)
Seat 2: Davizm (19400, 0.90€ bounty)
Seat 3: Affable_4554 (41850, 0.90€ bounty)
Seat 4: granlic (19925, 0.90€ bounty)
Seat 6: lapin59800 (18475, 0.90€ bounty)
*** ANTE/BLINDS ***
Affable_4554 posts ante 25
granlic posts ante 25
P1xel7 posts ante 25
Davizm posts ante 25
lapin59800 posts ante 25
Affable_4554 posts small blind 100
granlic posts big blind 200
Dealt to P1xel7 [8s 5h]
*** PRE-FLOP *** 
lapin59800 raises 2456 to 2656
P1xel7 folds
Davizm folds
Affable_4554 raises 39169 to 41825 and is all-in
granlic folds
lapin59800 calls 15794 and is all-in
*** FLOP *** [Jc 5c 9h]
*** TURN *** [Jc 5c 9h][2d]
*** RIVER *** [Jc 5c 9h 2d][6c]
*** SHOW DOWN ***
lapin59800 shows [Ks Td] (High card : King)
Affable_4554 shows [Qc Jd] (One pair : Jacks)
Affable_4554 collected 60600 from pot
*** SUMMARY ***
Total pot 60600 | No rake
Board: [Jc 5c 9h 2d 6c]
Seat 3: Affable_4554 (small blind) showed [Qc Jd] and won 60600 with One pair : Jacks
Seat 6: lapin59800 showed [Ks Td] and lost with High card : King


Winamax Poker - Tournament "AFTER FOOT" buyIn: 1.80€ + 0.20€ level: 1 - HandId: #3107150930164842593-8-1703281902 - Holdem no limit (25/100/200) - 2023/12/22 21:51:42 UTC
Table: 'AFTER FOOT(723439951)#096' 6-max (real money) Seat #3 is the button
Seat 1: P1xel7 (19475, 0.90€ bounty)
Seat 2: Davizm (19375, 0.90€ bounty)
Seat 3: Affable_4554 (60600, 1.35€ bounty)
Seat 4: granlic (19700, 0.90€ bounty)
Seat 5: ch0ubaka (20000, 0.90€ bounty)
*** ANTE/BLINDS ***
granlic posts ante 25
ch0ubaka posts ante 25
P1xel7 posts ante 25
Davizm posts ante 25
Affable_4554 posts ante 25
granlic posts small blind 100
ch0ubaka posts big blind 200
Dealt to P1xel7 [8c 4c]
*** PRE-FLOP *** 
P1xel7 folds
Davizm folds
Affable_4554 calls 200
granlic calls 100
ch0ubaka checks
*** FLOP *** [4d 6s 9c]
granlic checks
ch0ubaka checks
Affable_4554 checks
*** TURN *** [4d 6s 9c][Ks]
granlic checks
ch0ubaka bets 254
Affable_4554 calls 254
granlic calls 254
*** RIVER *** [4d 6s 9c Ks][6h]
granlic bets 844
ch0ubaka folds
Affable_4554 folds
granlic collected 2331 from pot
*** SUMMARY ***
Total pot 2331 | No rake
Board: [4d 6s 9c Ks 6h]
Seat 4: granlic (small blind) won 2331


Winamax Poker - Tournament "AFTER FOOT" buyIn: 1.80€ + 0.20€ level: 1 - HandId: #3107150930164842593-9-1703281965 - Holdem no limit (25/100/200) - 2023/12/22 21:52:45 UTC
Table: 'AFTER FOOT(723439951)#096' 6-max (real money) Seat #4 is the button
Seat 1: P1xel7 (19450, 0.90€ bounty)
Seat 2: Davizm (19350, 0.90€ bounty)
Seat 3: Affable_4554 (60121, 1.35€ bounty)
Seat 4: granlic (20708, 0.90€ bounty)
Seat 5: ch0ubaka (19521, 0.90€ bounty)
Seat 6: ShoveQuiPue (20000, 0.90€ bounty)
*** ANTE/BLINDS ***
ch0ubaka posts ante 25
ShoveQuiPue posts ante 25
P1xel7 posts ante 25
Davizm posts ante 25
Affable_4554 posts ante 25
granlic posts ante 25
ch0ubaka posts small blind 100
ShoveQuiPue posts big blind 200
Dealt to P1xel7 [8s 5h]
*** PRE-FLOP *** 
P1xel7 folds
Davizm folds
Affable_4554 raises 300 to 500
granlic folds
ch0ubaka folds
ShoveQuiPue calls 300
*** FLOP *** [2d Ah Qd]
ShoveQuiPue checks
Affable_4554 bets 700
ShoveQuiPue calls 700
*** TURN *** [2d Ah Qd][8c]
ShoveQuiPue checks
Affable_4554 checks
*** RIVER *** [2d Ah Qd 8c][3s]
ShoveQuiPue bets 2650
Affable_4554 folds
ShoveQuiPue collected 5300 from pot
*** SUMMARY ***
Total pot 5300 | No rake
Board: [2d Ah Qd 8c 3s]
Seat 6: ShoveQuiPue (big blind) won 5300


Winamax Poker - Tournament "AFTER FOOT" buyIn: 1.80€ + 0.20€ level: 1 - HandId: #3107150930164842593-10-1703282002 - Holdem no limit (25/100/200) - 2023/12/22 21:53:22 UTC
Table: 'AFTER FOOT(723439951)#096' 6-max (real money) Seat #5 is the button
Seat 1: P1xel7 (19425, 0.90€ bounty)
Seat 2: Davizm (19325, 0.90€ bounty)
Seat 3: Affable_4554 (58896, 1.35€ bounty)
Seat 4: granlic (20683, 0.90€ bounty)
Seat 5: ch0ubaka (19396, 0.90€ bounty)
Seat 6: ShoveQuiPue (21425, 0.90€ bounty)
*** ANTE/BLINDS ***
ShoveQuiPue posts ante 25
P1xel7 posts ante 25
Davizm posts ante 25
Affable_4554 posts ante 25
granlic posts ante 25
ch0ubaka posts ante 25
ShoveQuiPue posts small blind 100
P1xel7 posts big blind 200
Dealt to P1xel7 [Kd Ks]
*** PRE-FLOP *** 
Davizm folds
Affable_4554 folds
granlic raises 500 to 700
ch0ubaka folds
ShoveQuiPue folds
P1xel7 raises 1300 to 2000
granlic calls 1300
*** FLOP *** [6d Kc 3s]
P1xel7 bets 1063
granlic calls 1063
*** TURN *** [6d Kc 3s][6c]
P1xel7 checks
granlic bets 4144
P1xel7 calls 4144
*** RIVER *** [6d Kc 3s 6c][2d]
P1xel7 bets 7332
granlic calls 7332
*** SHOW DOWN ***
granlic shows [Ad Kh] (Two pairs : Kings and 6)
P1xel7 shows [Kd Ks] (Full of Kings and 6)
P1xel7 collected 29328 from pot
*** SUMMARY ***
Total pot 29328 | No rake
Board: [6d Kc 3s 6c 2d]
Seat 1: P1xel7 (big blind) showed [Kd Ks] and won 29328 with Full of Kings and 6
Seat 4: granlic showed [Ad Kh] and lost with Two pairs : Kings and 6


Winamax Poker - Tournament "AFTER FOOT" buyIn: 1.80€ + 0.20€ level: 1 - HandId: #3107150930164842593-11-1703282461 - Holdem no limit (25/100/200) - 2023/12/22 22:01:01 UTC
Table: 'AFTER FOOT(723439951)#096' 6-max (real money) Seat #6 is the button
Seat 1: P1xel7 (34189, 0.90€ bounty)
Seat 2: Davizm (19300, 0.90€ bounty)
Seat 3: Affable_4554 (58871, 1.35€ bounty)
Seat 4: granlic (6119, 0.90€ bounty)
Seat 5: ch0ubaka (19371, 0.90€ bounty)
Seat 6: ShoveQuiPue (21300, 0.90€ bounty)
*** ANTE/BLINDS ***
P1xel7 posts ante 25
Davizm posts ante 25
Affable_4554 posts ante 25
granlic posts ante 25
ch0ubaka posts ante 25
ShoveQuiPue posts ante 25
P1xel7 posts small blind 100
Davizm posts big blind 200
Dealt to P1xel7 [3s 9d]
*** PRE-FLOP *** 
Affable_4554 folds
granlic raises 500 to 700
ch0ubaka folds
ShoveQuiPue folds
P1xel7 folds
Davizm folds
granlic collected 1150 from pot
*** SUMMARY ***
Total pot 1150 | No rake
Seat 4: granlic won 1150


Winamax Poker - Tournament "AFTER FOOT" buyIn: 1.80€ + 0.20€ level: 1 - HandId: #3107150930164842593-12-1703282503 - Holdem no limit (25/100/200) - 2023/12/22 22:01:43 UTC
Table: 'AFTER FOOT(723439951)#096' 6-max (real money) Seat #1 is the button
Seat 1: P1xel7 (34064, 0.90€ bounty)
Seat 2: Davizm (19075, 0.90€ bounty)
Seat 3: Affable_4554 (58846, 1.35€ bounty)
Seat 4: granlic (6544, 0.90€ bounty)
Seat 5: ch0ubaka (19346, 0.90€ bounty)
Seat 6: ShoveQuiPue (21275, 0.90€ bounty)
*** ANTE/BLINDS ***
Davizm posts ante 25
Affable_4554 posts ante 25
P1xel7 posts ante 25
granlic posts ante 25
ch0ubaka posts ante 25
ShoveQuiPue posts ante 25
Davizm posts small blind 100
Affable_4554 posts big blind 200
Dealt to P1xel7 [5c 6c]
*** PRE-FLOP *** 
granlic calls 200
ch0ubaka folds
ShoveQuiPue calls 200
P1xel7 folds
Davizm calls 100
Affable_4554 checks
*** FLOP *** [5d Ad 3c]
Davizm checks
Affable_4554 checks
granlic checks
ShoveQuiPue checks
*** TURN *** [5d Ad 3c][8h]
Davizm checks
Affable_4554 checks
granlic checks
ShoveQuiPue checks
*** RIVER *** [5d Ad 3c 8h][8c]
Davizm checks
Affable_4554 checks
granlic checks
ShoveQuiPue bets 1425
Davizm folds
Affable_4554 folds
granlic folds
ShoveQuiPue collected 2375 from pot
*** SUMMARY ***
Total pot 2375 | No rake
Board: [5d Ad 3c 8h 8c]
Seat 6: ShoveQuiPue won 2375


Winamax Poker - Tournament "AFTER FOOT" buyIn: 1.80€ + 0.20€ level: 1 - HandId: #3107150930164842593-13-1703282624 - Holdem no limit (25/100/200) - 2023/12/22 22:03:44 UTC
Table: 'AFTER FOOT(723439951)#096' 6-max (real money) Seat #2 is the button
Seat 1: P1xel7 (34039, 0.90€ bounty)
Seat 2: Davizm (18850, 0.90€ bounty)
Seat 3: Affable_4554 (58621, 1.35€ bounty)
Seat 4: granlic (6319, 0.90€ bounty)
Seat 6: ShoveQuiPue (22000, 0.90€ bounty)
*** ANTE/BLINDS ***
Affable_4554 posts ante 25
granlic posts ante 25
P1xel7 posts ante 25
Davizm posts ante 25
ShoveQuiPue posts ante 25
Affable_4554 posts small blind 100
granlic posts big blind 200
Dealt to P1xel7 [7d 9h]
*** PRE-FLOP *** 
ShoveQuiPue raises 250 to 450
P1xel7 folds
Davizm raises 675 to 1125
Affable_4554 raises 57471 to 58596 and is all-in
granlic folds
ShoveQuiPue calls 21525 and is all-in
Davizm calls 17700 and is all-in
*** FLOP *** [Kc 6s 5h]
*** TURN *** [Kc 6s 5h][4h]
*** RIVER *** [Kc 6s 5h 4h][5s]
*** SHOW DOWN ***
Davizm shows [As Ks] (Two pairs : Kings and 5)
Affable_4554 shows [Ah Jh] (One pair : 5)
ShoveQuiPue shows [Kh Qh] (Two pairs : Kings and 5)
ShoveQuiPue collected 6300 from side pot 1
Affable_4554 collected 36621 from side pot 2
Davizm collected 56800 from main pot
*** SUMMARY ***
Total pot 99721 | No rake
Board: [Kc 6s 5h 4h 5s]
Seat 2: Davizm (button) showed [As Ks] and won 56800 with Two pairs : Kings and 5
Seat 3: Affable_4554 (small blind) showed [Ah Jh] and won 36621 with One pair : 5
Seat 6: ShoveQuiPue showed [Kh Qh] and won 6300 with Two pairs : Kings and 5


Winamax Poker - Tournament "AFTER FOOT" buyIn: 1.80€ + 0.20€ level: 2 - HandId: #3107150930164842593-14-1703282662 - Holdem no limit (30/125/250) - 2023/12/22 22:04:22 UTC
Table: 'AFTER FOOT(723439951)#096' 6-max (real money) Seat #3 is the button
Seat 1: P1xel7 (34014, 0.90€ bounty)
Seat 2: Davizm (56800, 0.90€ bounty)
Seat 3: Affable_4554 (36621, 1.35€ bounty)
Seat 4: granlic (6094, 0.90€ bounty)
Seat 5: lion li (20000, 0.90€ bounty)
Seat 6: ShoveQuiPue (6300, 0.90€ bounty)
*** ANTE/BLINDS ***
granlic posts ante 30
lion li posts ante 30
P1xel7 posts ante 30
Davizm posts ante 30
Affable_4554 posts ante 30
ShoveQuiPue posts ante 30
granlic posts small blind 125
lion li posts big blind 250
Dealt to P1xel7 [8h 9h]
*** PRE-FLOP *** 
ShoveQuiPue folds
P1xel7 folds
Davizm raises 500 to 750
Affable_4554 calls 750
granlic folds
lion li calls 500
*** FLOP *** [Qh 3c Js]
lion li checks
Davizm bets 1019
Affable_4554 raises 1019 to 2038
lion li folds
Davizm folds
Affable_4554 collected 5612 from pot
*** SUMMARY ***
Total pot 5612 | No rake
Board: [Qh 3c Js]
Seat 3: Affable_4554 (button) won 5612


Winamax Poker - Tournament "AFTER FOOT" buyIn: 1.80€ + 0.20€ level: 2 - HandId: #3107150930164842593-15-1703282731 - Holdem no limit (30/125/250) - 2023/12/22 22:05:31 UTC
Table: 'AFTER FOOT(723439951)#096' 6-max (real money) Seat #4 is the button
Seat 1: P1xel7 (33984, 0.90€ bounty)
Seat 2: Davizm (55001, 0.90€ bounty)
Seat 3: Affable_4554 (39415, 1.35€ bounty)
Seat 4: granlic (5939, 0.90€ bounty)
Seat 5: lion li (19220, 0.90€ bounty)
Seat 6: ShoveQuiPue (6270, 0.90€ bounty)
*** ANTE/BLINDS ***
lion li posts ante 30
ShoveQuiPue posts ante 30
P1xel7 posts ante 30
Davizm posts ante 30
Affable_4554 posts ante 30
granlic posts ante 30
lion li posts small blind 125
ShoveQuiPue posts big blind 250
Dealt to P1xel7 [8h 6c]
*** PRE-FLOP *** 
P1xel7 folds
Davizm folds
Affable_4554 calls 250
granlic calls 250
lion li calls 125
ShoveQuiPue raises 5990 to 6240 and is all-in
Affable_4554 raises 33145 to 39385 and is all-in
granlic calls 5659 and is all-in
lion li folds
*** FLOP *** [4s 5c As]
*** TURN *** [4s 5c As][8c]
*** RIVER *** [4s 5c As 8c][9h]
*** SHOW DOWN ***
granlic shows [Qs Js] (High card : Ace)
Affable_4554 shows [7d 4d] (One pair : 4)
ShoveQuiPue shows [9s 6s] (One pair : 9)
ShoveQuiPue collected 18819 from main pot
Affable_4554 collected 33145 from side pot 1
*** SUMMARY ***
Total pot 51964 | No rake
Board: [4s 5c As 8c 9h]
Seat 3: Affable_4554 showed [7d 4d] and won 33145 with One pair : 4
Seat 4: granlic (button) showed [Qs Js] and lost with High card : Ace
Seat 6: ShoveQuiPue (big blind) showed [9s 6s] and won 18819 with One pair : 9


Winamax Poker - Tournament "AFTER FOOT" buyIn: 1.80€ + 0.20€ level: 2 - HandId: #3107150930164842593-16-1703282760 - Holdem no limit (30/125/250) - 2023/12/22 22:06:00 UTC
Table: 'AFTER FOOT(723439951)#096' 6-max (real money) Seat #5 is the button
Seat 1: P1xel7 (33954, 0.90€ bounty)
Seat 2: Davizm (54971, 0.90€ bounty)
Seat 3: Affable_4554 (33145, 1.35€ bounty)
Seat 5: lion li (18940, 0.90€ bounty)
Seat 6: ShoveQuiPue (18819, 1.35€ bounty)
*** ANTE/BLINDS ***
ShoveQuiPue posts ante 30
P1xel7 posts ante 30
Davizm posts ante 30
Affable_4554 posts ante 30
lion li posts ante 30
ShoveQuiPue posts small blind 125
P1xel7 posts big blind 250
Dealt to P1xel7 [6d 8s]
*** PRE-FLOP *** 
Davizm folds
Affable_4554 folds
lion li raises 375 to 625
ShoveQuiPue calls 500
P1xel7 folds
*** FLOP *** [Qc Kh Jc]
ShoveQuiPue checks
lion li bets 578
ShoveQuiPue folds
lion li collected 2228 from pot
*** SUMMARY ***
Total pot 2228 | No rake
Board: [Qc Kh Jc]
Seat 5: lion li (button) won 2228


Winamax Poker - Tournament "AFTER FOOT" buyIn: 1.80€ + 0.20€ level: 2 - HandId: #3107150930164842593-17-1703282781 - Holdem no limit (30/125/250) - 2023/12/22 22:06:21 UTC
Table: 'AFTER FOOT(723439951)#096' 6-max (real money) Seat #6 is the button
Seat 1: P1xel7 (33674, 0.90€ bounty)
Seat 2: Davizm (54941, 0.90€ bounty)
Seat 3: Affable_4554 (33115, 1.35€ bounty)
Seat 4: Theraphosa (20000, 0.90€ bounty)
Seat 5: lion li (19935, 0.90€ bounty)
Seat 6: ShoveQuiPue (18164, 1.35€ bounty)
*** ANTE/BLINDS ***
P1xel7 posts ante 30
Davizm posts ante 30
Affable_4554 posts ante 30
Theraphosa posts ante 30
lion li posts ante 30
ShoveQuiPue posts ante 30
P1xel7 posts small blind 125
Davizm posts big blind 250
Dealt to P1xel7 [Ah 7s]
*** PRE-FLOP *** 
Affable_4554 calls 250
Theraphosa folds
lion li folds
ShoveQuiPue folds
P1xel7 folds
Davizm raises 500 to 750
Affable_4554 calls 500
*** FLOP *** [2h 9d Kh]
Davizm bets 903
Affable_4554 raises 903 to 1806
Davizm calls 903
*** TURN *** [2h 9d Kh][9s]
Davizm checks
Affable_4554 bets 1896
Davizm calls 1896
*** RIVER *** [2h 9d Kh 9s][Jd]
Davizm bets 4855
Affable_4554 calls 4855
*** SHOW DOWN ***
Affable_4554 shows [7h Ks] (Two pairs : Kings and 9)
Davizm shows [As Kc] (Two pairs : Kings and 9)
Davizm collected 18919 from pot
*** SUMMARY ***
Total pot 18919 | No rake
Board: [2h 9d Kh 9s Jd]
Seat 2: Davizm (big blind) showed [As Kc] and won 18919 with Two pairs : Kings and 9
Seat 3: Affable_4554 showed [7h Ks] and lost with Two pairs : Kings and 9


Winamax Poker - Tournament "AFTER FOOT" buyIn: 1.80€ + 0.20€ level: 3 - HandId: #3107150930164842593-18-1703282856 - Holdem no limit (35/150/300) - 2023/12/22 22:07:36 UTC
Table: 'AFTER FOOT(723439951)#096' 6-max (real money) Seat #1 is the button
Seat 1: P1xel7 (33519, 0.90€ bounty)
Seat 2: Davizm (64523, 0.90€ bounty)
Seat 3: Affable_4554 (23778, 1.35€ bounty)
Seat 4: Theraphosa (19970, 0.90€ bounty)
Seat 5: lion li (19905, 0.90€ bounty)
Seat 6: ShoveQuiPue (18134, 1.35€ bounty)
*** ANTE/BLINDS ***
Davizm posts ante 35
Affable_4554 posts ante 35
P1xel7 posts ante 35
Theraphosa posts ante 35
lion li posts ante 35
ShoveQuiPue posts ante 35
Davizm posts small blind 150
Affable_4554 posts big blind 300
Dealt to P1xel7 [As 7s]
*** PRE-FLOP *** 
Theraphosa raises 450 to 750
lion li folds
ShoveQuiPue folds
P1xel7 calls 750
Davizm folds
Affable_4554 calls 450
*** FLOP *** [5s Th 9h]
Affable_4554 checks
Theraphosa bets 1305
P1xel7 folds
Affable_4554 calls 1305
*** TURN *** [5s Th 9h][4d]
Affable_4554 checks
Theraphosa bets 2610
Affable_4554 folds
Theraphosa collected 7830 from pot
*** SUMMARY ***
Total pot 7830 | No rake
Board: [5s Th 9h 4d]
Seat 4: Theraphosa won 7830


Winamax Poker - Tournament "AFTER FOOT" buyIn: 1.80€ + 0.20€ level: 3 - HandId: #3107150930164842593-19-1703282912 - Holdem no limit (35/150/300) - 2023/12/22 22:08:32 UTC
Table: 'AFTER FOOT(723439951)#096' 6-max (real money) Seat #2 is the button
Seat 1: P1xel7 (32734, 0.90€ bounty)
Seat 2: Davizm (64338, 0.90€ bounty)
Seat 3: Affable_4554 (21688, 1.35€ bounty)
Seat 4: Theraphosa (23100, 0.90€ bounty)
Seat 5: lion li (19870, 0.90€ bounty)
Seat 6: ShoveQuiPue (18099, 1.35€ bounty)
*** ANTE/BLINDS ***
Affable_4554 posts ante 35
Theraphosa posts ante 35
P1xel7 posts ante 35
Davizm posts ante 35
lion li posts ante 35
ShoveQuiPue posts ante 35
Affable_4554 posts small blind 150
Theraphosa posts big blind 300
Dealt to P1xel7 [4s 2d]
*** PRE-FLOP *** 
lion li folds
ShoveQuiPue folds
P1xel7 folds
Davizm raises 600 to 900
Affable_4554 raises 20753 to 21653 and is all-in
Theraphosa raises 1412 to 23065 and is all-in
Davizm folds
*** FLOP *** [Kh 4c 5h]
*** TURN *** [Kh 4c 5h][9h]
*** RIVER *** [Kh 4c 5h 9h][7d]
*** SHOW DOWN ***
Affable_4554 shows [Tc Td] (One pair : Tens)
Theraphosa shows [Js Jd] (One pair : Jacks)
Theraphosa collected 45828 from pot
*** SUMMARY ***
Total pot 45828 | No rake
Board: [Kh 4c 5h 9h 7d]
Seat 3: Affable_4554 (small blind) showed [Tc Td] and lost with One pair : Tens
Seat 4: Theraphosa (big blind) showed [Js Jd] and won 45828 with One pair : Jacks


Winamax Poker - Tournament "AFTER FOOT" buyIn: 1.80€ + 0.20€ level: 4 - HandId: #3107150930164842593-20-1703282950 - Holdem no limit (40/175/350) - 2023/12/22 22:09:10 UTC
Table: 'AFTER FOOT(723439951)#096' 6-max (real money) Seat #3 is the button
Seat 1: P1xel7 (32699, 0.90€ bounty)
Seat 2: Davizm (63403, 0.90€ bounty)
Seat 4: Theraphosa (45828, 1.57€ bounty)
Seat 5: lion li (19835, 0.90€ bounty)
Seat 6: ShoveQuiPue (18064, 1.35€ bounty)
*** ANTE/BLINDS ***
Theraphosa posts ante 40
lion li posts ante 40
P1xel7 posts ante 40
Davizm posts ante 40
ShoveQuiPue posts ante 40
Theraphosa posts small blind 175
lion li posts big blind 350
Dealt to P1xel7 [Kc As]
*** PRE-FLOP *** 
ShoveQuiPue folds
P1xel7 raises 525 to 875
Davizm folds
Theraphosa folds
lion li folds
P1xel7 collected 1600 from pot
*** SUMMARY ***
Total pot 1600 | No rake
Seat 1: P1xel7 won 1600


Winamax Poker - Tournament "AFTER FOOT" buyIn: 1.80€ + 0.20€ level: 4 - HandId: #3107150930164842593-21-1703282958 - Holdem no limit (40/175/350) - 2023/12/22 22:09:18 UTC
Table: 'AFTER FOOT(723439951)#096' 6-max (real money) Seat #4 is the button
Seat 1: P1xel7 (33384, 0.90€ bounty)
Seat 2: Davizm (63363, 0.90€ bounty)
Seat 4: Theraphosa (45613, 1.57€ bounty)
Seat 5: lion li (19445, 0.90€ bounty)
Seat 6: ShoveQuiPue (18024, 1.35€ bounty)
*** ANTE/BLINDS ***
lion li posts ante 40
ShoveQuiPue posts ante 40
P1xel7 posts ante 40
Davizm posts ante 40
Theraphosa posts ante 40
lion li posts small blind 175
ShoveQuiPue posts big blind 350
Dealt to P1xel7 [7h 9h]
*** PRE-FLOP *** 
P1xel7 folds
Davizm folds
Theraphosa folds
lion li calls 175
ShoveQuiPue checks
*** FLOP *** [5c Qh 4s]
lion li bets 350
ShoveQuiPue folds
lion li collected 1250 from pot
*** SUMMARY ***
Total pot 1250 | No rake
Board: [5c Qh 4s]
Seat 5: lion li (small blind) won 1250


Winamax Poker - Tournament "AFTER FOOT" buyIn: 1.80€ + 0.20€ level: 4 - HandId: #3107150930164842593-22-1703282980 - Holdem no limit (40/175/350) - 2023/12/22 22:09:40 UTC
Table: 'AFTER FOOT(723439951)#096' 6-max (real money) Seat #5 is the button
Seat 1: P1xel7 (33344, 0.90€ bounty)
Seat 2: Davizm (63323, 0.90€ bounty)
Seat 3: Isami3437 (20000, 0.90€ bounty)
Seat 4: Theraphosa (45573, 1.57€ bounty)
Seat 5: lion li (19955, 0.90€ bounty)
Seat 6: ShoveQuiPue (17634, 1.35€ bounty)
*** ANTE/BLINDS ***
ShoveQuiPue posts ante 40
P1xel7 posts ante 40
Davizm posts ante 40
Isami3437 posts ante 40
Theraphosa posts ante 40
lion li posts ante 40
ShoveQuiPue posts small blind 175
P1xel7 posts big blind 350
Dealt to P1xel7 [9c 5c]
*** PRE-FLOP *** 
Davizm folds
Isami3437 folds
Theraphosa folds
lion li folds
ShoveQuiPue raises 613 to 963
P1xel7 calls 613
*** FLOP *** [3c 6h Jd]
ShoveQuiPue bets 1083
P1xel7 folds
ShoveQuiPue collected 3249 from pot
*** SUMMARY ***
Total pot 3249 | No rake
Board: [3c 6h Jd]
Seat 6: ShoveQuiPue (small blind) won 3249


Winamax Poker - Tournament "AFTER FOOT" buyIn: 1.80€ + 0.20€ level: 4 - HandId: #3107150930164842593-23-1703283005 - Holdem no limit (40/175/350) - 2023/12/22 22:10:05 UTC
Table: 'AFTER FOOT(723439951)#096' 6-max (real money) Seat #6 is the button
Seat 1: P1xel7 (32341, 0.90€ bounty)
Seat 2: Davizm (63283, 0.90€ bounty)
Seat 3: Isami3437 (19960, 0.90€ bounty)
Seat 4: Theraphosa (45533, 1.57€ bounty)
Seat 5: lion li (19915, 0.90€ bounty)
Seat 6: ShoveQuiPue (18797, 1.35€ bounty)
*** ANTE/BLINDS ***
P1xel7 posts ante 40
Davizm posts ante 40
Isami3437 posts ante 40
Theraphosa posts ante 40
lion li posts ante 40
ShoveQuiPue posts ante 40
P1xel7 posts small blind 175
Davizm posts big blind 350
Dealt to P1xel7 [2d 3h]
*** PRE-FLOP *** 
Isami3437 folds
Theraphosa folds
lion li folds
ShoveQuiPue folds
P1xel7 folds
Davizm collected 765 from pot
*** SUMMARY ***
Total pot 765 | No rake
Seat 2: Davizm (big blind) won 765


Winamax Poker - Tournament "AFTER FOOT" buyIn: 1.80€ + 0.20€ level: 4 - HandId: #3107150930164842593-24-1703283016 - Holdem no limit (40/175/350) - 2023/12/22 22:10:16 UTC
Table: 'AFTER FOOT(723439951)#096' 6-max (real money) Seat #1 is the button
Seat 1: P1xel7 (32126, 0.90€ bounty)
Seat 2: Davizm (63658, 0.90€ bounty)
Seat 3: Isami3437 (19920, 0.90€ bounty)
Seat 4: Theraphosa (45493, 1.57€ bounty)
Seat 5: lion li (19875, 0.90€ bounty)
Seat 6: ShoveQuiPue (18757, 1.35€ bounty)
*** ANTE/BLINDS ***
Davizm posts ante 40
Isami3437 posts ante 40
P1xel7 posts ante 40
Theraphosa posts ante 40
lion li posts ante 40
ShoveQuiPue posts ante 40
Davizm posts small blind 175
Isami3437 posts big blind 350
Dealt to P1xel7 [7c 8c]
*** PRE-FLOP *** 
Theraphosa raises 525 to 875
lion li folds
ShoveQuiPue folds
P1xel7 folds
Davizm folds
Isami3437 calls 525
*** FLOP *** [As 5d Qh]
Isami3437 checks
Theraphosa bets 1108
Isami3437 calls 1108
*** TURN *** [As 5d Qh][2s]
Isami3437 checks
Theraphosa bets 2191
Isami3437 calls 2191
*** RIVER *** [As 5d Qh 2s][Ac]
Isami3437 checks
Theraphosa checks
*** SHOW DOWN ***
Theraphosa shows [8d Qd] (Two pairs : Aces and Queens)
Isami3437 shows [Qc 9d] (Two pairs : Aces and Queens)
Isami3437 collected 8763 from pot
*** SUMMARY ***
Total pot 8763 | No rake
Board: [As 5d Qh 2s Ac]
Seat 3: Isami3437 (big blind) showed [Qc 9d] and won 8763 with Two pairs : Aces and Queens
Seat 4: Theraphosa showed [8d Qd] and lost with Two pairs : Aces and Queens


Winamax Poker - Tournament "AFTER FOOT" buyIn: 1.80€ + 0.20€ level: 4 - HandId: #3107150930164842593-25-1703283055 - Holdem no limit (40/175/350) - 2023/12/22 22:10:55 UTC
Table: 'AFTER FOOT(723439951)#096' 6-max (real money) Seat #2 is the button
Seat 1: P1xel7 (32086, 0.90€ bounty)
Seat 2: Davizm (63443, 0.90€ bounty)
Seat 3: Isami3437 (24469, 0.90€ bounty)
Seat 4: Theraphosa (41279, 1.57€ bounty)
Seat 5: lion li (19835, 0.90€ bounty)
Seat 6: ShoveQuiPue (18717, 1.35€ bounty)
*** ANTE/BLINDS ***
Isami3437 posts ante 40
Theraphosa posts ante 40
P1xel7 posts ante 40
Davizm posts ante 40
lion li posts ante 40
ShoveQuiPue posts ante 40
Isami3437 posts small blind 175
Theraphosa posts big blind 350
Dealt to P1xel7 [Js Ad]
*** PRE-FLOP *** 
lion li folds
ShoveQuiPue folds
P1xel7 raises 700 to 1050
Davizm folds
Isami3437 calls 875
Theraphosa raises 4265 to 5315
P1xel7 calls 4265
Isami3437 folds
*** FLOP *** [Ts As Qh]
Theraphosa checks
P1xel7 bets 5960
Theraphosa raises 23840 to 29800
P1xel7 calls 20771 and is all-in
*** TURN *** [Ts As Qh][3h]
*** RIVER *** [Ts As Qh 3h][7c]
*** SHOW DOWN ***
P1xel7 shows [Js Ad] (One pair : Aces)
Theraphosa shows [Ah Ac] (Trips of Aces)
Theraphosa collected 68451 from pot
*** SUMMARY ***
Total pot 68451 | No rake
Board: [Ts As Qh 3h 7c]
Seat 1: P1xel7 showed [Js Ad] and lost with One pair : Aces
Seat 4: Theraphosa (big blind) showed [Ah Ac] and won 68451 with Trips of Aces


