Winamax Poker - Tournament "Starting Block WiPT - Déglingos" buyIn: 0€ + 0€ level: 1 - HandId: #3142751540419231745-1-1702580642 - Holdem no limit (10/20) - 2023/12/14 19:04:02 UTC
Table: 'Starting Block WiPT - Déglingos(731728864)#0' 6-max (real money) Seat #3 is the button
Seat 1: Mohlina30 (500)
Seat 2: P1xel7 (500)
Seat 3: Onixil (500)
Seat 4: M.romano (500)
Seat 5: Poule 01 (500)
Seat 6: Garions (500)
*** ANTE/BLINDS ***
M.romano posts small blind 10
Poule 01 posts big blind 20
Dealt to P1xel7 [3h 8h]
*** PRE-FLOP *** 
Garions raises 50 to 70
Mohlina30 raises 430 to 500 and is all-in
P1xel7 folds
Onixil calls 500 and is all-in
M.romano calls 490 and is all-in
Poule 01 calls 480 and is all-in
Garions calls 430 and is all-in
*** FLOP *** [9d 9s 7c]
*** TURN *** [9d 9s 7c][5s]
*** RIVER *** [9d 9s 7c 5s][8s]
*** SHOW DOWN ***
Mohlina30 shows [Kd Kh] (Two pairs : Kings and 9)
Onixil shows [Ad 4d] (One pair : 9)
M.romano shows [8d Th] (Two pairs : 9 and 8)
Garions shows [As Kc] (One pair : 9)
Poule 01 shows [Jd Td] (Straight Jack high)
Poule 01 collected 2500 from pot
*** SUMMARY ***
Total pot 2500 | No rake
Board: [9d 9s 7c 5s 8s]
Seat 1: Mohlina30 showed [Kd Kh] and lost with Two pairs : Kings and 9
Seat 3: Onixil (button) showed [Ad 4d] and lost with One pair : 9
Seat 4: M.romano (small blind) showed [8d Th] and lost with Two pairs : 9 and 8
Seat 5: Poule 01 (big blind) showed [Jd Td] and won 2500 with Straight Jack high
Seat 6: Garions showed [As Kc] and lost with One pair : 9


Winamax Poker - Tournament "Starting Block WiPT - Déglingos" buyIn: 0€ + 0€ level: 1 - HandId: #3142751540419231745-2-1702580678 - Holdem no limit (10/20) - 2023/12/14 19:04:38 UTC
Table: 'Starting Block WiPT - Déglingos(731728864)#0' 6-max (real money) Seat #5 is the button
Seat 2: P1xel7 (500)
Seat 5: Poule 01 (2500)
*** ANTE/BLINDS ***
Poule 01 posts small blind 10
P1xel7 posts big blind 20
Dealt to P1xel7 [3d Js]
*** PRE-FLOP *** 
Poule 01 raises 40 to 60
P1xel7 folds
Poule 01 collected 80 from pot
*** SUMMARY ***
Total pot 80 | No rake
Seat 5: Poule 01 (small blind) (button) won 80


Winamax Poker - Tournament "Starting Block WiPT - Déglingos" buyIn: 0€ + 0€ level: 1 - HandId: #3142751540419231745-3-1702580692 - Holdem no limit (10/20) - 2023/12/14 19:04:52 UTC
Table: 'Starting Block WiPT - Déglingos(731728864)#0' 6-max (real money) Seat #2 is the button
Seat 2: P1xel7 (480)
Seat 5: Poule 01 (2520)
*** ANTE/BLINDS ***
P1xel7 posts small blind 10
Poule 01 posts big blind 20
Dealt to P1xel7 [Jd 9s]
*** PRE-FLOP *** 
P1xel7 raises 30 to 50
Poule 01 calls 30
*** FLOP *** [2d 2h As]
Poule 01 checks
P1xel7 bets 50
Poule 01 folds
P1xel7 collected 150 from pot
*** SUMMARY ***
Total pot 150 | No rake
Board: [2d 2h As]
Seat 2: P1xel7 (small blind) (button) won 150


Winamax Poker - Tournament "Starting Block WiPT - Déglingos" buyIn: 0€ + 0€ level: 1 - HandId: #3142751540419231745-4-1702580717 - Holdem no limit (10/20) - 2023/12/14 19:05:17 UTC
Table: 'Starting Block WiPT - Déglingos(731728864)#0' 6-max (real money) Seat #5 is the button
Seat 2: P1xel7 (530)
Seat 5: Poule 01 (2470)
*** ANTE/BLINDS ***
Poule 01 posts small blind 10
P1xel7 posts big blind 20
Dealt to P1xel7 [3c 2s]
*** PRE-FLOP *** 
Poule 01 raises 40 to 60
P1xel7 folds
Poule 01 collected 80 from pot
*** SUMMARY ***
Total pot 80 | No rake
Seat 5: Poule 01 (small blind) (button) won 80


Winamax Poker - Tournament "Starting Block WiPT - Déglingos" buyIn: 0€ + 0€ level: 2 - HandId: #3142751540419231745-5-1702580731 - Holdem no limit (15/30) - 2023/12/14 19:05:31 UTC
Table: 'Starting Block WiPT - Déglingos(731728864)#0' 6-max (real money) Seat #2 is the button
Seat 2: P1xel7 (510)
Seat 5: Poule 01 (2490)
*** ANTE/BLINDS ***
P1xel7 posts small blind 15
Poule 01 posts big blind 30
Dealt to P1xel7 [2d Kd]
*** PRE-FLOP *** 
P1xel7 raises 480 to 510 and is all-in
Poule 01 folds
P1xel7 collected 540 from pot
*** SUMMARY ***
Total pot 540 | No rake
Seat 2: P1xel7 (small blind) (button) won 540


Winamax Poker - Tournament "Starting Block WiPT - Déglingos" buyIn: 0€ + 0€ level: 2 - HandId: #3142751540419231745-6-1702580739 - Holdem no limit (15/30) - 2023/12/14 19:05:39 UTC
Table: 'Starting Block WiPT - Déglingos(731728864)#0' 6-max (real money) Seat #5 is the button
Seat 2: P1xel7 (540)
Seat 5: Poule 01 (2460)
*** ANTE/BLINDS ***
Poule 01 posts small blind 15
P1xel7 posts big blind 30
Dealt to P1xel7 [9s 2s]
*** PRE-FLOP *** 
Poule 01 calls 15
P1xel7 checks
*** FLOP *** [Jd 9c 3h]
P1xel7 checks
Poule 01 checks
*** TURN *** [Jd 9c 3h][9h]
P1xel7 checks
Poule 01 checks
*** RIVER *** [Jd 9c 3h 9h][Kd]
P1xel7 bets 60
Poule 01 folds
P1xel7 collected 120 from pot
*** SUMMARY ***
Total pot 120 | No rake
Board: [Jd 9c 3h 9h Kd]
Seat 2: P1xel7 (big blind) won 120


Winamax Poker - Tournament "Starting Block WiPT - Déglingos" buyIn: 0€ + 0€ level: 2 - HandId: #3142751540419231745-7-1702580773 - Holdem no limit (15/30) - 2023/12/14 19:06:13 UTC
Table: 'Starting Block WiPT - Déglingos(731728864)#0' 6-max (real money) Seat #2 is the button
Seat 2: P1xel7 (570)
Seat 5: Poule 01 (2430)
*** ANTE/BLINDS ***
P1xel7 posts small blind 15
Poule 01 posts big blind 30
Dealt to P1xel7 [5d 3d]
*** PRE-FLOP *** 
P1xel7 folds
Poule 01 collected 45 from pot
*** SUMMARY ***
Total pot 45 | No rake
Seat 5: Poule 01 (big blind) won 45


Winamax Poker - Tournament "Starting Block WiPT - Déglingos" buyIn: 0€ + 0€ level: 2 - HandId: #3142751540419231745-8-1702580780 - Holdem no limit (15/30) - 2023/12/14 19:06:20 UTC
Table: 'Starting Block WiPT - Déglingos(731728864)#0' 6-max (real money) Seat #5 is the button
Seat 2: P1xel7 (555)
Seat 5: Poule 01 (2445)
*** ANTE/BLINDS ***
Poule 01 posts small blind 15
P1xel7 posts big blind 30
Dealt to P1xel7 [Ts Jc]
*** PRE-FLOP *** 
Poule 01 calls 15
P1xel7 raises 60 to 90
Poule 01 calls 60
*** FLOP *** [As Tc 6h]
P1xel7 bets 465 and is all-in
Poule 01 folds
P1xel7 collected 645 from pot
*** SUMMARY ***
Total pot 645 | No rake
Board: [As Tc 6h]
Seat 2: P1xel7 (big blind) won 645


Winamax Poker - Tournament "Starting Block WiPT - Déglingos" buyIn: 0€ + 0€ level: 2 - HandId: #3142751540419231745-9-1702580799 - Holdem no limit (15/30) - 2023/12/14 19:06:39 UTC
Table: 'Starting Block WiPT - Déglingos(731728864)#0' 6-max (real money) Seat #2 is the button
Seat 2: P1xel7 (645)
Seat 5: Poule 01 (2355)
*** ANTE/BLINDS ***
P1xel7 posts small blind 15
Poule 01 posts big blind 30
Dealt to P1xel7 [7s 3c]
*** PRE-FLOP *** 
P1xel7 folds
Poule 01 collected 45 from pot
*** SUMMARY ***
Total pot 45 | No rake
Seat 5: Poule 01 (big blind) won 45


Winamax Poker - Tournament "Starting Block WiPT - Déglingos" buyIn: 0€ + 0€ level: 2 - HandId: #3142751540419231745-10-1702580804 - Holdem no limit (15/30) - 2023/12/14 19:06:44 UTC
Table: 'Starting Block WiPT - Déglingos(731728864)#0' 6-max (real money) Seat #5 is the button
Seat 2: P1xel7 (630)
Seat 5: Poule 01 (2370)
*** ANTE/BLINDS ***
Poule 01 posts small blind 15
P1xel7 posts big blind 30
Dealt to P1xel7 [8c Kh]
*** PRE-FLOP *** 
Poule 01 raises 45 to 75
P1xel7 calls 45
*** FLOP *** [4h 5h Ad]
P1xel7 checks
Poule 01 checks
*** TURN *** [4h 5h Ad][7c]
P1xel7 bets 53
Poule 01 raises 148 to 201
P1xel7 folds
Poule 01 collected 404 from pot
*** SUMMARY ***
Total pot 404 | No rake
Board: [4h 5h Ad 7c]
Seat 5: Poule 01 (small blind) (button) won 404


Winamax Poker - Tournament "Starting Block WiPT - Déglingos" buyIn: 0€ + 0€ level: 3 - HandId: #3142751540419231745-11-1702580828 - Holdem no limit (20/40) - 2023/12/14 19:07:08 UTC
Table: 'Starting Block WiPT - Déglingos(731728864)#0' 6-max (real money) Seat #2 is the button
Seat 2: P1xel7 (502)
Seat 5: Poule 01 (2498)
*** ANTE/BLINDS ***
P1xel7 posts small blind 20
Poule 01 posts big blind 40
Dealt to P1xel7 [Qd 3s]
*** PRE-FLOP *** 
P1xel7 folds
Poule 01 collected 60 from pot
*** SUMMARY ***
Total pot 60 | No rake
Seat 5: Poule 01 (big blind) won 60


Winamax Poker - Tournament "Starting Block WiPT - Déglingos" buyIn: 0€ + 0€ level: 3 - HandId: #3142751540419231745-12-1702580834 - Holdem no limit (20/40) - 2023/12/14 19:07:14 UTC
Table: 'Starting Block WiPT - Déglingos(731728864)#0' 6-max (real money) Seat #5 is the button
Seat 2: P1xel7 (482)
Seat 5: Poule 01 (2518)
*** ANTE/BLINDS ***
Poule 01 posts small blind 20
P1xel7 posts big blind 40
Dealt to P1xel7 [4d 2d]
*** PRE-FLOP *** 
Poule 01 calls 20
P1xel7 checks
*** FLOP *** [Ks Tc 5s]
P1xel7 checks
Poule 01 checks
*** TURN *** [Ks Tc 5s][Ah]
P1xel7 checks
Poule 01 checks
*** RIVER *** [Ks Tc 5s Ah][3c]
P1xel7 checks
Poule 01 bets 52
P1xel7 raises 101 to 153
Poule 01 calls 101
*** SHOW DOWN ***
Poule 01 shows [Th 2s] (One pair : Tens)
P1xel7 shows [4d 2d] (Straight 5 high)
P1xel7 collected 386 from pot
*** SUMMARY ***
Total pot 386 | No rake
Board: [Ks Tc 5s Ah 3c]
Seat 2: P1xel7 (big blind) showed [4d 2d] and won 386 with Straight 5 high
Seat 5: Poule 01 (small blind) (button) showed [Th 2s] and lost with One pair : Tens


Winamax Poker - Tournament "Starting Block WiPT - Déglingos" buyIn: 0€ + 0€ level: 3 - HandId: #3142751540419231745-13-1702580856 - Holdem no limit (20/40) - 2023/12/14 19:07:36 UTC
Table: 'Starting Block WiPT - Déglingos(731728864)#0' 6-max (real money) Seat #2 is the button
Seat 2: P1xel7 (675)
Seat 5: Poule 01 (2325)
*** ANTE/BLINDS ***
P1xel7 posts small blind 20
Poule 01 posts big blind 40
Dealt to P1xel7 [Jh Jc]
*** PRE-FLOP *** 
P1xel7 raises 40 to 80
Poule 01 calls 40
*** FLOP *** [Js Tc Ah]
Poule 01 checks
P1xel7 bets 80
Poule 01 folds
P1xel7 collected 240 from pot
*** SUMMARY ***
Total pot 240 | No rake
Board: [Js Tc Ah]
Seat 2: P1xel7 (small blind) (button) won 240


Winamax Poker - Tournament "Starting Block WiPT - Déglingos" buyIn: 0€ + 0€ level: 3 - HandId: #3142751540419231745-14-1702580873 - Holdem no limit (20/40) - 2023/12/14 19:07:53 UTC
Table: 'Starting Block WiPT - Déglingos(731728864)#0' 6-max (real money) Seat #5 is the button
Seat 2: P1xel7 (755)
Seat 5: Poule 01 (2245)
*** ANTE/BLINDS ***
Poule 01 posts small blind 20
P1xel7 posts big blind 40
Dealt to P1xel7 [4s 4c]
*** PRE-FLOP *** 
Poule 01 calls 20
P1xel7 raises 715 to 755 and is all-in
Poule 01 folds
P1xel7 collected 795 from pot
*** SUMMARY ***
Total pot 795 | No rake
Seat 2: P1xel7 (big blind) won 795


Winamax Poker - Tournament "Starting Block WiPT - Déglingos" buyIn: 0€ + 0€ level: 3 - HandId: #3142751540419231745-15-1702580886 - Holdem no limit (20/40) - 2023/12/14 19:08:06 UTC
Table: 'Starting Block WiPT - Déglingos(731728864)#0' 6-max (real money) Seat #2 is the button
Seat 2: P1xel7 (795)
Seat 5: Poule 01 (2205)
*** ANTE/BLINDS ***
P1xel7 posts small blind 20
Poule 01 posts big blind 40
Dealt to P1xel7 [5s 4s]
*** PRE-FLOP *** 
P1xel7 folds
Poule 01 collected 60 from pot
*** SUMMARY ***
Total pot 60 | No rake
Seat 5: Poule 01 (big blind) won 60


Winamax Poker - Tournament "Starting Block WiPT - Déglingos" buyIn: 0€ + 0€ level: 3 - HandId: #3142751540419231745-16-1702580894 - Holdem no limit (20/40) - 2023/12/14 19:08:14 UTC
Table: 'Starting Block WiPT - Déglingos(731728864)#0' 6-max (real money) Seat #5 is the button
Seat 2: P1xel7 (775)
Seat 5: Poule 01 (2225)
*** ANTE/BLINDS ***
Poule 01 posts small blind 20
P1xel7 posts big blind 40
Dealt to P1xel7 [Th 3c]
*** PRE-FLOP *** 
Poule 01 calls 20
P1xel7 checks
*** FLOP *** [Qs 5s 4s]
P1xel7 checks
Poule 01 checks
*** TURN *** [Qs 5s 4s][3h]
P1xel7 bets 40
Poule 01 calls 40
*** RIVER *** [Qs 5s 4s 3h][7s]
P1xel7 checks
Poule 01 bets 160
P1xel7 folds
Poule 01 collected 320 from pot
*** SUMMARY ***
Total pot 320 | No rake
Board: [Qs 5s 4s 3h 7s]
Seat 5: Poule 01 (small blind) (button) won 320


Winamax Poker - Tournament "Starting Block WiPT - Déglingos" buyIn: 0€ + 0€ level: 4 - HandId: #3142751540419231745-17-1702580926 - Holdem no limit (30/60) - 2023/12/14 19:08:46 UTC
Table: 'Starting Block WiPT - Déglingos(731728864)#0' 6-max (real money) Seat #2 is the button
Seat 2: P1xel7 (695)
Seat 5: Poule 01 (2305)
*** ANTE/BLINDS ***
P1xel7 posts small blind 30
Poule 01 posts big blind 60
Dealt to P1xel7 [7c 9s]
*** PRE-FLOP *** 
P1xel7 folds
Poule 01 collected 90 from pot
*** SUMMARY ***
Total pot 90 | No rake
Seat 5: Poule 01 (big blind) won 90


Winamax Poker - Tournament "Starting Block WiPT - Déglingos" buyIn: 0€ + 0€ level: 4 - HandId: #3142751540419231745-18-1702580931 - Holdem no limit (30/60) - 2023/12/14 19:08:51 UTC
Table: 'Starting Block WiPT - Déglingos(731728864)#0' 6-max (real money) Seat #5 is the button
Seat 2: P1xel7 (665)
Seat 5: Poule 01 (2335)
*** ANTE/BLINDS ***
Poule 01 posts small blind 30
P1xel7 posts big blind 60
Dealt to P1xel7 [Ah 4c]
*** PRE-FLOP *** 
Poule 01 calls 30
P1xel7 raises 605 to 665 and is all-in
Poule 01 folds
P1xel7 collected 725 from pot
*** SUMMARY ***
Total pot 725 | No rake
Seat 2: P1xel7 (big blind) won 725


Winamax Poker - Tournament "Starting Block WiPT - Déglingos" buyIn: 0€ + 0€ level: 4 - HandId: #3142751540419231745-19-1702580947 - Holdem no limit (30/60) - 2023/12/14 19:09:07 UTC
Table: 'Starting Block WiPT - Déglingos(731728864)#0' 6-max (real money) Seat #2 is the button
Seat 2: P1xel7 (725)
Seat 5: Poule 01 (2275)
*** ANTE/BLINDS ***
P1xel7 posts small blind 30
Poule 01 posts big blind 60
Dealt to P1xel7 [4h 3h]
*** PRE-FLOP *** 
P1xel7 folds
Poule 01 collected 90 from pot
*** SUMMARY ***
Total pot 90 | No rake
Seat 5: Poule 01 (big blind) won 90


Winamax Poker - Tournament "Starting Block WiPT - Déglingos" buyIn: 0€ + 0€ level: 4 - HandId: #3142751540419231745-20-1702580958 - Holdem no limit (30/60) - 2023/12/14 19:09:18 UTC
Table: 'Starting Block WiPT - Déglingos(731728864)#0' 6-max (real money) Seat #5 is the button
Seat 2: P1xel7 (695)
Seat 5: Poule 01 (2305)
*** ANTE/BLINDS ***
Poule 01 posts small blind 30
P1xel7 posts big blind 60
Dealt to P1xel7 [Qc Ks]
*** PRE-FLOP *** 
Poule 01 calls 30
P1xel7 raises 635 to 695 and is all-in
Poule 01 calls 635
*** FLOP *** [Ts 6d 5h]
*** TURN *** [Ts 6d 5h][5d]
*** RIVER *** [Ts 6d 5h 5d][7s]
*** SHOW DOWN ***
P1xel7 shows [Qc Ks] (One pair : 5)
Poule 01 shows [Kc Qs] (One pair : 5)
Poule 01 collected 695 from pot
P1xel7 collected 695 from pot
*** SUMMARY ***
Total pot 1390 | No rake
Board: [Ts 6d 5h 5d 7s]
Seat 2: P1xel7 (big blind) showed [Qc Ks] and won 695 with One pair : 5
Seat 5: Poule 01 (small blind) (button) showed [Kc Qs] and won 695 with One pair : 5


Winamax Poker - Tournament "Starting Block WiPT - Déglingos" buyIn: 0€ + 0€ level: 4 - HandId: #3142751540419231745-21-1702580974 - Holdem no limit (30/60) - 2023/12/14 19:09:34 UTC
Table: 'Starting Block WiPT - Déglingos(731728864)#0' 6-max (real money) Seat #2 is the button
Seat 2: P1xel7 (695)
Seat 5: Poule 01 (2305)
*** ANTE/BLINDS ***
P1xel7 posts small blind 30
Poule 01 posts big blind 60
Dealt to P1xel7 [9h Jh]
*** PRE-FLOP *** 
P1xel7 raises 60 to 120
Poule 01 folds
P1xel7 collected 180 from pot
*** SUMMARY ***
Total pot 180 | No rake
Seat 2: P1xel7 (small blind) (button) won 180


Winamax Poker - Tournament "Starting Block WiPT - Déglingos" buyIn: 0€ + 0€ level: 4 - HandId: #3142751540419231745-22-1702580982 - Holdem no limit (30/60) - 2023/12/14 19:09:42 UTC
Table: 'Starting Block WiPT - Déglingos(731728864)#0' 6-max (real money) Seat #5 is the button
Seat 2: P1xel7 (755)
Seat 5: Poule 01 (2245)
*** ANTE/BLINDS ***
Poule 01 posts small blind 30
P1xel7 posts big blind 60
Dealt to P1xel7 [Kd 2c]
*** PRE-FLOP *** 
Poule 01 calls 30
P1xel7 checks
*** FLOP *** [7d Jc 8h]
P1xel7 bets 96
Poule 01 calls 96
*** TURN *** [7d Jc 8h][Qh]
P1xel7 checks
Poule 01 bets 109
P1xel7 folds
Poule 01 collected 421 from pot
*** SUMMARY ***
Total pot 421 | No rake
Board: [7d Jc 8h Qh]
Seat 5: Poule 01 (small blind) (button) won 421


Winamax Poker - Tournament "Starting Block WiPT - Déglingos" buyIn: 0€ + 0€ level: 5 - HandId: #3142751540419231745-23-1702581016 - Holdem no limit (40/80) - 2023/12/14 19:10:16 UTC
Table: 'Starting Block WiPT - Déglingos(731728864)#0' 6-max (real money) Seat #2 is the button
Seat 2: P1xel7 (599)
Seat 5: Poule 01 (2401)
*** ANTE/BLINDS ***
P1xel7 posts small blind 40
Poule 01 posts big blind 80
Dealt to P1xel7 [6c Th]
*** PRE-FLOP *** 
P1xel7 folds
Poule 01 collected 120 from pot
*** SUMMARY ***
Total pot 120 | No rake
Seat 5: Poule 01 (big blind) won 120


Winamax Poker - Tournament "Starting Block WiPT - Déglingos" buyIn: 0€ + 0€ level: 5 - HandId: #3142751540419231745-24-1702581023 - Holdem no limit (40/80) - 2023/12/14 19:10:23 UTC
Table: 'Starting Block WiPT - Déglingos(731728864)#0' 6-max (real money) Seat #5 is the button
Seat 2: P1xel7 (559)
Seat 5: Poule 01 (2441)
*** ANTE/BLINDS ***
Poule 01 posts small blind 40
P1xel7 posts big blind 80
Dealt to P1xel7 [Ac 6c]
*** PRE-FLOP *** 
Poule 01 folds
P1xel7 collected 120 from pot
*** SUMMARY ***
Total pot 120 | No rake
Seat 2: P1xel7 (big blind) won 120


Winamax Poker - Tournament "Starting Block WiPT - Déglingos" buyIn: 0€ + 0€ level: 5 - HandId: #3142751540419231745-25-1702581028 - Holdem no limit (40/80) - 2023/12/14 19:10:28 UTC
Table: 'Starting Block WiPT - Déglingos(731728864)#0' 6-max (real money) Seat #2 is the button
Seat 2: P1xel7 (599)
Seat 5: Poule 01 (2401)
*** ANTE/BLINDS ***
P1xel7 posts small blind 40
Poule 01 posts big blind 80
Dealt to P1xel7 [4h 5d]
*** PRE-FLOP *** 
P1xel7 folds
Poule 01 collected 120 from pot
*** SUMMARY ***
Total pot 120 | No rake
Seat 5: Poule 01 (big blind) won 120


Winamax Poker - Tournament "Starting Block WiPT - Déglingos" buyIn: 0€ + 0€ level: 5 - HandId: #3142751540419231745-26-1702581034 - Holdem no limit (40/80) - 2023/12/14 19:10:34 UTC
Table: 'Starting Block WiPT - Déglingos(731728864)#0' 6-max (real money) Seat #5 is the button
Seat 2: P1xel7 (559)
Seat 5: Poule 01 (2441)
*** ANTE/BLINDS ***
Poule 01 posts small blind 40
P1xel7 posts big blind 80
Dealt to P1xel7 [9s 5d]
*** PRE-FLOP *** 
Poule 01 calls 40
P1xel7 checks
*** FLOP *** [6d Ts 5h]
P1xel7 bets 479 and is all-in
Poule 01 folds
P1xel7 collected 639 from pot
*** SUMMARY ***
Total pot 639 | No rake
Board: [6d Ts 5h]
Seat 2: P1xel7 (big blind) won 639


Winamax Poker - Tournament "Starting Block WiPT - Déglingos" buyIn: 0€ + 0€ level: 5 - HandId: #3142751540419231745-27-1702581044 - Holdem no limit (40/80) - 2023/12/14 19:10:44 UTC
Table: 'Starting Block WiPT - Déglingos(731728864)#0' 6-max (real money) Seat #2 is the button
Seat 2: P1xel7 (639)
Seat 5: Poule 01 (2361)
*** ANTE/BLINDS ***
P1xel7 posts small blind 40
Poule 01 posts big blind 80
Dealt to P1xel7 [Qs 2d]
*** PRE-FLOP *** 
P1xel7 folds
Poule 01 collected 120 from pot
*** SUMMARY ***
Total pot 120 | No rake
Seat 5: Poule 01 (big blind) won 120


Winamax Poker - Tournament "Starting Block WiPT - Déglingos" buyIn: 0€ + 0€ level: 5 - HandId: #3142751540419231745-28-1702581051 - Holdem no limit (40/80) - 2023/12/14 19:10:51 UTC
Table: 'Starting Block WiPT - Déglingos(731728864)#0' 6-max (real money) Seat #5 is the button
Seat 2: P1xel7 (599)
Seat 5: Poule 01 (2401)
*** ANTE/BLINDS ***
Poule 01 posts small blind 40
P1xel7 posts big blind 80
Dealt to P1xel7 [6s 3h]
*** PRE-FLOP *** 
Poule 01 calls 40
P1xel7 checks
*** FLOP *** [8d 2h 4d]
P1xel7 checks
Poule 01 bets 80
P1xel7 folds
Poule 01 collected 240 from pot
*** SUMMARY ***
Total pot 240 | No rake
Board: [8d 2h 4d]
Seat 5: Poule 01 (small blind) (button) won 240


Winamax Poker - Tournament "Starting Block WiPT - Déglingos" buyIn: 0€ + 0€ level: 5 - HandId: #3142751540419231745-29-1702581065 - Holdem no limit (40/80) - 2023/12/14 19:11:05 UTC
Table: 'Starting Block WiPT - Déglingos(731728864)#0' 6-max (real money) Seat #2 is the button
Seat 2: P1xel7 (519)
Seat 5: Poule 01 (2481)
*** ANTE/BLINDS ***
P1xel7 posts small blind 40
Poule 01 posts big blind 80
Dealt to P1xel7 [4c 7s]
*** PRE-FLOP *** 
P1xel7 folds
Poule 01 collected 120 from pot
*** SUMMARY ***
Total pot 120 | No rake
Seat 5: Poule 01 (big blind) won 120


Winamax Poker - Tournament "Starting Block WiPT - Déglingos" buyIn: 0€ + 0€ level: 5 - HandId: #3142751540419231745-30-1702581072 - Holdem no limit (40/80) - 2023/12/14 19:11:12 UTC
Table: 'Starting Block WiPT - Déglingos(731728864)#0' 6-max (real money) Seat #5 is the button
Seat 2: P1xel7 (479)
Seat 5: Poule 01 (2521)
*** ANTE/BLINDS ***
Poule 01 posts small blind 40
P1xel7 posts big blind 80
Dealt to P1xel7 [2s Tc]
*** PRE-FLOP *** 
Poule 01 calls 40
P1xel7 checks
*** FLOP *** [Kc As Jh]
P1xel7 checks
Poule 01 checks
*** TURN *** [Kc As Jh][2c]
P1xel7 checks
Poule 01 checks
*** RIVER *** [Kc As Jh 2c][5s]
P1xel7 bets 399 and is all-in
Poule 01 folds
P1xel7 collected 559 from pot
*** SUMMARY ***
Total pot 559 | No rake
Board: [Kc As Jh 2c 5s]
Seat 2: P1xel7 (big blind) won 559


Winamax Poker - Tournament "Starting Block WiPT - Déglingos" buyIn: 0€ + 0€ level: 6 - HandId: #3142751540419231745-31-1702581095 - Holdem no limit (60/120) - 2023/12/14 19:11:35 UTC
Table: 'Starting Block WiPT - Déglingos(731728864)#0' 6-max (real money) Seat #2 is the button
Seat 2: P1xel7 (559)
Seat 5: Poule 01 (2441)
*** ANTE/BLINDS ***
P1xel7 posts small blind 60
Poule 01 posts big blind 120
Dealt to P1xel7 [6h 5h]
*** PRE-FLOP *** 
P1xel7 folds
Poule 01 collected 180 from pot
*** SUMMARY ***
Total pot 180 | No rake
Seat 5: Poule 01 (big blind) won 180


Winamax Poker - Tournament "Starting Block WiPT - Déglingos" buyIn: 0€ + 0€ level: 6 - HandId: #3142751540419231745-32-1702581102 - Holdem no limit (60/120) - 2023/12/14 19:11:42 UTC
Table: 'Starting Block WiPT - Déglingos(731728864)#0' 6-max (real money) Seat #5 is the button
Seat 2: P1xel7 (499)
Seat 5: Poule 01 (2501)
*** ANTE/BLINDS ***
Poule 01 posts small blind 60
P1xel7 posts big blind 120
Dealt to P1xel7 [Ks Qs]
*** PRE-FLOP *** 
Poule 01 calls 60
P1xel7 raises 379 to 499 and is all-in
Poule 01 folds
P1xel7 collected 619 from pot
*** SUMMARY ***
Total pot 619 | No rake
Seat 2: P1xel7 (big blind) won 619


Winamax Poker - Tournament "Starting Block WiPT - Déglingos" buyIn: 0€ + 0€ level: 6 - HandId: #3142751540419231745-33-1702581112 - Holdem no limit (60/120) - 2023/12/14 19:11:52 UTC
Table: 'Starting Block WiPT - Déglingos(731728864)#0' 6-max (real money) Seat #2 is the button
Seat 2: P1xel7 (619)
Seat 5: Poule 01 (2381)
*** ANTE/BLINDS ***
P1xel7 posts small blind 60
Poule 01 posts big blind 120
Dealt to P1xel7 [9d Js]
*** PRE-FLOP *** 
P1xel7 raises 499 to 619 and is all-in
Poule 01 calls 499
*** FLOP *** [9s Ah Tc]
*** TURN *** [9s Ah Tc][Kh]
*** RIVER *** [9s Ah Tc Kh][Ks]
*** SHOW DOWN ***
P1xel7 shows [9d Js] (Two pairs : Kings and 9)
Poule 01 shows [Kc Jd] (Trips of Kings)
Poule 01 collected 1238 from pot
*** SUMMARY ***
Total pot 1238 | No rake
Board: [9s Ah Tc Kh Ks]
Seat 2: P1xel7 (small blind) (button) showed [9d Js] and lost with Two pairs : Kings and 9
Seat 5: Poule 01 (big blind) showed [Kc Jd] and won 1238 with Trips of Kings


