Winamax Poker - Tournament "Kill The Fish" buyIn: 0.45€ + 0.05€ level: 2 - HandId: #2910501531780382746-28-1691521349 - Holdem no limit (30/125/250) - 2023/08/08 19:02:29 UTC
Table: 'Kill The Fish(677653945)#025' 6-max (real money) Seat #3 is the button
Seat 1: jezzz (18980, 0.22€ bounty)
Seat 2: P1xel7 (20000, 0.22€ bounty)
Seat 3: pedrovic23 (18972, 0.22€ bounty)
Seat 4: DcJekill (20007, 0.22€ bounty)
Seat 5: KinderBleu (35745, 0.33€ bounty)
Seat 6: lIlABIlI (26736, 0.22€ bounty)
*** ANTE/BLINDS ***
DcJekill posts ante 30
KinderBleu posts ante 30
jezzz posts ante 30
P1xel7 posts ante 30
pedrovic23 posts ante 30
lIlABIlI posts ante 30
DcJekill posts small blind 125
KinderBleu posts big blind 250
Dealt to P1xel7 [5h 9d]
*** PRE-FLOP *** 
lIlABIlI folds
jezzz raises 250 to 500
P1xel7 folds
pedrovic23 raises 2131 to 2631
DcJekill folds
KinderBleu folds
jezzz folds
pedrovic23 collected 3686 from pot
*** SUMMARY ***
Total pot 3686 | No rake
Seat 3: pedrovic23 (button) won 3686


Winamax Poker - Tournament "Kill The Fish" buyIn: 0.45€ + 0.05€ level: 2 - HandId: #2910501531780382746-29-1691521414 - Holdem no limit (30/125/250) - 2023/08/08 19:03:34 UTC
Table: 'Kill The Fish(677653945)#025' 6-max (real money) Seat #4 is the button
Seat 1: jezzz (18450, 0.22€ bounty)
Seat 2: P1xel7 (19970, 0.22€ bounty)
Seat 3: pedrovic23 (19997, 0.22€ bounty)
Seat 4: DcJekill (19852, 0.22€ bounty)
Seat 5: KinderBleu (35465, 0.33€ bounty)
Seat 6: lIlABIlI (26706, 0.22€ bounty)
*** ANTE/BLINDS ***
KinderBleu posts ante 30
lIlABIlI posts ante 30
jezzz posts ante 30
P1xel7 posts ante 30
pedrovic23 posts ante 30
DcJekill posts ante 30
KinderBleu posts small blind 125
lIlABIlI posts big blind 250
Dealt to P1xel7 [2s Jc]
*** PRE-FLOP *** 
jezzz folds
P1xel7 folds
pedrovic23 raises 250 to 500
DcJekill folds
KinderBleu folds
lIlABIlI folds
pedrovic23 collected 1055 from pot
*** SUMMARY ***
Total pot 1055 | No rake
Seat 3: pedrovic23 won 1055


Winamax Poker - Tournament "Kill The Fish" buyIn: 0.45€ + 0.05€ level: 2 - HandId: #2910501531780382723-41-1691521532 - Holdem no limit (30/125/250) - 2023/08/08 19:05:32 UTC
Table: 'Kill The Fish(677653945)#002' 6-max (real money) Seat #3 is the button
Seat 2: Jul.te (17684, 0.22€ bounty)
Seat 3: Doualapk9 (18517, 0.22€ bounty)
Seat 4: jonathan.66 (72466, 0.33€ bounty)
Seat 5: P1xel7 (19940, 0.22€ bounty)
Seat 6: majute27 (43608, 0.44€ bounty)
*** ANTE/BLINDS ***
jonathan.66 posts ante 30
P1xel7 posts ante 30
Jul.te posts ante 30
Doualapk9 posts ante 30
majute27 posts ante 30
jonathan.66 posts small blind 125
P1xel7 posts big blind 250
Dealt to P1xel7 [Tc 2h]
*** PRE-FLOP *** 
majute27 folds
Jul.te folds
Doualapk9 folds
jonathan.66 folds
P1xel7 collected 525 from pot
*** SUMMARY ***
Total pot 525 | No rake
Seat 5: P1xel7 (big blind) won 525


Winamax Poker - Tournament "Kill The Fish" buyIn: 0.45€ + 0.05€ level: 2 - HandId: #2910501531780382723-42-1691521546 - Holdem no limit (30/125/250) - 2023/08/08 19:05:46 UTC
Table: 'Kill The Fish(677653945)#002' 6-max (real money) Seat #4 is the button
Seat 1: LAsAleBET (20000, 0.22€ bounty)
Seat 2: Jul.te (17654, 0.22€ bounty)
Seat 3: Doualapk9 (18487, 0.22€ bounty)
Seat 4: jonathan.66 (72311, 0.33€ bounty)
Seat 5: P1xel7 (20185, 0.22€ bounty)
Seat 6: majute27 (43578, 0.44€ bounty)
*** ANTE/BLINDS ***
P1xel7 posts ante 30
majute27 posts ante 30
LAsAleBET posts ante 30
Jul.te posts ante 30
Doualapk9 posts ante 30
jonathan.66 posts ante 30
P1xel7 posts small blind 125
majute27 posts big blind 250
Dealt to P1xel7 [Qd 4s]
*** PRE-FLOP *** 
LAsAleBET folds
Jul.te folds
Doualapk9 folds
jonathan.66 folds
P1xel7 folds
majute27 collected 555 from pot
*** SUMMARY ***
Total pot 555 | No rake
Seat 6: majute27 (big blind) won 555


Winamax Poker - Tournament "Kill The Fish" buyIn: 0.45€ + 0.05€ level: 3 - HandId: #2910501531780382723-43-1691521566 - Holdem no limit (35/150/300) - 2023/08/08 19:06:06 UTC
Table: 'Kill The Fish(677653945)#002' 6-max (real money) Seat #5 is the button
Seat 1: LAsAleBET (19970, 0.22€ bounty)
Seat 2: Jul.te (17624, 0.22€ bounty)
Seat 3: Doualapk9 (18457, 0.22€ bounty)
Seat 4: jonathan.66 (72281, 0.33€ bounty)
Seat 5: P1xel7 (20030, 0.22€ bounty)
Seat 6: majute27 (43853, 0.44€ bounty)
*** ANTE/BLINDS ***
majute27 posts ante 35
LAsAleBET posts ante 35
Jul.te posts ante 35
Doualapk9 posts ante 35
jonathan.66 posts ante 35
P1xel7 posts ante 35
majute27 posts small blind 150
LAsAleBET posts big blind 300
Dealt to P1xel7 [Ts 6h]
*** PRE-FLOP *** 
Jul.te folds
Doualapk9 raises 18122 to 18422 and is all-in
jonathan.66 folds
P1xel7 folds
majute27 folds
LAsAleBET folds
Doualapk9 collected 19082 from pot
*** SUMMARY ***
Total pot 19082 | No rake
Seat 3: Doualapk9 won 19082


Winamax Poker - Tournament "Kill The Fish" buyIn: 0.45€ + 0.05€ level: 3 - HandId: #2910501531780382723-44-1691521602 - Holdem no limit (35/150/300) - 2023/08/08 19:06:42 UTC
Table: 'Kill The Fish(677653945)#002' 6-max (real money) Seat #6 is the button
Seat 1: LAsAleBET (19635, 0.22€ bounty)
Seat 2: Jul.te (17589, 0.22€ bounty)
Seat 3: Doualapk9 (19082, 0.22€ bounty)
Seat 4: jonathan.66 (72246, 0.33€ bounty)
Seat 5: P1xel7 (19995, 0.22€ bounty)
Seat 6: majute27 (43668, 0.44€ bounty)
*** ANTE/BLINDS ***
LAsAleBET posts ante 35
Jul.te posts ante 35
Doualapk9 posts ante 35
jonathan.66 posts ante 35
P1xel7 posts ante 35
majute27 posts ante 35
LAsAleBET posts small blind 150
Jul.te posts big blind 300
Dealt to P1xel7 [5s 3h]
*** PRE-FLOP *** 
Doualapk9 folds
jonathan.66 raises 450 to 750
P1xel7 folds
majute27 folds
LAsAleBET folds
Jul.te folds
jonathan.66 collected 1410 from pot
*** SUMMARY ***
Total pot 1410 | No rake
Seat 4: jonathan.66 won 1410


Winamax Poker - Tournament "Kill The Fish" buyIn: 0.45€ + 0.05€ level: 3 - HandId: #2910501531780382723-45-1691521620 - Holdem no limit (35/150/300) - 2023/08/08 19:07:00 UTC
Table: 'Kill The Fish(677653945)#002' 6-max (real money) Seat #1 is the button
Seat 1: LAsAleBET (19450, 0.22€ bounty)
Seat 2: Jul.te (17254, 0.22€ bounty)
Seat 3: Doualapk9 (19047, 0.22€ bounty)
Seat 4: jonathan.66 (72871, 0.33€ bounty)
Seat 5: P1xel7 (19960, 0.22€ bounty)
Seat 6: majute27 (43633, 0.44€ bounty)
*** ANTE/BLINDS ***
Jul.te posts ante 35
Doualapk9 posts ante 35
LAsAleBET posts ante 35
jonathan.66 posts ante 35
P1xel7 posts ante 35
majute27 posts ante 35
Jul.te posts small blind 150
Doualapk9 posts big blind 300
Dealt to P1xel7 [Qs 3h]
*** PRE-FLOP *** 
jonathan.66 raises 300 to 600
P1xel7 folds
majute27 folds
LAsAleBET raises 1200 to 1800
Jul.te folds
Doualapk9 folds
jonathan.66 calls 1200
*** FLOP *** [9d Kh Ac]
jonathan.66 checks
LAsAleBET bets 2130
jonathan.66 calls 2130
*** TURN *** [9d Kh Ac][7s]
jonathan.66 checks
LAsAleBET checks
*** RIVER *** [9d Kh Ac 7s][8s]
jonathan.66 checks
LAsAleBET bets 3600
jonathan.66 calls 3600
*** SHOW DOWN ***
jonathan.66 shows [Ks Td] (One pair : Kings)
LAsAleBET shows [As Ah] (Trips of Aces)
LAsAleBET collected 15720 from pot
*** SUMMARY ***
Total pot 15720 | No rake
Board: [9d Kh Ac 7s 8s]
Seat 1: LAsAleBET (button) showed [As Ah] and won 15720 with Trips of Aces
Seat 4: jonathan.66 showed [Ks Td] and lost with One pair : Kings


Winamax Poker - Tournament "Kill The Fish" buyIn: 0.45€ + 0.05€ level: 3 - HandId: #2910501531780382723-46-1691521702 - Holdem no limit (35/150/300) - 2023/08/08 19:08:22 UTC
Table: 'Kill The Fish(677653945)#002' 6-max (real money) Seat #2 is the button
Seat 1: LAsAleBET (27605, 0.22€ bounty)
Seat 2: Jul.te (17069, 0.22€ bounty)
Seat 3: Doualapk9 (18712, 0.22€ bounty)
Seat 4: jonathan.66 (65306, 0.33€ bounty)
Seat 5: P1xel7 (19925, 0.22€ bounty)
Seat 6: majute27 (43598, 0.44€ bounty)
*** ANTE/BLINDS ***
Doualapk9 posts ante 35
jonathan.66 posts ante 35
LAsAleBET posts ante 35
Jul.te posts ante 35
P1xel7 posts ante 35
majute27 posts ante 35
Doualapk9 posts small blind 150
jonathan.66 posts big blind 300
Dealt to P1xel7 [8h Ac]
*** PRE-FLOP *** 
P1xel7 folds
majute27 raises 300 to 600
LAsAleBET folds
Jul.te folds
Doualapk9 calls 450
jonathan.66 folds
*** FLOP *** [9h 2s Qc]
Doualapk9 checks
majute27 bets 855
Doualapk9 calls 855
*** TURN *** [9h 2s Qc][9d]
Doualapk9 checks
majute27 bets 1710
Doualapk9 calls 1710
*** RIVER *** [9h 2s Qc 9d][8s]
Doualapk9 checks
majute27 bets 4446
Doualapk9 calls 4446
*** SHOW DOWN ***
Doualapk9 shows [Qd Td] (Two pairs : Queens and 9)
majute27 shows [7s 9s] (Trips of 9)
majute27 collected 15732 from pot
*** SUMMARY ***
Total pot 15732 | No rake
Board: [9h 2s Qc 9d 8s]
Seat 3: Doualapk9 (small blind) showed [Qd Td] and lost with Two pairs : Queens and 9
Seat 6: majute27 showed [7s 9s] and won 15732 with Trips of 9


Winamax Poker - Tournament "Kill The Fish" buyIn: 0.45€ + 0.05€ level: 3 - HandId: #2910501531780382723-47-1691521744 - Holdem no limit (35/150/300) - 2023/08/08 19:09:04 UTC
Table: 'Kill The Fish(677653945)#002' 6-max (real money) Seat #3 is the button
Seat 1: LAsAleBET (27570, 0.22€ bounty)
Seat 2: Jul.te (17034, 0.22€ bounty)
Seat 3: Doualapk9 (11066, 0.22€ bounty)
Seat 4: jonathan.66 (64971, 0.33€ bounty)
Seat 5: P1xel7 (19890, 0.22€ bounty)
Seat 6: majute27 (51684, 0.44€ bounty)
*** ANTE/BLINDS ***
jonathan.66 posts ante 35
P1xel7 posts ante 35
LAsAleBET posts ante 35
Jul.te posts ante 35
Doualapk9 posts ante 35
majute27 posts ante 35
jonathan.66 posts small blind 150
P1xel7 posts big blind 300
Dealt to P1xel7 [5c Kh]
*** PRE-FLOP *** 
majute27 folds
LAsAleBET folds
Jul.te folds
Doualapk9 folds
jonathan.66 folds
P1xel7 collected 660 from pot
*** SUMMARY ***
Total pot 660 | No rake
Seat 5: P1xel7 (big blind) won 660


Winamax Poker - Tournament "Kill The Fish" buyIn: 0.45€ + 0.05€ level: 3 - HandId: #2910501531780382723-48-1691521781 - Holdem no limit (35/150/300) - 2023/08/08 19:09:41 UTC
Table: 'Kill The Fish(677653945)#002' 6-max (real money) Seat #4 is the button
Seat 1: LAsAleBET (27535, 0.22€ bounty)
Seat 2: Jul.te (16999, 0.22€ bounty)
Seat 3: Doualapk9 (11031, 0.22€ bounty)
Seat 4: jonathan.66 (64786, 0.33€ bounty)
Seat 5: P1xel7 (20215, 0.22€ bounty)
Seat 6: majute27 (51649, 0.44€ bounty)
*** ANTE/BLINDS ***
P1xel7 posts ante 35
majute27 posts ante 35
LAsAleBET posts ante 35
Jul.te posts ante 35
Doualapk9 posts ante 35
jonathan.66 posts ante 35
P1xel7 posts small blind 150
majute27 posts big blind 300
Dealt to P1xel7 [2d Th]
*** PRE-FLOP *** 
LAsAleBET raises 450 to 750
Jul.te folds
Doualapk9 folds
jonathan.66 folds
P1xel7 folds
majute27 folds
LAsAleBET collected 1410 from pot
*** SUMMARY ***
Total pot 1410 | No rake
Seat 1: LAsAleBET won 1410


Winamax Poker - Tournament "Kill The Fish" buyIn: 0.45€ + 0.05€ level: 3 - HandId: #2910501531780382723-49-1691521796 - Holdem no limit (35/150/300) - 2023/08/08 19:09:56 UTC
Table: 'Kill The Fish(677653945)#002' 6-max (real money) Seat #5 is the button
Seat 1: LAsAleBET (28160, 0.22€ bounty)
Seat 2: Jul.te (16964, 0.22€ bounty)
Seat 3: Doualapk9 (10996, 0.22€ bounty)
Seat 4: jonathan.66 (64751, 0.33€ bounty)
Seat 5: P1xel7 (20030, 0.22€ bounty)
Seat 6: majute27 (51314, 0.44€ bounty)
*** ANTE/BLINDS ***
majute27 posts ante 35
LAsAleBET posts ante 35
Jul.te posts ante 35
Doualapk9 posts ante 35
jonathan.66 posts ante 35
P1xel7 posts ante 35
majute27 posts small blind 150
LAsAleBET posts big blind 300
Dealt to P1xel7 [3h Kd]
*** PRE-FLOP *** 
Jul.te folds
Doualapk9 folds
jonathan.66 folds
P1xel7 folds
majute27 folds
LAsAleBET collected 660 from pot
*** SUMMARY ***
Total pot 660 | No rake
Seat 1: LAsAleBET (big blind) won 660


Winamax Poker - Tournament "Kill The Fish" buyIn: 0.45€ + 0.05€ level: 3 - HandId: #2910501531780382723-50-1691521832 - Holdem no limit (35/150/300) - 2023/08/08 19:10:32 UTC
Table: 'Kill The Fish(677653945)#002' 6-max (real money) Seat #6 is the button
Seat 1: LAsAleBET (28485, 0.22€ bounty)
Seat 2: Jul.te (16929, 0.22€ bounty)
Seat 3: Doualapk9 (10961, 0.22€ bounty)
Seat 4: jonathan.66 (64716, 0.33€ bounty)
Seat 5: P1xel7 (19995, 0.22€ bounty)
Seat 6: majute27 (51129, 0.44€ bounty)
*** ANTE/BLINDS ***
LAsAleBET posts ante 35
Jul.te posts ante 35
Doualapk9 posts ante 35
jonathan.66 posts ante 35
P1xel7 posts ante 35
majute27 posts ante 35
LAsAleBET posts small blind 150
Jul.te posts big blind 300
Dealt to P1xel7 [Js Ac]
*** PRE-FLOP *** 
Doualapk9 folds
jonathan.66 folds
P1xel7 raises 600 to 900
majute27 calls 900
LAsAleBET folds
Jul.te calls 600
*** FLOP *** [Qh Kh 5d]
Jul.te checks
P1xel7 checks
majute27 checks
*** TURN *** [Qh Kh 5d][Td]
Jul.te checks
P1xel7 checks
majute27 checks
*** RIVER *** [Qh Kh 5d Td][8s]
Jul.te checks
P1xel7 bets 2448
majute27 folds
Jul.te calls 2448
*** SHOW DOWN ***
Jul.te shows [7d Qd] (One pair : Queens)
P1xel7 shows [Js Ac] (Straight Ace high)
P1xel7 collected 7956 from pot
*** SUMMARY ***
Total pot 7956 | No rake
Board: [Qh Kh 5d Td 8s]
Seat 2: Jul.te (big blind) showed [7d Qd] and lost with One pair : Queens
Seat 5: P1xel7 showed [Js Ac] and won 7956 with Straight Ace high


Winamax Poker - Tournament "Kill The Fish" buyIn: 0.45€ + 0.05€ level: 4 - HandId: #2910501531780382723-51-1691521919 - Holdem no limit (40/175/350) - 2023/08/08 19:11:59 UTC
Table: 'Kill The Fish(677653945)#002' 6-max (real money) Seat #1 is the button
Seat 1: LAsAleBET (28300, 0.22€ bounty)
Seat 2: Jul.te (13546, 0.22€ bounty)
Seat 3: Doualapk9 (10926, 0.22€ bounty)
Seat 4: jonathan.66 (64681, 0.33€ bounty)
Seat 5: P1xel7 (24568, 0.22€ bounty)
Seat 6: majute27 (50194, 0.44€ bounty)
*** ANTE/BLINDS ***
Jul.te posts ante 40
Doualapk9 posts ante 40
LAsAleBET posts ante 40
jonathan.66 posts ante 40
P1xel7 posts ante 40
majute27 posts ante 40
Jul.te posts small blind 175
Doualapk9 posts big blind 350
Dealt to P1xel7 [3d 6h]
*** PRE-FLOP *** 
jonathan.66 calls 350
P1xel7 folds
majute27 raises 350 to 700
LAsAleBET folds
Jul.te folds
Doualapk9 calls 350
jonathan.66 calls 350
*** FLOP *** [Kc 2d Jh]
Doualapk9 checks
jonathan.66 checks
majute27 bets 1258
Doualapk9 calls 1258
jonathan.66 calls 1258
*** TURN *** [Kc 2d Jh][3h]
Doualapk9 checks
jonathan.66 checks
majute27 bets 3145
Doualapk9 folds
jonathan.66 calls 3145
*** RIVER *** [Kc 2d Jh 3h][3c]
jonathan.66 checks
majute27 checks
*** SHOW DOWN ***
jonathan.66 shows [Jc Qh] (Two pairs : Jacks and 3)
majute27 shows [Jd Ad] (Two pairs : Jacks and 3)
majute27 collected 12579 from pot
*** SUMMARY ***
Total pot 12579 | No rake
Board: [Kc 2d Jh 3h 3c]
Seat 4: jonathan.66 showed [Jc Qh] and lost with Two pairs : Jacks and 3
Seat 6: majute27 showed [Jd Ad] and won 12579 with Two pairs : Jacks and 3


Winamax Poker - Tournament "Kill The Fish" buyIn: 0.45€ + 0.05€ level: 4 - HandId: #2910501531780382723-52-1691522004 - Holdem no limit (40/175/350) - 2023/08/08 19:13:24 UTC
Table: 'Kill The Fish(677653945)#002' 6-max (real money) Seat #2 is the button
Seat 1: LAsAleBET (28260, 0.22€ bounty)
Seat 2: Jul.te (13331, 0.22€ bounty)
Seat 3: Doualapk9 (8928, 0.22€ bounty)
Seat 4: jonathan.66 (59538, 0.33€ bounty)
Seat 5: P1xel7 (24528, 0.22€ bounty)
Seat 6: majute27 (57630, 0.44€ bounty)
*** ANTE/BLINDS ***
Doualapk9 posts ante 40
jonathan.66 posts ante 40
LAsAleBET posts ante 40
Jul.te posts ante 40
P1xel7 posts ante 40
majute27 posts ante 40
Doualapk9 posts small blind 175
jonathan.66 posts big blind 350
Dealt to P1xel7 [4h Td]
*** PRE-FLOP *** 
P1xel7 folds
majute27 folds
LAsAleBET folds
Jul.te folds
Doualapk9 calls 175
jonathan.66 checks
*** FLOP *** [Kc Jc 7h]
Doualapk9 checks
jonathan.66 checks
*** TURN *** [Kc Jc 7h][Jh]
Doualapk9 checks
jonathan.66 bets 611
Doualapk9 calls 611
*** RIVER *** [Kc Jc 7h Jh][Ts]
Doualapk9 checks
jonathan.66 checks
*** SHOW DOWN ***
jonathan.66 shows [As 8s] (One pair : Jacks)
Doualapk9 shows [7s 5s] (Two pairs : Jacks and 7)
Doualapk9 collected 2162 from pot
*** SUMMARY ***
Total pot 2162 | No rake
Board: [Kc Jc 7h Jh Ts]
Seat 3: Doualapk9 (small blind) showed [7s 5s] and won 2162 with Two pairs : Jacks and 7
Seat 4: jonathan.66 (big blind) showed [As 8s] and lost with One pair : Jacks


Winamax Poker - Tournament "Kill The Fish" buyIn: 0.45€ + 0.05€ level: 4 - HandId: #2910501531780382723-53-1691522056 - Holdem no limit (40/175/350) - 2023/08/08 19:14:16 UTC
Table: 'Kill The Fish(677653945)#002' 6-max (real money) Seat #3 is the button
Seat 1: LAsAleBET (28220, 0.22€ bounty)
Seat 2: Jul.te (13291, 0.22€ bounty)
Seat 3: Doualapk9 (10089, 0.22€ bounty)
Seat 4: jonathan.66 (58537, 0.33€ bounty)
Seat 5: P1xel7 (24488, 0.22€ bounty)
Seat 6: majute27 (57590, 0.44€ bounty)
*** ANTE/BLINDS ***
jonathan.66 posts ante 40
P1xel7 posts ante 40
LAsAleBET posts ante 40
Jul.te posts ante 40
Doualapk9 posts ante 40
majute27 posts ante 40
jonathan.66 posts small blind 175
P1xel7 posts big blind 350
Dealt to P1xel7 [Qs 3s]
*** PRE-FLOP *** 
majute27 folds
LAsAleBET folds
Jul.te folds
Doualapk9 folds
jonathan.66 folds
P1xel7 collected 765 from pot
*** SUMMARY ***
Total pot 765 | No rake
Seat 5: P1xel7 (big blind) won 765


Winamax Poker - Tournament "Kill The Fish" buyIn: 0.45€ + 0.05€ level: 4 - HandId: #2910501531780382723-54-1691522069 - Holdem no limit (40/175/350) - 2023/08/08 19:14:29 UTC
Table: 'Kill The Fish(677653945)#002' 6-max (real money) Seat #4 is the button
Seat 1: LAsAleBET (28180, 0.22€ bounty)
Seat 2: Jul.te (13251, 0.22€ bounty)
Seat 3: Doualapk9 (10049, 0.22€ bounty)
Seat 4: jonathan.66 (58322, 0.33€ bounty)
Seat 5: P1xel7 (24863, 0.22€ bounty)
Seat 6: majute27 (57550, 0.44€ bounty)
*** ANTE/BLINDS ***
P1xel7 posts ante 40
majute27 posts ante 40
LAsAleBET posts ante 40
Jul.te posts ante 40
Doualapk9 posts ante 40
jonathan.66 posts ante 40
P1xel7 posts small blind 175
majute27 posts big blind 350
Dealt to P1xel7 [Qh 2c]
*** PRE-FLOP *** 
LAsAleBET folds
Jul.te folds
Doualapk9 folds
jonathan.66 folds
P1xel7 folds
majute27 collected 765 from pot
*** SUMMARY ***
Total pot 765 | No rake
Seat 6: majute27 (big blind) won 765


Winamax Poker - Tournament "Kill The Fish" buyIn: 0.45€ + 0.05€ level: 4 - HandId: #2910501531780382723-55-1691522079 - Holdem no limit (40/175/350) - 2023/08/08 19:14:39 UTC
Table: 'Kill The Fish(677653945)#002' 6-max (real money) Seat #5 is the button
Seat 1: LAsAleBET (28140, 0.22€ bounty)
Seat 2: Jul.te (13211, 0.22€ bounty)
Seat 3: Doualapk9 (10009, 0.22€ bounty)
Seat 4: jonathan.66 (58282, 0.33€ bounty)
Seat 5: P1xel7 (24648, 0.22€ bounty)
Seat 6: majute27 (57925, 0.44€ bounty)
*** ANTE/BLINDS ***
majute27 posts ante 40
LAsAleBET posts ante 40
Jul.te posts ante 40
Doualapk9 posts ante 40
jonathan.66 posts ante 40
P1xel7 posts ante 40
majute27 posts small blind 175
LAsAleBET posts big blind 350
Dealt to P1xel7 [3c Ad]
*** PRE-FLOP *** 
Jul.te folds
Doualapk9 folds
jonathan.66 raises 525 to 875
P1xel7 folds
majute27 folds
LAsAleBET folds
jonathan.66 collected 1640 from pot
*** SUMMARY ***
Total pot 1640 | No rake
Seat 4: jonathan.66 won 1640


Winamax Poker - Tournament "Kill The Fish" buyIn: 0.45€ + 0.05€ level: 4 - HandId: #2910501531780382723-56-1691522106 - Holdem no limit (40/175/350) - 2023/08/08 19:15:06 UTC
Table: 'Kill The Fish(677653945)#002' 6-max (real money) Seat #6 is the button
Seat 1: LAsAleBET (27750, 0.22€ bounty)
Seat 2: Jul.te (13171, 0.22€ bounty)
Seat 3: Doualapk9 (9969, 0.22€ bounty)
Seat 4: jonathan.66 (59007, 0.33€ bounty)
Seat 5: P1xel7 (24608, 0.22€ bounty)
Seat 6: majute27 (57710, 0.44€ bounty)
*** ANTE/BLINDS ***
LAsAleBET posts ante 40
Jul.te posts ante 40
Doualapk9 posts ante 40
jonathan.66 posts ante 40
P1xel7 posts ante 40
majute27 posts ante 40
LAsAleBET posts small blind 175
Jul.te posts big blind 350
Dealt to P1xel7 [4s 8c]
*** PRE-FLOP *** 
Doualapk9 folds
jonathan.66 raises 525 to 875
P1xel7 folds
majute27 folds
LAsAleBET calls 700
Jul.te folds
*** FLOP *** [Jc 5s 2h]
LAsAleBET checks
jonathan.66 checks
*** TURN *** [Jc 5s 2h][As]
LAsAleBET checks
jonathan.66 bets 819
LAsAleBET calls 819
*** RIVER *** [Jc 5s 2h As][Td]
LAsAleBET checks
jonathan.66 checks
*** SHOW DOWN ***
LAsAleBET shows [4c 4d] (One pair : 4)
jonathan.66 shows [Tc Kd] (One pair : Tens)
jonathan.66 collected 3978 from pot
*** SUMMARY ***
Total pot 3978 | No rake
Board: [Jc 5s 2h As Td]
Seat 1: LAsAleBET (small blind) showed [4c 4d] and lost with One pair : 4
Seat 4: jonathan.66 showed [Tc Kd] and won 3978 with One pair : Tens


Winamax Poker - Tournament "Kill The Fish" buyIn: 0.45€ + 0.05€ level: 5 - HandId: #2910501531780382723-57-1691522185 - Holdem no limit (50/200/400) - 2023/08/08 19:16:25 UTC
Table: 'Kill The Fish(677653945)#002' 6-max (real money) Seat #1 is the button
Seat 1: LAsAleBET (26016, 0.22€ bounty)
Seat 2: Jul.te (12781, 0.22€ bounty)
Seat 3: Doualapk9 (9929, 0.22€ bounty)
Seat 4: jonathan.66 (61251, 0.33€ bounty)
Seat 5: P1xel7 (24568, 0.22€ bounty)
Seat 6: majute27 (57670, 0.44€ bounty)
*** ANTE/BLINDS ***
Jul.te posts ante 50
Doualapk9 posts ante 50
LAsAleBET posts ante 50
jonathan.66 posts ante 50
P1xel7 posts ante 50
majute27 posts ante 50
Jul.te posts small blind 200
Doualapk9 posts big blind 400
Dealt to P1xel7 [6s 6h]
*** PRE-FLOP *** 
jonathan.66 folds
P1xel7 raises 1000 to 1400
majute27 folds
LAsAleBET calls 1400
Jul.te folds
Doualapk9 folds
*** FLOP *** [Ts 5s Qd]
P1xel7 bets 1295
LAsAleBET calls 1295
*** TURN *** [Ts 5s Qd][9c]
P1xel7 bets 3145
LAsAleBET calls 3145
*** RIVER *** [Ts 5s Qd 9c][7s]
P1xel7 checks
LAsAleBET checks
*** SHOW DOWN ***
P1xel7 shows [6s 6h] (One pair : 6)
LAsAleBET shows [Jh Jc] (One pair : Jacks)
LAsAleBET collected 12580 from pot
*** SUMMARY ***
Total pot 12580 | No rake
Board: [Ts 5s Qd 9c 7s]
Seat 1: LAsAleBET (button) showed [Jh Jc] and won 12580 with One pair : Jacks
Seat 5: P1xel7 showed [6s 6h] and lost with One pair : 6


Winamax Poker - Tournament "Kill The Fish" buyIn: 0.45€ + 0.05€ level: 5 - HandId: #2910501531780382723-58-1691522245 - Holdem no limit (50/200/400) - 2023/08/08 19:17:25 UTC
Table: 'Kill The Fish(677653945)#002' 6-max (real money) Seat #2 is the button
Seat 1: LAsAleBET (32706, 0.22€ bounty)
Seat 2: Jul.te (12531, 0.22€ bounty)
Seat 3: Doualapk9 (9479, 0.22€ bounty)
Seat 4: jonathan.66 (61201, 0.33€ bounty)
Seat 5: P1xel7 (18678, 0.22€ bounty)
Seat 6: majute27 (57620, 0.44€ bounty)
*** ANTE/BLINDS ***
Doualapk9 posts ante 50
jonathan.66 posts ante 50
LAsAleBET posts ante 50
Jul.te posts ante 50
P1xel7 posts ante 50
majute27 posts ante 50
Doualapk9 posts small blind 200
jonathan.66 posts big blind 400
Dealt to P1xel7 [Tc 8c]
*** PRE-FLOP *** 
P1xel7 folds
majute27 folds
LAsAleBET folds
Jul.te folds
Doualapk9 calls 200
jonathan.66 raises 800 to 1200
Doualapk9 raises 8229 to 9429 and is all-in
jonathan.66 calls 8229
*** FLOP *** [Th 9s 7h]
*** TURN *** [Th 9s 7h][4h]
*** RIVER *** [Th 9s 7h 4h][Ac]
*** SHOW DOWN ***
jonathan.66 shows [Jc Kh] (High card : Ace)
Doualapk9 shows [Js Ah] (One pair : Aces)
Doualapk9 collected 19158 from pot
*** SUMMARY ***
Total pot 19158 | No rake
Board: [Th 9s 7h 4h Ac]
Seat 3: Doualapk9 (small blind) showed [Js Ah] and won 19158 with One pair : Aces
Seat 4: jonathan.66 (big blind) showed [Jc Kh] and lost with High card : Ace


Winamax Poker - Tournament "Kill The Fish" buyIn: 0.45€ + 0.05€ level: 5 - HandId: #2910501531780382723-59-1691522275 - Holdem no limit (50/200/400) - 2023/08/08 19:17:55 UTC
Table: 'Kill The Fish(677653945)#002' 6-max (real money) Seat #3 is the button
Seat 1: LAsAleBET (32656, 0.22€ bounty)
Seat 2: Jul.te (12481, 0.22€ bounty)
Seat 3: Doualapk9 (19158, 0.22€ bounty)
Seat 4: jonathan.66 (51722, 0.33€ bounty)
Seat 5: P1xel7 (18628, 0.22€ bounty)
Seat 6: majute27 (57570, 0.44€ bounty)
*** ANTE/BLINDS ***
jonathan.66 posts ante 50
P1xel7 posts ante 50
LAsAleBET posts ante 50
Jul.te posts ante 50
Doualapk9 posts ante 50
majute27 posts ante 50
jonathan.66 posts small blind 200
P1xel7 posts big blind 400
Dealt to P1xel7 [Kc As]
*** PRE-FLOP *** 
majute27 folds
LAsAleBET folds
Jul.te folds
Doualapk9 calls 400
jonathan.66 raises 1500 to 1900
P1xel7 raises 2900 to 4800
Doualapk9 folds
jonathan.66 calls 2900
*** FLOP *** [2c 5c 7c]
jonathan.66 checks
P1xel7 bets 13778 and is all-in
jonathan.66 calls 13778
*** TURN *** [2c 5c 7c][2h]
*** RIVER *** [2c 5c 7c 2h][Td]
*** SHOW DOWN ***
jonathan.66 shows [Qc Kh] (One pair : 2)
P1xel7 shows [Kc As] (One pair : 2)
P1xel7 collected 37856 from pot
*** SUMMARY ***
Total pot 37856 | No rake
Board: [2c 5c 7c 2h Td]
Seat 4: jonathan.66 (small blind) showed [Qc Kh] and lost with One pair : 2
Seat 5: P1xel7 (big blind) showed [Kc As] and won 37856 with One pair : 2


Winamax Poker - Tournament "Kill The Fish" buyIn: 0.45€ + 0.05€ level: 5 - HandId: #2910501531780382723-60-1691522321 - Holdem no limit (50/200/400) - 2023/08/08 19:18:41 UTC
Table: 'Kill The Fish(677653945)#002' 6-max (real money) Seat #4 is the button
Seat 1: LAsAleBET (32606, 0.22€ bounty)
Seat 2: Jul.te (12431, 0.22€ bounty)
Seat 3: Doualapk9 (18708, 0.22€ bounty)
Seat 4: jonathan.66 (33094, 0.33€ bounty)
Seat 5: P1xel7 (37856, 0.22€ bounty)
Seat 6: majute27 (57520, 0.44€ bounty)
*** ANTE/BLINDS ***
P1xel7 posts ante 50
majute27 posts ante 50
LAsAleBET posts ante 50
Jul.te posts ante 50
Doualapk9 posts ante 50
jonathan.66 posts ante 50
P1xel7 posts small blind 200
majute27 posts big blind 400
Dealt to P1xel7 [Tc 3s]
*** PRE-FLOP *** 
LAsAleBET folds
Jul.te folds
Doualapk9 calls 400
jonathan.66 folds
P1xel7 folds
majute27 checks
*** FLOP *** [6c Ac 4c]
majute27 checks
Doualapk9 checks
*** TURN *** [6c Ac 4c][7s]
majute27 checks
Doualapk9 bets 455
majute27 folds
Doualapk9 collected 1755 from pot
*** SUMMARY ***
Total pot 1755 | No rake
Board: [6c Ac 4c 7s]
Seat 3: Doualapk9 won 1755


Winamax Poker - Tournament "Kill The Fish" buyIn: 0.45€ + 0.05€ level: 5 - HandId: #2910501531780382723-61-1691522379 - Holdem no limit (50/200/400) - 2023/08/08 19:19:39 UTC
Table: 'Kill The Fish(677653945)#002' 6-max (real money) Seat #5 is the button
Seat 1: LAsAleBET (32556, 0.22€ bounty)
Seat 2: Jul.te (12381, 0.22€ bounty)
Seat 3: Doualapk9 (19558, 0.22€ bounty)
Seat 4: jonathan.66 (33044, 0.33€ bounty)
Seat 5: P1xel7 (37606, 0.22€ bounty)
Seat 6: majute27 (57070, 0.44€ bounty)
*** ANTE/BLINDS ***
majute27 posts ante 50
LAsAleBET posts ante 50
Jul.te posts ante 50
Doualapk9 posts ante 50
jonathan.66 posts ante 50
P1xel7 posts ante 50
majute27 posts small blind 200
LAsAleBET posts big blind 400
Dealt to P1xel7 [As 8h]
*** PRE-FLOP *** 
Jul.te folds
Doualapk9 calls 400
jonathan.66 folds
P1xel7 raises 800 to 1200
majute27 folds
LAsAleBET folds
Doualapk9 calls 800
*** FLOP *** [7s 6c 9c]
Doualapk9 checks
P1xel7 bets 2145
Doualapk9 calls 2145
*** TURN *** [7s 6c 9c][4c]
Doualapk9 checks
P1xel7 checks
*** RIVER *** [7s 6c 9c 4c][Ac]
Doualapk9 checks
P1xel7 bets 4934
Doualapk9 folds
P1xel7 collected 12524 from pot
*** SUMMARY ***
Total pot 12524 | No rake
Board: [7s 6c 9c 4c Ac]
Seat 5: P1xel7 (button) won 12524


Winamax Poker - Tournament "Kill The Fish" buyIn: 0.45€ + 0.05€ level: 5 - HandId: #2910501531780382723-62-1691522427 - Holdem no limit (50/200/400) - 2023/08/08 19:20:27 UTC
Table: 'Kill The Fish(677653945)#002' 6-max (real money) Seat #6 is the button
Seat 1: LAsAleBET (32106, 0.22€ bounty)
Seat 2: Jul.te (12331, 0.22€ bounty)
Seat 3: Doualapk9 (16163, 0.22€ bounty)
Seat 4: jonathan.66 (32994, 0.33€ bounty)
Seat 5: P1xel7 (41801, 0.22€ bounty)
Seat 6: majute27 (56820, 0.44€ bounty)
*** ANTE/BLINDS ***
LAsAleBET posts ante 50
Jul.te posts ante 50
Doualapk9 posts ante 50
jonathan.66 posts ante 50
P1xel7 posts ante 50
majute27 posts ante 50
LAsAleBET posts small blind 200
Jul.te posts big blind 400
Dealt to P1xel7 [7s 6s]
*** PRE-FLOP *** 
Doualapk9 calls 400
jonathan.66 folds
P1xel7 folds
majute27 folds
LAsAleBET folds
Jul.te checks
*** FLOP *** [5d As 3c]
Jul.te checks
Doualapk9 checks
*** TURN *** [5d As 3c][8h]
Jul.te bets 600
Doualapk9 folds
Jul.te collected 1900 from pot
*** SUMMARY ***
Total pot 1900 | No rake
Board: [5d As 3c 8h]
Seat 2: Jul.te (big blind) won 1900


Winamax Poker - Tournament "Kill The Fish" buyIn: 0.45€ + 0.05€ level: 5 - HandId: #2910501531780382723-63-1691522459 - Holdem no limit (50/200/400) - 2023/08/08 19:20:59 UTC
Table: 'Kill The Fish(677653945)#002' 6-max (real money) Seat #1 is the button
Seat 1: LAsAleBET (31856, 0.22€ bounty)
Seat 2: Jul.te (13181, 0.22€ bounty)
Seat 3: Doualapk9 (15713, 0.22€ bounty)
Seat 4: jonathan.66 (32944, 0.33€ bounty)
Seat 5: P1xel7 (41751, 0.22€ bounty)
Seat 6: majute27 (56770, 0.44€ bounty)
*** ANTE/BLINDS ***
Jul.te posts ante 50
Doualapk9 posts ante 50
LAsAleBET posts ante 50
jonathan.66 posts ante 50
P1xel7 posts ante 50
majute27 posts ante 50
Jul.te posts small blind 200
Doualapk9 posts big blind 400
Dealt to P1xel7 [Ac 5d]
*** PRE-FLOP *** 
jonathan.66 folds
P1xel7 folds
majute27 folds
LAsAleBET folds
Jul.te folds
Doualapk9 collected 900 from pot
*** SUMMARY ***
Total pot 900 | No rake
Seat 3: Doualapk9 (big blind) won 900


Winamax Poker - Tournament "Kill The Fish" buyIn: 0.45€ + 0.05€ level: 6 - HandId: #2910501531780382723-64-1691522483 - Holdem no limit (60/250/500) - 2023/08/08 19:21:23 UTC
Table: 'Kill The Fish(677653945)#002' 6-max (real money) Seat #2 is the button
Seat 1: LAsAleBET (31806, 0.22€ bounty)
Seat 2: Jul.te (12931, 0.22€ bounty)
Seat 3: Doualapk9 (16163, 0.22€ bounty)
Seat 4: jonathan.66 (32894, 0.33€ bounty)
Seat 5: P1xel7 (41701, 0.22€ bounty)
Seat 6: majute27 (56720, 0.44€ bounty)
*** ANTE/BLINDS ***
Doualapk9 posts ante 60
jonathan.66 posts ante 60
LAsAleBET posts ante 60
Jul.te posts ante 60
P1xel7 posts ante 60
majute27 posts ante 60
Doualapk9 posts small blind 250
jonathan.66 posts big blind 500
Dealt to P1xel7 [Js 7s]
*** PRE-FLOP *** 
P1xel7 folds
majute27 raises 500 to 1000
LAsAleBET folds
Jul.te calls 1000
Doualapk9 folds
jonathan.66 calls 500
*** FLOP *** [3h 8s 9c]
jonathan.66 checks
majute27 checks
Jul.te bets 11871 and is all-in
jonathan.66 folds
majute27 folds
Jul.te collected 15481 from pot
*** SUMMARY ***
Total pot 15481 | No rake
Board: [3h 8s 9c]
Seat 2: Jul.te (button) won 15481


Winamax Poker - Tournament "Kill The Fish" buyIn: 0.45€ + 0.05€ level: 6 - HandId: #2910501531780382723-65-1691522542 - Holdem no limit (60/250/500) - 2023/08/08 19:22:22 UTC
Table: 'Kill The Fish(677653945)#002' 6-max (real money) Seat #3 is the button
Seat 1: LAsAleBET (31746, 0.22€ bounty)
Seat 2: Jul.te (15481, 0.22€ bounty)
Seat 3: Doualapk9 (15853, 0.22€ bounty)
Seat 4: jonathan.66 (31834, 0.33€ bounty)
Seat 5: P1xel7 (41641, 0.22€ bounty)
Seat 6: majute27 (55660, 0.44€ bounty)
*** ANTE/BLINDS ***
jonathan.66 posts ante 60
P1xel7 posts ante 60
LAsAleBET posts ante 60
Jul.te posts ante 60
Doualapk9 posts ante 60
majute27 posts ante 60
jonathan.66 posts small blind 250
P1xel7 posts big blind 500
Dealt to P1xel7 [As 8d]
*** PRE-FLOP *** 
majute27 raises 750 to 1250
LAsAleBET folds
Jul.te folds
Doualapk9 folds
jonathan.66 folds
P1xel7 calls 750
*** FLOP *** [8h Ah 7c]
P1xel7 checks
majute27 bets 1555
P1xel7 calls 1555
*** TURN *** [8h Ah 7c][8c]
P1xel7 checks
majute27 bets 3110
P1xel7 raises 4665 to 7775
majute27 folds
P1xel7 collected 17105 from pot
*** SUMMARY ***
Total pot 17105 | No rake
Board: [8h Ah 7c 8c]
Seat 5: P1xel7 (big blind) won 17105


Winamax Poker - Tournament "Kill The Fish" buyIn: 0.45€ + 0.05€ level: 6 - HandId: #2910501531780382723-66-1691522618 - Holdem no limit (60/250/500) - 2023/08/08 19:23:38 UTC
Table: 'Kill The Fish(677653945)#002' 6-max (real money) Seat #4 is the button
Seat 1: LAsAleBET (31686, 0.22€ bounty)
Seat 2: Jul.te (15421, 0.22€ bounty)
Seat 3: Doualapk9 (15793, 0.22€ bounty)
Seat 4: jonathan.66 (31524, 0.33€ bounty)
Seat 5: P1xel7 (48106, 0.22€ bounty)
Seat 6: majute27 (49685, 0.44€ bounty)
*** ANTE/BLINDS ***
P1xel7 posts ante 60
majute27 posts ante 60
LAsAleBET posts ante 60
Jul.te posts ante 60
Doualapk9 posts ante 60
jonathan.66 posts ante 60
P1xel7 posts small blind 250
majute27 posts big blind 500
Dealt to P1xel7 [Kc 2h]
*** PRE-FLOP *** 
LAsAleBET folds
Jul.te folds
Doualapk9 folds
jonathan.66 folds
P1xel7 folds
majute27 collected 1110 from pot
*** SUMMARY ***
Total pot 1110 | No rake
Seat 6: majute27 (big blind) won 1110


Winamax Poker - Tournament "Kill The Fish" buyIn: 0.45€ + 0.05€ level: 6 - HandId: #2910501531780382723-67-1691522649 - Holdem no limit (60/250/500) - 2023/08/08 19:24:09 UTC
Table: 'Kill The Fish(677653945)#002' 6-max (real money) Seat #5 is the button
Seat 1: LAsAleBET (31626, 0.22€ bounty)
Seat 2: Jul.te (15361, 0.22€ bounty)
Seat 3: Doualapk9 (15733, 0.22€ bounty)
Seat 4: jonathan.66 (31464, 0.33€ bounty)
Seat 5: P1xel7 (47796, 0.22€ bounty)
Seat 6: majute27 (50235, 0.44€ bounty)
*** ANTE/BLINDS ***
majute27 posts ante 60
LAsAleBET posts ante 60
Jul.te posts ante 60
Doualapk9 posts ante 60
jonathan.66 posts ante 60
P1xel7 posts ante 60
majute27 posts small blind 250
LAsAleBET posts big blind 500
Dealt to P1xel7 [5d 2h]
*** PRE-FLOP *** 
Jul.te folds
Doualapk9 calls 500
jonathan.66 folds
P1xel7 folds
majute27 folds
LAsAleBET checks
*** FLOP *** [8c 9s 4c]
LAsAleBET checks
Doualapk9 bets 1047
LAsAleBET folds
Doualapk9 collected 2657 from pot
*** SUMMARY ***
Total pot 2657 | No rake
Board: [8c 9s 4c]
Seat 3: Doualapk9 won 2657


Winamax Poker - Tournament "Kill The Fish" buyIn: 0.45€ + 0.05€ level: 6 - HandId: #2910501531780382723-68-1691522674 - Holdem no limit (60/250/500) - 2023/08/08 19:24:34 UTC
Table: 'Kill The Fish(677653945)#002' 6-max (real money) Seat #6 is the button
Seat 1: LAsAleBET (31066, 0.22€ bounty)
Seat 2: Jul.te (15301, 0.22€ bounty)
Seat 3: Doualapk9 (16783, 0.22€ bounty)
Seat 4: jonathan.66 (31404, 0.33€ bounty)
Seat 5: P1xel7 (47736, 0.22€ bounty)
Seat 6: majute27 (49925, 0.44€ bounty)
*** ANTE/BLINDS ***
LAsAleBET posts ante 60
Jul.te posts ante 60
Doualapk9 posts ante 60
jonathan.66 posts ante 60
P1xel7 posts ante 60
majute27 posts ante 60
LAsAleBET posts small blind 250
Jul.te posts big blind 500
Dealt to P1xel7 [Qs 7s]
*** PRE-FLOP *** 
Doualapk9 calls 500
jonathan.66 folds
P1xel7 folds
majute27 raises 2110 to 2610
LAsAleBET folds
Jul.te folds
Doualapk9 calls 2110
*** FLOP *** [3d Ah 8h]
Doualapk9 checks
majute27 bets 47255 and is all-in
Doualapk9 folds
majute27 collected 53585 from pot
*** SUMMARY ***
Total pot 53585 | No rake
Board: [3d Ah 8h]
Seat 6: majute27 (button) won 53585


Winamax Poker - Tournament "Kill The Fish" buyIn: 0.45€ + 0.05€ level: 6 - HandId: #2910501531780382723-69-1691522714 - Holdem no limit (60/250/500) - 2023/08/08 19:25:14 UTC
Table: 'Kill The Fish(677653945)#002' 6-max (real money) Seat #1 is the button
Seat 1: LAsAleBET (30756, 0.22€ bounty)
Seat 2: Jul.te (14741, 0.22€ bounty)
Seat 3: Doualapk9 (14113, 0.22€ bounty)
Seat 4: jonathan.66 (31344, 0.33€ bounty)
Seat 5: P1xel7 (47676, 0.22€ bounty)
Seat 6: majute27 (53585, 0.44€ bounty)
*** ANTE/BLINDS ***
Jul.te posts ante 60
Doualapk9 posts ante 60
LAsAleBET posts ante 60
jonathan.66 posts ante 60
P1xel7 posts ante 60
majute27 posts ante 60
Jul.te posts small blind 250
Doualapk9 posts big blind 500
Dealt to P1xel7 [Qd 9h]
*** PRE-FLOP *** 
jonathan.66 folds
P1xel7 folds
majute27 folds
LAsAleBET raises 500 to 1000
Jul.te folds
Doualapk9 calls 500
*** FLOP *** [Kh 5s Qh]
Doualapk9 checks
LAsAleBET checks
*** TURN *** [Kh 5s Qh][8c]
Doualapk9 checks
LAsAleBET checks
*** RIVER *** [Kh 5s Qh 8c][5c]
Doualapk9 checks
LAsAleBET checks
*** SHOW DOWN ***
LAsAleBET shows [Ah Jd] (One pair : 5)
Doualapk9 shows [8h 6d] (Two pairs : 8 and 5)
Doualapk9 collected 2610 from pot
*** SUMMARY ***
Total pot 2610 | No rake
Board: [Kh 5s Qh 8c 5c]
Seat 1: LAsAleBET (button) showed [Ah Jd] and lost with One pair : 5
Seat 3: Doualapk9 (big blind) showed [8h 6d] and won 2610 with Two pairs : 8 and 5


Winamax Poker - Tournament "Kill The Fish" buyIn: 0.45€ + 0.05€ level: 6 - HandId: #2910501531780382723-70-1691522752 - Holdem no limit (60/250/500) - 2023/08/08 19:25:52 UTC
Table: 'Kill The Fish(677653945)#002' 6-max (real money) Seat #2 is the button
Seat 1: LAsAleBET (29696, 0.22€ bounty)
Seat 2: Jul.te (14431, 0.22€ bounty)
Seat 3: Doualapk9 (15663, 0.22€ bounty)
Seat 4: jonathan.66 (31284, 0.33€ bounty)
Seat 5: P1xel7 (47616, 0.22€ bounty)
Seat 6: majute27 (53525, 0.44€ bounty)
*** ANTE/BLINDS ***
Doualapk9 posts ante 60
jonathan.66 posts ante 60
LAsAleBET posts ante 60
Jul.te posts ante 60
P1xel7 posts ante 60
majute27 posts ante 60
Doualapk9 posts small blind 250
jonathan.66 posts big blind 500
Dealt to P1xel7 [Tc 8s]
*** PRE-FLOP *** 
P1xel7 folds
majute27 folds
LAsAleBET folds
Jul.te folds
Doualapk9 calls 250
jonathan.66 checks
*** FLOP *** [3d Ac 9c]
Doualapk9 checks
jonathan.66 checks
*** TURN *** [3d Ac 9c][6c]
Doualapk9 bets 1360
jonathan.66 folds
Doualapk9 collected 2720 from pot
*** SUMMARY ***
Total pot 2720 | No rake
Board: [3d Ac 9c 6c]
Seat 3: Doualapk9 (small blind) won 2720


Winamax Poker - Tournament "Kill The Fish" buyIn: 0.45€ + 0.05€ level: 7 - HandId: #2910501531780382723-71-1691522795 - Holdem no limit (70/300/600) - 2023/08/08 19:26:35 UTC
Table: 'Kill The Fish(677653945)#002' 6-max (real money) Seat #3 is the button
Seat 1: LAsAleBET (29636, 0.22€ bounty)
Seat 2: Jul.te (14371, 0.22€ bounty)
Seat 3: Doualapk9 (16463, 0.22€ bounty)
Seat 4: jonathan.66 (30724, 0.33€ bounty)
Seat 5: P1xel7 (47556, 0.22€ bounty)
Seat 6: majute27 (53465, 0.44€ bounty)
*** ANTE/BLINDS ***
jonathan.66 posts ante 70
P1xel7 posts ante 70
LAsAleBET posts ante 70
Jul.te posts ante 70
Doualapk9 posts ante 70
majute27 posts ante 70
jonathan.66 posts small blind 300
P1xel7 posts big blind 600
Dealt to P1xel7 [7d 7h]
*** PRE-FLOP *** 
majute27 folds
LAsAleBET folds
Jul.te raises 13701 to 14301 and is all-in
Doualapk9 raises 2092 to 16393 and is all-in
jonathan.66 folds
P1xel7 calls 15793
*** FLOP *** [6c Qs 8h]
*** TURN *** [6c Qs 8h][Qc]
*** RIVER *** [6c Qs 8h Qc][9s]
*** SHOW DOWN ***
Jul.te shows [Jc Jd] (Two pairs : Queens and Jacks)
P1xel7 shows [7d 7h] (Two pairs : Queens and 7)
Doualapk9 shows [6s 6h] (Full of 6 and Queens)
Doualapk9 collected 47807 from pot
*** SUMMARY ***
Total pot 47807 | No rake
Board: [6c Qs 8h Qc 9s]
Seat 2: Jul.te showed [Jc Jd] and lost with Two pairs : Queens and Jacks
Seat 3: Doualapk9 (button) showed [6s 6h] and won 47807 with Full of 6 and Queens
Seat 5: P1xel7 (big blind) showed [7d 7h] and lost with Two pairs : Queens and 7


Winamax Poker - Tournament "Kill The Fish" buyIn: 0.45€ + 0.05€ level: 7 - HandId: #2910501531780382723-72-1691522843 - Holdem no limit (70/300/600) - 2023/08/08 19:27:23 UTC
Table: 'Kill The Fish(677653945)#002' 6-max (real money) Seat #4 is the button
Seat 1: LAsAleBET (29566, 0.22€ bounty)
Seat 3: Doualapk9 (47807, 0.33€ bounty)
Seat 4: jonathan.66 (30354, 0.33€ bounty)
Seat 5: P1xel7 (31093, 0.22€ bounty)
Seat 6: majute27 (53395, 0.44€ bounty)
*** ANTE/BLINDS ***
P1xel7 posts ante 70
majute27 posts ante 70
LAsAleBET posts ante 70
Doualapk9 posts ante 70
jonathan.66 posts ante 70
P1xel7 posts small blind 300
majute27 posts big blind 600
Dealt to P1xel7 [Kc 6h]
*** PRE-FLOP *** 
LAsAleBET folds
Doualapk9 folds
jonathan.66 folds
P1xel7 folds
majute27 collected 1250 from pot
*** SUMMARY ***
Total pot 1250 | No rake
Seat 6: majute27 (big blind) won 1250


Winamax Poker - Tournament "Kill The Fish" buyIn: 0.45€ + 0.05€ level: 7 - HandId: #2910501531780382723-73-1691522856 - Holdem no limit (70/300/600) - 2023/08/08 19:27:36 UTC
Table: 'Kill The Fish(677653945)#002' 6-max (real money) Seat #5 is the button
Seat 1: LAsAleBET (29496, 0.22€ bounty)
Seat 2: Pruni-NanaAS (20000, 0.22€ bounty)
Seat 3: Doualapk9 (47737, 0.33€ bounty)
Seat 4: jonathan.66 (30284, 0.33€ bounty)
Seat 5: P1xel7 (30723, 0.22€ bounty)
Seat 6: majute27 (53975, 0.44€ bounty)
*** ANTE/BLINDS ***
majute27 posts ante 70
LAsAleBET posts ante 70
Pruni-NanaAS posts ante 70
Doualapk9 posts ante 70
jonathan.66 posts ante 70
P1xel7 posts ante 70
majute27 posts small blind 300
LAsAleBET posts big blind 600
Dealt to P1xel7 [Qs Jd]
*** PRE-FLOP *** 
Pruni-NanaAS raises 600 to 1200
Doualapk9 folds
jonathan.66 calls 1200
P1xel7 calls 1200
majute27 calls 900
LAsAleBET folds
*** FLOP *** [Jc 3c 3d]
majute27 checks
Pruni-NanaAS bets 2037
jonathan.66 folds
P1xel7 calls 2037
majute27 folds
*** TURN *** [Jc 3c 3d][3h]
Pruni-NanaAS bets 3463
P1xel7 raises 6679 to 10142
Pruni-NanaAS raises 6551 to 16693 and is all-in
P1xel7 calls 6551
*** RIVER *** [Jc 3c 3d 3h][5c]
*** SHOW DOWN ***
P1xel7 shows [Qs Jd] (Full of 3 and Jacks)
Pruni-NanaAS shows [5d 5s] (Full of 5 and 3)
Pruni-NanaAS collected 43280 from pot
*** SUMMARY ***
Total pot 43280 | No rake
Board: [Jc 3c 3d 3h 5c]
Seat 2: Pruni-NanaAS showed [5d 5s] and won 43280 with Full of 5 and 3
Seat 5: P1xel7 (button) showed [Qs Jd] and lost with Full of 3 and Jacks


Winamax Poker - Tournament "Kill The Fish" buyIn: 0.45€ + 0.05€ level: 7 - HandId: #2910501531780382723-74-1691522911 - Holdem no limit (70/300/600) - 2023/08/08 19:28:31 UTC
Table: 'Kill The Fish(677653945)#002' 6-max (real money) Seat #6 is the button
Seat 1: LAsAleBET (28826, 0.22€ bounty)
Seat 2: Pruni-NanaAS (43280, 0.22€ bounty)
Seat 3: Doualapk9 (47667, 0.33€ bounty)
Seat 4: jonathan.66 (29014, 0.33€ bounty)
Seat 5: P1xel7 (10723, 0.22€ bounty)
Seat 6: majute27 (52705, 0.44€ bounty)
*** ANTE/BLINDS ***
LAsAleBET posts ante 70
Pruni-NanaAS posts ante 70
Doualapk9 posts ante 70
jonathan.66 posts ante 70
P1xel7 posts ante 70
majute27 posts ante 70
LAsAleBET posts small blind 300
Pruni-NanaAS posts big blind 600
Dealt to P1xel7 [5h Td]
*** PRE-FLOP *** 
Doualapk9 folds
jonathan.66 folds
P1xel7 folds
majute27 folds
LAsAleBET folds
Pruni-NanaAS collected 1320 from pot
*** SUMMARY ***
Total pot 1320 | No rake
Seat 2: Pruni-NanaAS (big blind) won 1320


Winamax Poker - Tournament "Kill The Fish" buyIn: 0.45€ + 0.05€ level: 7 - HandId: #2910501531780382723-75-1691522937 - Holdem no limit (70/300/600) - 2023/08/08 19:28:57 UTC
Table: 'Kill The Fish(677653945)#002' 6-max (real money) Seat #1 is the button
Seat 1: LAsAleBET (28456, 0.22€ bounty)
Seat 2: Pruni-NanaAS (43930, 0.22€ bounty)
Seat 3: Doualapk9 (47597, 0.33€ bounty)
Seat 4: jonathan.66 (28944, 0.33€ bounty)
Seat 5: P1xel7 (10653, 0.22€ bounty)
Seat 6: majute27 (52635, 0.44€ bounty)
*** ANTE/BLINDS ***
Pruni-NanaAS posts ante 70
Doualapk9 posts ante 70
LAsAleBET posts ante 70
jonathan.66 posts ante 70
P1xel7 posts ante 70
majute27 posts ante 70
Pruni-NanaAS posts small blind 300
Doualapk9 posts big blind 600
Dealt to P1xel7 [8c 2h]
*** PRE-FLOP *** 
jonathan.66 raises 1200 to 1800
P1xel7 folds
majute27 folds
LAsAleBET folds
Pruni-NanaAS folds
Doualapk9 folds
jonathan.66 collected 3120 from pot
*** SUMMARY ***
Total pot 3120 | No rake
Seat 4: jonathan.66 won 3120


Winamax Poker - Tournament "Kill The Fish" buyIn: 0.45€ + 0.05€ level: 7 - HandId: #2910501531780382723-76-1691522951 - Holdem no limit (70/300/600) - 2023/08/08 19:29:11 UTC
Table: 'Kill The Fish(677653945)#002' 6-max (real money) Seat #2 is the button
Seat 1: LAsAleBET (28386, 0.22€ bounty)
Seat 2: Pruni-NanaAS (43560, 0.22€ bounty)
Seat 3: Doualapk9 (46927, 0.33€ bounty)
Seat 4: jonathan.66 (30194, 0.33€ bounty)
Seat 5: P1xel7 (10583, 0.22€ bounty)
Seat 6: majute27 (52565, 0.44€ bounty)
*** ANTE/BLINDS ***
Doualapk9 posts ante 70
jonathan.66 posts ante 70
LAsAleBET posts ante 70
Pruni-NanaAS posts ante 70
P1xel7 posts ante 70
majute27 posts ante 70
Doualapk9 posts small blind 300
jonathan.66 posts big blind 600
Dealt to P1xel7 [6s 2c]
*** PRE-FLOP *** 
P1xel7 folds
majute27 folds
LAsAleBET folds
Pruni-NanaAS folds
Doualapk9 folds
jonathan.66 collected 1320 from pot
*** SUMMARY ***
Total pot 1320 | No rake
Seat 4: jonathan.66 (big blind) won 1320


Winamax Poker - Tournament "Kill The Fish" buyIn: 0.45€ + 0.05€ level: 7 - HandId: #2910501531780382723-77-1691522962 - Holdem no limit (70/300/600) - 2023/08/08 19:29:22 UTC
Table: 'Kill The Fish(677653945)#002' 6-max (real money) Seat #3 is the button
Seat 1: LAsAleBET (28316, 0.22€ bounty)
Seat 2: Pruni-NanaAS (43490, 0.22€ bounty)
Seat 3: Doualapk9 (46557, 0.33€ bounty)
Seat 4: jonathan.66 (30844, 0.33€ bounty)
Seat 5: P1xel7 (10513, 0.22€ bounty)
Seat 6: majute27 (52495, 0.44€ bounty)
*** ANTE/BLINDS ***
jonathan.66 posts ante 70
P1xel7 posts ante 70
LAsAleBET posts ante 70
Pruni-NanaAS posts ante 70
Doualapk9 posts ante 70
majute27 posts ante 70
jonathan.66 posts small blind 300
P1xel7 posts big blind 600
Dealt to P1xel7 [4c 9h]
*** PRE-FLOP *** 
majute27 raises 900 to 1500
LAsAleBET folds
Pruni-NanaAS raises 900 to 2400
Doualapk9 folds
jonathan.66 folds
P1xel7 folds
majute27 calls 900
*** FLOP *** [5h 3c 3h]
majute27 checks
Pruni-NanaAS checks
*** TURN *** [5h 3c 3h][7h]
majute27 bets 6120
Pruni-NanaAS folds
majute27 collected 12240 from pot
*** SUMMARY ***
Total pot 12240 | No rake
Board: [5h 3c 3h 7h]
Seat 6: majute27 won 12240


Winamax Poker - Tournament "Kill The Fish" buyIn: 0.45€ + 0.05€ level: 7 - HandId: #2910501531780382723-78-1691522989 - Holdem no limit (70/300/600) - 2023/08/08 19:29:49 UTC
Table: 'Kill The Fish(677653945)#002' 6-max (real money) Seat #4 is the button
Seat 1: LAsAleBET (28246, 0.22€ bounty)
Seat 2: Pruni-NanaAS (41020, 0.22€ bounty)
Seat 3: Doualapk9 (46487, 0.33€ bounty)
Seat 4: jonathan.66 (30474, 0.33€ bounty)
Seat 5: P1xel7 (9843, 0.22€ bounty)
Seat 6: majute27 (56145, 0.44€ bounty)
*** ANTE/BLINDS ***
P1xel7 posts ante 70
majute27 posts ante 70
LAsAleBET posts ante 70
Pruni-NanaAS posts ante 70
Doualapk9 posts ante 70
jonathan.66 posts ante 70
P1xel7 posts small blind 300
majute27 posts big blind 600
Dealt to P1xel7 [Ks Ac]
*** PRE-FLOP *** 
LAsAleBET folds
Pruni-NanaAS raises 600 to 1200
Doualapk9 calls 1200
jonathan.66 folds
P1xel7 raises 8573 to 9773 and is all-in
majute27 folds
Pruni-NanaAS calls 8573
Doualapk9 calls 8573
*** FLOP *** [Th Qh 6h]
Pruni-NanaAS checks
Doualapk9 bets 10619
Pruni-NanaAS folds
*** TURN *** [Th Qh 6h][4d]
*** RIVER *** [Th Qh 6h 4d][7d]
*** SHOW DOWN ***
P1xel7 shows [Ks Ac] (High card : Ace)
Doualapk9 shows [As Qc] (One pair : Queens)
Doualapk9 collected 40958 from pot
*** SUMMARY ***
Total pot 40958 | No rake
Board: [Th Qh 6h 4d 7d]
Seat 3: Doualapk9 showed [As Qc] and won 40958 with One pair : Queens
Seat 5: P1xel7 (small blind) showed [Ks Ac] and lost with High card : Ace


