Winamax Poker - Tournament "MYSTERY KO" buyIn: 0.90€ + 0.10€ level: 1 - HandId: #2910502742961160206-1-1691518502 - Holdem no limit (25/100/200) - 2023/08/08 18:15:02 UTC
Table: 'MYSTERY KO(677654227)#0013' 6-max (real money) Seat #4 is the button
Seat 1: LOUPBLANCBZH (20000)
Seat 2: Shadoudansa (20000)
Seat 3: donkshark (20000)
Seat 4: WpZPutre (20000)
Seat 5: P1xel7 (20000)
Seat 6: TheVenox (20000)
*** ANTE/BLINDS ***
P1xel7 posts ante 25
TheVenox posts ante 25
LOUPBLANCBZH posts ante 25
Shadoudansa posts ante 25
donkshark posts ante 25
WpZPutre posts ante 25
P1xel7 posts small blind 100
TheVenox posts big blind 200
Dealt to P1xel7 [Ad 3d]
*** PRE-FLOP *** 
LOUPBLANCBZH folds
Shadoudansa raises 300 to 500
donkshark folds
WpZPutre folds
P1xel7 folds
TheVenox calls 300
*** FLOP *** [8s 6c Ah]
TheVenox checks
Shadoudansa checks
*** TURN *** [8s 6c Ah][Kh]
TheVenox bets 438
Shadoudansa calls 438
*** RIVER *** [8s 6c Ah Kh][Tc]
TheVenox bets 1382
Shadoudansa calls 1382
*** SHOW DOWN ***
Shadoudansa shows [7c Kc] (One pair : Kings)
TheVenox shows [8c 8h] (Trips of 8)
TheVenox collected 4890 from pot
*** SUMMARY ***
Total pot 4890 | No rake
Board: [8s 6c Ah Kh Tc]
Seat 2: Shadoudansa showed [7c Kc] and lost with One pair : Kings
Seat 6: TheVenox (big blind) showed [8c 8h] and won 4890 with Trips of 8


Winamax Poker - Tournament "MYSTERY KO" buyIn: 0.90€ + 0.10€ level: 1 - HandId: #2910502742961160206-2-1691518550 - Holdem no limit (25/100/200) - 2023/08/08 18:15:50 UTC
Table: 'MYSTERY KO(677654227)#0013' 6-max (real money) Seat #5 is the button
Seat 1: LOUPBLANCBZH (19975)
Seat 3: donkshark (19975)
Seat 4: WpZPutre (19975)
Seat 5: P1xel7 (19875)
Seat 6: TheVenox (22545)
*** ANTE/BLINDS ***
TheVenox posts ante 25
LOUPBLANCBZH posts ante 25
donkshark posts ante 25
WpZPutre posts ante 25
P1xel7 posts ante 25
TheVenox posts small blind 100
LOUPBLANCBZH posts big blind 200
Dealt to P1xel7 [3s 6c]
*** PRE-FLOP *** 
donkshark folds
WpZPutre raises 400 to 600
P1xel7 folds
TheVenox calls 500
LOUPBLANCBZH folds
*** FLOP *** [Ac 6d 3c]
TheVenox checks
WpZPutre bets 534
TheVenox folds
WpZPutre collected 2059 from pot
*** SUMMARY ***
Total pot 2059 | No rake
Board: [Ac 6d 3c]
Seat 4: WpZPutre won 2059


Winamax Poker - Tournament "MYSTERY KO" buyIn: 0.90€ + 0.10€ level: 1 - HandId: #2910502742961160206-3-1691518585 - Holdem no limit (25/100/200) - 2023/08/08 18:16:25 UTC
Table: 'MYSTERY KO(677654227)#0013' 6-max (real money) Seat #6 is the button
Seat 1: LOUPBLANCBZH (19750)
Seat 2: FifiR2 (20000)
Seat 3: donkshark (19950)
Seat 4: WpZPutre (20875)
Seat 5: P1xel7 (19850)
Seat 6: TheVenox (21920)
*** ANTE/BLINDS ***
LOUPBLANCBZH posts ante 25
FifiR2 posts ante 25
donkshark posts ante 25
WpZPutre posts ante 25
P1xel7 posts ante 25
TheVenox posts ante 25
LOUPBLANCBZH posts small blind 100
FifiR2 posts big blind 200
Dealt to P1xel7 [3s 8s]
*** PRE-FLOP *** 
donkshark folds
WpZPutre folds
P1xel7 folds
TheVenox folds
LOUPBLANCBZH folds
FifiR2 collected 450 from pot
*** SUMMARY ***
Total pot 450 | No rake
Seat 2: FifiR2 (big blind) won 450


Winamax Poker - Tournament "MYSTERY KO" buyIn: 0.90€ + 0.10€ level: 1 - HandId: #2910502742961160206-4-1691518613 - Holdem no limit (25/100/200) - 2023/08/08 18:16:53 UTC
Table: 'MYSTERY KO(677654227)#0013' 6-max (real money) Seat #1 is the button
Seat 1: LOUPBLANCBZH (19625)
Seat 2: FifiR2 (20225)
Seat 3: donkshark (19925)
Seat 4: WpZPutre (20850)
Seat 5: P1xel7 (19825)
Seat 6: TheVenox (21895)
*** ANTE/BLINDS ***
FifiR2 posts ante 25
donkshark posts ante 25
LOUPBLANCBZH posts ante 25
WpZPutre posts ante 25
P1xel7 posts ante 25
TheVenox posts ante 25
FifiR2 posts small blind 100
donkshark posts big blind 200
Dealt to P1xel7 [Kd 5h]
*** PRE-FLOP *** 
WpZPutre folds
P1xel7 folds
TheVenox raises 300 to 500
LOUPBLANCBZH folds
FifiR2 folds
donkshark folds
TheVenox collected 950 from pot
*** SUMMARY ***
Total pot 950 | No rake
Seat 6: TheVenox won 950


Winamax Poker - Tournament "MYSTERY KO" buyIn: 0.90€ + 0.10€ level: 1 - HandId: #2910502742961160206-5-1691518644 - Holdem no limit (25/100/200) - 2023/08/08 18:17:24 UTC
Table: 'MYSTERY KO(677654227)#0013' 6-max (real money) Seat #2 is the button
Seat 1: LOUPBLANCBZH (19600)
Seat 2: FifiR2 (20100)
Seat 3: donkshark (19700)
Seat 4: WpZPutre (20825)
Seat 5: P1xel7 (19800)
Seat 6: TheVenox (22320)
*** ANTE/BLINDS ***
donkshark posts ante 25
WpZPutre posts ante 25
LOUPBLANCBZH posts ante 25
FifiR2 posts ante 25
P1xel7 posts ante 25
TheVenox posts ante 25
donkshark posts small blind 100
WpZPutre posts big blind 200
Dealt to P1xel7 [9h Qh]
*** PRE-FLOP *** 
P1xel7 folds
TheVenox folds
LOUPBLANCBZH folds
FifiR2 folds
donkshark folds
WpZPutre collected 450 from pot
*** SUMMARY ***
Total pot 450 | No rake
Seat 4: WpZPutre (big blind) won 450


Winamax Poker - Tournament "MYSTERY KO" buyIn: 0.90€ + 0.10€ level: 1 - HandId: #2910502742961160206-6-1691518663 - Holdem no limit (25/100/200) - 2023/08/08 18:17:43 UTC
Table: 'MYSTERY KO(677654227)#0013' 6-max (real money) Seat #3 is the button
Seat 1: LOUPBLANCBZH (19575)
Seat 2: FifiR2 (20075)
Seat 3: donkshark (19575)
Seat 4: WpZPutre (21050)
Seat 5: P1xel7 (19775)
Seat 6: TheVenox (22295)
*** ANTE/BLINDS ***
WpZPutre posts ante 25
P1xel7 posts ante 25
LOUPBLANCBZH posts ante 25
FifiR2 posts ante 25
donkshark posts ante 25
TheVenox posts ante 25
WpZPutre posts small blind 100
P1xel7 posts big blind 200
Dealt to P1xel7 [Qc 3d]
*** PRE-FLOP *** 
TheVenox raises 300 to 500
LOUPBLANCBZH folds
FifiR2 folds
donkshark folds
WpZPutre folds
P1xel7 folds
TheVenox collected 950 from pot
*** SUMMARY ***
Total pot 950 | No rake
Seat 6: TheVenox won 950


Winamax Poker - Tournament "MYSTERY KO" buyIn: 0.90€ + 0.10€ level: 1 - HandId: #2910502742961160206-7-1691518686 - Holdem no limit (25/100/200) - 2023/08/08 18:18:06 UTC
Table: 'MYSTERY KO(677654227)#0013' 6-max (real money) Seat #4 is the button
Seat 1: LOUPBLANCBZH (19550)
Seat 2: FifiR2 (20050)
Seat 3: donkshark (19550)
Seat 4: WpZPutre (20925)
Seat 5: P1xel7 (19550)
Seat 6: TheVenox (22720)
*** ANTE/BLINDS ***
P1xel7 posts ante 25
TheVenox posts ante 25
LOUPBLANCBZH posts ante 25
FifiR2 posts ante 25
donkshark posts ante 25
WpZPutre posts ante 25
P1xel7 posts small blind 100
TheVenox posts big blind 200
Dealt to P1xel7 [Ah 8h]
*** PRE-FLOP *** 
LOUPBLANCBZH folds
FifiR2 folds
donkshark folds
WpZPutre raises 400 to 600
P1xel7 folds
TheVenox folds
WpZPutre collected 1050 from pot
*** SUMMARY ***
Total pot 1050 | No rake
Seat 4: WpZPutre (button) won 1050


Winamax Poker - Tournament "MYSTERY KO" buyIn: 0.90€ + 0.10€ level: 1 - HandId: #2910502742961160206-8-1691518710 - Holdem no limit (25/100/200) - 2023/08/08 18:18:30 UTC
Table: 'MYSTERY KO(677654227)#0013' 6-max (real money) Seat #5 is the button
Seat 1: LOUPBLANCBZH (19525)
Seat 2: FifiR2 (20025)
Seat 3: donkshark (19525)
Seat 4: WpZPutre (21350)
Seat 5: P1xel7 (19425)
Seat 6: TheVenox (22495)
*** ANTE/BLINDS ***
TheVenox posts ante 25
LOUPBLANCBZH posts ante 25
FifiR2 posts ante 25
donkshark posts ante 25
WpZPutre posts ante 25
P1xel7 posts ante 25
TheVenox posts small blind 100
LOUPBLANCBZH posts big blind 200
Dealt to P1xel7 [Jd Qc]
*** PRE-FLOP *** 
FifiR2 folds
donkshark raises 300 to 500
WpZPutre folds
P1xel7 folds
TheVenox calls 400
LOUPBLANCBZH folds
*** FLOP *** [4s 5h 7c]
TheVenox checks
donkshark bets 473
TheVenox calls 473
*** TURN *** [4s 5h 7c][Qh]
TheVenox checks
donkshark bets 1248
TheVenox calls 1248
*** RIVER *** [4s 5h 7c Qh][9h]
TheVenox checks
donkshark bets 3834
TheVenox folds
donkshark collected 8626 from pot
*** SUMMARY ***
Total pot 8626 | No rake
Board: [4s 5h 7c Qh 9h]
Seat 3: donkshark won 8626


Winamax Poker - Tournament "MYSTERY KO" buyIn: 0.90€ + 0.10€ level: 1 - HandId: #2910502742961160206-9-1691518794 - Holdem no limit (25/100/200) - 2023/08/08 18:19:54 UTC
Table: 'MYSTERY KO(677654227)#0013' 6-max (real money) Seat #6 is the button
Seat 1: LOUPBLANCBZH (19300)
Seat 2: FifiR2 (20000)
Seat 3: donkshark (22071)
Seat 4: WpZPutre (21325)
Seat 5: P1xel7 (19400)
Seat 6: TheVenox (20249)
*** ANTE/BLINDS ***
LOUPBLANCBZH posts ante 25
FifiR2 posts ante 25
donkshark posts ante 25
WpZPutre posts ante 25
P1xel7 posts ante 25
TheVenox posts ante 25
LOUPBLANCBZH posts small blind 100
FifiR2 posts big blind 200
Dealt to P1xel7 [Ts Ah]
*** PRE-FLOP *** 
donkshark folds
WpZPutre folds
P1xel7 raises 400 to 600
TheVenox folds
LOUPBLANCBZH folds
FifiR2 folds
P1xel7 collected 1050 from pot
*** SUMMARY ***
Total pot 1050 | No rake
Seat 5: P1xel7 won 1050


Winamax Poker - Tournament "MYSTERY KO" buyIn: 0.90€ + 0.10€ level: 1 - HandId: #2910502742961160206-10-1691518838 - Holdem no limit (25/100/200) - 2023/08/08 18:20:38 UTC
Table: 'MYSTERY KO(677654227)#0013' 6-max (real money) Seat #1 is the button
Seat 1: LOUPBLANCBZH (19175)
Seat 2: FifiR2 (19775)
Seat 3: donkshark (22046)
Seat 4: WpZPutre (21300)
Seat 5: P1xel7 (19825)
Seat 6: TheVenox (20224)
*** ANTE/BLINDS ***
FifiR2 posts ante 25
donkshark posts ante 25
LOUPBLANCBZH posts ante 25
WpZPutre posts ante 25
P1xel7 posts ante 25
TheVenox posts ante 25
FifiR2 posts small blind 100
donkshark posts big blind 200
Dealt to P1xel7 [9d Jc]
*** PRE-FLOP *** 
WpZPutre folds
P1xel7 folds
TheVenox folds
LOUPBLANCBZH raises 1150 to 1350
FifiR2 folds
donkshark folds
LOUPBLANCBZH collected 1800 from pot
*** SUMMARY ***
Total pot 1800 | No rake
Seat 1: LOUPBLANCBZH (button) won 1800


Winamax Poker - Tournament "MYSTERY KO" buyIn: 0.90€ + 0.10€ level: 1 - HandId: #2910502742961160206-11-1691518857 - Holdem no limit (25/100/200) - 2023/08/08 18:20:57 UTC
Table: 'MYSTERY KO(677654227)#0013' 6-max (real money) Seat #2 is the button
Seat 1: LOUPBLANCBZH (19600)
Seat 2: FifiR2 (19650)
Seat 3: donkshark (21821)
Seat 4: WpZPutre (21275)
Seat 5: P1xel7 (19800)
Seat 6: TheVenox (20199)
*** ANTE/BLINDS ***
donkshark posts ante 25
WpZPutre posts ante 25
LOUPBLANCBZH posts ante 25
FifiR2 posts ante 25
P1xel7 posts ante 25
TheVenox posts ante 25
donkshark posts small blind 100
WpZPutre posts big blind 200
Dealt to P1xel7 [Qh 7d]
*** PRE-FLOP *** 
P1xel7 folds
TheVenox raises 300 to 500
LOUPBLANCBZH calls 500
FifiR2 calls 500
donkshark folds
WpZPutre folds
*** FLOP *** [8d 3h 3d]
TheVenox checks
LOUPBLANCBZH checks
FifiR2 checks
*** TURN *** [8d 3h 3d][5s]
TheVenox bets 683
LOUPBLANCBZH folds
FifiR2 folds
TheVenox collected 2633 from pot
*** SUMMARY ***
Total pot 2633 | No rake
Board: [8d 3h 3d 5s]
Seat 6: TheVenox won 2633


Winamax Poker - Tournament "MYSTERY KO" buyIn: 0.90€ + 0.10€ level: 1 - HandId: #2910502742961160206-12-1691518920 - Holdem no limit (25/100/200) - 2023/08/08 18:22:00 UTC
Table: 'MYSTERY KO(677654227)#0013' 6-max (real money) Seat #3 is the button
Seat 1: LOUPBLANCBZH (19075)
Seat 2: FifiR2 (19125)
Seat 3: donkshark (21696)
Seat 4: WpZPutre (21050)
Seat 5: P1xel7 (19775)
Seat 6: TheVenox (21624)
*** ANTE/BLINDS ***
WpZPutre posts ante 25
P1xel7 posts ante 25
LOUPBLANCBZH posts ante 25
FifiR2 posts ante 25
donkshark posts ante 25
TheVenox posts ante 25
WpZPutre posts small blind 100
P1xel7 posts big blind 200
Dealt to P1xel7 [4s Ks]
*** PRE-FLOP *** 
TheVenox folds
LOUPBLANCBZH folds
FifiR2 folds
donkshark folds
WpZPutre raises 500 to 700
P1xel7 folds
WpZPutre collected 1050 from pot
*** SUMMARY ***
Total pot 1050 | No rake
Seat 4: WpZPutre (small blind) won 1050


Winamax Poker - Tournament "MYSTERY KO" buyIn: 0.90€ + 0.10€ level: 1 - HandId: #2910502742961160206-13-1691518944 - Holdem no limit (25/100/200) - 2023/08/08 18:22:24 UTC
Table: 'MYSTERY KO(677654227)#0013' 6-max (real money) Seat #4 is the button
Seat 1: LOUPBLANCBZH (19050)
Seat 2: FifiR2 (19100)
Seat 3: donkshark (21671)
Seat 4: WpZPutre (21375)
Seat 5: P1xel7 (19550)
Seat 6: TheVenox (21599)
*** ANTE/BLINDS ***
P1xel7 posts ante 25
TheVenox posts ante 25
LOUPBLANCBZH posts ante 25
FifiR2 posts ante 25
donkshark posts ante 25
WpZPutre posts ante 25
P1xel7 posts small blind 100
TheVenox posts big blind 200
Dealt to P1xel7 [7d 5s]
*** PRE-FLOP *** 
LOUPBLANCBZH raises 18825 to 19025 and is all-in
FifiR2 folds
donkshark raises 2621 to 21646 and is all-in
WpZPutre folds
P1xel7 folds
TheVenox folds
*** FLOP *** [4d Ts As]
*** TURN *** [4d Ts As][Kc]
*** RIVER *** [4d Ts As Kc][6c]
*** SHOW DOWN ***
LOUPBLANCBZH shows [8h 8d] (One pair : 8)
donkshark shows [Js Jc] (One pair : Jacks)
donkshark collected 41121 from pot
*** SUMMARY ***
Total pot 41121 | No rake
Board: [4d Ts As Kc 6c]
Seat 1: LOUPBLANCBZH showed [8h 8d] and lost with One pair : 8
Seat 3: donkshark showed [Js Jc] and won 41121 with One pair : Jacks


Winamax Poker - Tournament "MYSTERY KO" buyIn: 0.90€ + 0.10€ level: 1 - HandId: #2910502742961160206-14-1691518972 - Holdem no limit (25/100/200) - 2023/08/08 18:22:52 UTC
Table: 'MYSTERY KO(677654227)#0013' 6-max (real money) Seat #5 is the button
Seat 2: FifiR2 (19075)
Seat 3: donkshark (41121)
Seat 4: WpZPutre (21350)
Seat 5: P1xel7 (19425)
Seat 6: TheVenox (21374)
*** ANTE/BLINDS ***
TheVenox posts ante 25
FifiR2 posts ante 25
donkshark posts ante 25
WpZPutre posts ante 25
P1xel7 posts ante 25
TheVenox posts small blind 100
FifiR2 posts big blind 200
Dealt to P1xel7 [8c Ad]
*** PRE-FLOP *** 
donkshark folds
WpZPutre raises 400 to 600
P1xel7 folds
TheVenox calls 500
FifiR2 folds
*** FLOP *** [Kc 5c 3d]
TheVenox checks
WpZPutre bets 534
TheVenox calls 534
*** TURN *** [Kc 5c 3d][4s]
TheVenox checks
WpZPutre checks
*** RIVER *** [Kc 5c 3d 4s][Ks]
TheVenox checks
WpZPutre bets 908
TheVenox calls 908
*** SHOW DOWN ***
WpZPutre shows [9c Js] (One pair : Kings)
TheVenox shows [7s 7h] (Two pairs : Kings and 7)
TheVenox collected 4409 from pot
*** SUMMARY ***
Total pot 4409 | No rake
Board: [Kc 5c 3d 4s Ks]
Seat 4: WpZPutre showed [9c Js] and lost with One pair : Kings
Seat 6: TheVenox (small blind) showed [7s 7h] and won 4409 with Two pairs : Kings and 7


Winamax Poker - Tournament "MYSTERY KO" buyIn: 0.90€ + 0.10€ level: 1 - HandId: #2910502742961160206-15-1691519091 - Holdem no limit (25/100/200) - 2023/08/08 18:24:51 UTC
Table: 'MYSTERY KO(677654227)#0013' 6-max (real money) Seat #6 is the button
Seat 1: Merguezriver (20000)
Seat 2: FifiR2 (18850)
Seat 3: donkshark (41096)
Seat 4: WpZPutre (19283)
Seat 5: P1xel7 (19400)
Seat 6: TheVenox (23716)
*** ANTE/BLINDS ***
FifiR2 posts ante 25
donkshark posts ante 25
WpZPutre posts ante 25
P1xel7 posts ante 25
TheVenox posts ante 25
FifiR2 posts small blind 100
donkshark posts big blind 200
Dealt to P1xel7 [2s Tc]
*** PRE-FLOP *** 
WpZPutre folds
P1xel7 folds
TheVenox folds
FifiR2 folds
donkshark collected 425 from pot
*** SUMMARY ***
Total pot 425 | No rake
Seat 3: donkshark (big blind) won 425


Winamax Poker - Tournament "MYSTERY KO" buyIn: 0.90€ + 0.10€ level: 1 - HandId: #2910502742961160206-16-1691519112 - Holdem no limit (25/100/200) - 2023/08/08 18:25:12 UTC
Table: 'MYSTERY KO(677654227)#0013' 6-max (real money) Seat #2 is the button
Seat 1: Merguezriver (20000)
Seat 2: FifiR2 (18725)
Seat 3: donkshark (41296)
Seat 4: WpZPutre (19258)
Seat 5: P1xel7 (19375)
Seat 6: TheVenox (23691)
*** ANTE/BLINDS ***
donkshark posts ante 25
WpZPutre posts ante 25
Merguezriver posts ante 25
FifiR2 posts ante 25
P1xel7 posts ante 25
TheVenox posts ante 25
donkshark posts small blind 100
WpZPutre posts big blind 200
Dealt to P1xel7 [Ah 5s]
*** PRE-FLOP *** 
P1xel7 folds
TheVenox folds
Merguezriver folds
FifiR2 folds
donkshark raises 300 to 500
WpZPutre folds
donkshark collected 850 from pot
*** SUMMARY ***
Total pot 850 | No rake
Seat 3: donkshark (small blind) won 850


Winamax Poker - Tournament "MYSTERY KO" buyIn: 0.90€ + 0.10€ level: 1 - HandId: #2910502742961160206-17-1691519180 - Holdem no limit (25/100/200) - 2023/08/08 18:26:20 UTC
Table: 'MYSTERY KO(677654227)#0013' 6-max (real money) Seat #3 is the button
Seat 1: Merguezriver (19975)
Seat 2: FifiR2 (18700)
Seat 3: donkshark (41621)
Seat 4: WpZPutre (19033)
Seat 5: P1xel7 (19350)
Seat 6: TheVenox (23666)
*** ANTE/BLINDS ***
WpZPutre posts ante 25
P1xel7 posts ante 25
Merguezriver posts ante 25
FifiR2 posts ante 25
donkshark posts ante 25
TheVenox posts ante 25
WpZPutre posts small blind 100
P1xel7 posts big blind 200
Dealt to P1xel7 [8s 8d]
*** PRE-FLOP *** 
TheVenox folds
Merguezriver folds
FifiR2 folds
donkshark raises 250 to 450
WpZPutre folds
P1xel7 calls 250
*** FLOP *** [6s 4d 9c]
P1xel7 checks
donkshark bets 403
P1xel7 calls 403
*** TURN *** [6s 4d 9c][Kc]
P1xel7 checks
donkshark checks
*** RIVER *** [6s 4d 9c Kc][Jh]
P1xel7 bets 1565
donkshark folds
P1xel7 collected 3521 from pot
*** SUMMARY ***
Total pot 3521 | No rake
Board: [6s 4d 9c Kc Jh]
Seat 5: P1xel7 (big blind) won 3521


Winamax Poker - Tournament "MYSTERY KO" buyIn: 0.90€ + 0.10€ level: 1 - HandId: #2910502742961160206-18-1691519223 - Holdem no limit (25/100/200) - 2023/08/08 18:27:03 UTC
Table: 'MYSTERY KO(677654227)#0013' 6-max (real money) Seat #4 is the button
Seat 1: Merguezriver (19950)
Seat 2: FifiR2 (18675)
Seat 3: donkshark (40743)
Seat 4: WpZPutre (18908)
Seat 5: P1xel7 (20428)
Seat 6: TheVenox (23641)
*** ANTE/BLINDS ***
P1xel7 posts ante 25
TheVenox posts ante 25
Merguezriver posts ante 25
FifiR2 posts ante 25
donkshark posts ante 25
WpZPutre posts ante 25
P1xel7 posts small blind 100
TheVenox posts big blind 200
Dealt to P1xel7 [Qh Kd]
*** PRE-FLOP *** 
Merguezriver folds
FifiR2 folds
donkshark folds
WpZPutre folds
P1xel7 raises 400 to 600
TheVenox calls 400
*** FLOP *** [Ks 3h 9d]
P1xel7 bets 473
TheVenox folds
P1xel7 collected 1823 from pot
*** SUMMARY ***
Total pot 1823 | No rake
Board: [Ks 3h 9d]
Seat 5: P1xel7 (small blind) won 1823


Winamax Poker - Tournament "MYSTERY KO" buyIn: 0.90€ + 0.10€ level: 1 - HandId: #2910502742961160206-19-1691519250 - Holdem no limit (25/100/200) - 2023/08/08 18:27:30 UTC
Table: 'MYSTERY KO(677654227)#0013' 6-max (real money) Seat #5 is the button
Seat 1: Merguezriver (19925)
Seat 2: FifiR2 (18650)
Seat 3: donkshark (40718)
Seat 4: WpZPutre (18883)
Seat 5: P1xel7 (21153)
Seat 6: TheVenox (23016)
*** ANTE/BLINDS ***
TheVenox posts ante 25
Merguezriver posts ante 25
FifiR2 posts ante 25
donkshark posts ante 25
WpZPutre posts ante 25
P1xel7 posts ante 25
TheVenox posts small blind 100
Merguezriver posts big blind 200
Dealt to P1xel7 [5d 6h]
*** PRE-FLOP *** 
FifiR2 folds
donkshark raises 200 to 400
WpZPutre raises 1200 to 1600
P1xel7 folds
TheVenox folds
Merguezriver folds
donkshark folds
WpZPutre collected 2450 from pot
*** SUMMARY ***
Total pot 2450 | No rake
Seat 4: WpZPutre won 2450


Winamax Poker - Tournament "MYSTERY KO" buyIn: 0.90€ + 0.10€ level: 1 - HandId: #2910502742961160206-20-1691519305 - Holdem no limit (25/100/200) - 2023/08/08 18:28:25 UTC
Table: 'MYSTERY KO(677654227)#0013' 6-max (real money) Seat #6 is the button
Seat 1: Merguezriver (19700)
Seat 2: FifiR2 (18625)
Seat 3: donkshark (40293)
Seat 4: WpZPutre (19708)
Seat 5: P1xel7 (21128)
Seat 6: TheVenox (22891)
*** ANTE/BLINDS ***
Merguezriver posts ante 25
FifiR2 posts ante 25
donkshark posts ante 25
WpZPutre posts ante 25
P1xel7 posts ante 25
TheVenox posts ante 25
Merguezriver posts small blind 100
FifiR2 posts big blind 200
Dealt to P1xel7 [Qh Ac]
*** PRE-FLOP *** 
donkshark folds
WpZPutre folds
P1xel7 raises 400 to 600
TheVenox folds
Merguezriver folds
FifiR2 folds
P1xel7 collected 1050 from pot
*** SUMMARY ***
Total pot 1050 | No rake
Seat 5: P1xel7 won 1050


Winamax Poker - Tournament "MYSTERY KO" buyIn: 0.90€ + 0.10€ level: 1 - HandId: #2910502742961160206-21-1691519321 - Holdem no limit (25/100/200) - 2023/08/08 18:28:41 UTC
Table: 'MYSTERY KO(677654227)#0013' 6-max (real money) Seat #1 is the button
Seat 1: Merguezriver (19575)
Seat 2: FifiR2 (18400)
Seat 3: donkshark (40268)
Seat 4: WpZPutre (19683)
Seat 5: P1xel7 (21553)
Seat 6: TheVenox (22866)
*** ANTE/BLINDS ***
FifiR2 posts ante 25
donkshark posts ante 25
Merguezriver posts ante 25
WpZPutre posts ante 25
P1xel7 posts ante 25
TheVenox posts ante 25
FifiR2 posts small blind 100
donkshark posts big blind 200
Dealt to P1xel7 [Jc Ac]
*** PRE-FLOP *** 
WpZPutre folds
P1xel7 raises 400 to 600
TheVenox folds
Merguezriver folds
FifiR2 folds
donkshark folds
P1xel7 collected 1050 from pot
*** SUMMARY ***
Total pot 1050 | No rake
Seat 5: P1xel7 won 1050


Winamax Poker - Tournament "MYSTERY KO" buyIn: 0.90€ + 0.10€ level: 1 - HandId: #2910502742961160206-22-1691519369 - Holdem no limit (25/100/200) - 2023/08/08 18:29:29 UTC
Table: 'MYSTERY KO(677654227)#0013' 6-max (real money) Seat #2 is the button
Seat 1: Merguezriver (19550)
Seat 2: FifiR2 (18275)
Seat 3: donkshark (40043)
Seat 4: WpZPutre (19658)
Seat 5: P1xel7 (21978)
Seat 6: TheVenox (22841)
*** ANTE/BLINDS ***
donkshark posts ante 25
WpZPutre posts ante 25
Merguezriver posts ante 25
FifiR2 posts ante 25
P1xel7 posts ante 25
TheVenox posts ante 25
donkshark posts small blind 100
WpZPutre posts big blind 200
Dealt to P1xel7 [4d Tc]
*** PRE-FLOP *** 
P1xel7 folds
TheVenox folds
Merguezriver folds
FifiR2 folds
donkshark raises 300 to 500
WpZPutre calls 300
*** FLOP *** [Ts Kd Qs]
donkshark bets 748
WpZPutre folds
donkshark collected 1898 from pot
*** SUMMARY ***
Total pot 1898 | No rake
Board: [Ts Kd Qs]
Seat 3: donkshark (small blind) won 1898


Winamax Poker - Tournament "MYSTERY KO" buyIn: 0.90€ + 0.10€ level: 1 - HandId: #2910502742961160206-23-1691519412 - Holdem no limit (25/100/200) - 2023/08/08 18:30:12 UTC
Table: 'MYSTERY KO(677654227)#0013' 6-max (real money) Seat #3 is the button
Seat 1: Merguezriver (19525)
Seat 2: FifiR2 (18250)
Seat 3: donkshark (40668)
Seat 4: WpZPutre (19133)
Seat 5: P1xel7 (21953)
Seat 6: TheVenox (22816)
*** ANTE/BLINDS ***
WpZPutre posts ante 25
P1xel7 posts ante 25
Merguezriver posts ante 25
FifiR2 posts ante 25
donkshark posts ante 25
TheVenox posts ante 25
WpZPutre posts small blind 100
P1xel7 posts big blind 200
Dealt to P1xel7 [3h 5s]
*** PRE-FLOP *** 
TheVenox folds
Merguezriver folds
FifiR2 folds
donkshark raises 250 to 450
WpZPutre calls 350
P1xel7 folds
*** FLOP *** [Jh 2c 4h]
WpZPutre checks
donkshark bets 438
WpZPutre calls 438
*** TURN *** [Jh 2c 4h][6s]
WpZPutre checks
donkshark bets 1063
WpZPutre folds
donkshark collected 3189 from pot
*** SUMMARY ***
Total pot 3189 | No rake
Board: [Jh 2c 4h 6s]
Seat 3: donkshark (button) won 3189


Winamax Poker - Tournament "MYSTERY KO" buyIn: 0.90€ + 0.10€ level: 1 - HandId: #2910502742961160206-24-1691519449 - Holdem no limit (25/100/200) - 2023/08/08 18:30:49 UTC
Table: 'MYSTERY KO(677654227)#0013' 6-max (real money) Seat #4 is the button
Seat 1: Merguezriver (19500)
Seat 2: FifiR2 (18225)
Seat 3: donkshark (41881)
Seat 4: WpZPutre (18220)
Seat 5: P1xel7 (21728)
Seat 6: TheVenox (22791)
*** ANTE/BLINDS ***
P1xel7 posts ante 25
TheVenox posts ante 25
Merguezriver posts ante 25
FifiR2 posts ante 25
donkshark posts ante 25
WpZPutre posts ante 25
P1xel7 posts small blind 100
TheVenox posts big blind 200
Dealt to P1xel7 [3c 7s]
*** PRE-FLOP *** 
Merguezriver folds
FifiR2 folds
donkshark folds
WpZPutre folds
P1xel7 folds
TheVenox collected 450 from pot
*** SUMMARY ***
Total pot 450 | No rake
Seat 6: TheVenox (big blind) won 450


Winamax Poker - Tournament "MYSTERY KO" buyIn: 0.90€ + 0.10€ level: 1 - HandId: #2910502742961160206-25-1691519461 - Holdem no limit (25/100/200) - 2023/08/08 18:31:01 UTC
Table: 'MYSTERY KO(677654227)#0013' 6-max (real money) Seat #5 is the button
Seat 1: Merguezriver (19475)
Seat 2: FifiR2 (18200)
Seat 3: donkshark (41856)
Seat 4: WpZPutre (18195)
Seat 5: P1xel7 (21603)
Seat 6: TheVenox (23016)
*** ANTE/BLINDS ***
TheVenox posts ante 25
Merguezriver posts ante 25
FifiR2 posts ante 25
donkshark posts ante 25
WpZPutre posts ante 25
P1xel7 posts ante 25
TheVenox posts small blind 100
Merguezriver posts big blind 200
Dealt to P1xel7 [4s Kc]
*** PRE-FLOP *** 
FifiR2 folds
donkshark folds
WpZPutre raises 400 to 600
P1xel7 folds
TheVenox folds
Merguezriver folds
WpZPutre collected 1050 from pot
*** SUMMARY ***
Total pot 1050 | No rake
Seat 4: WpZPutre won 1050


Winamax Poker - Tournament "MYSTERY KO" buyIn: 0.90€ + 0.10€ level: 1 - HandId: #2910502742961160206-26-1691519492 - Holdem no limit (25/100/200) - 2023/08/08 18:31:32 UTC
Table: 'MYSTERY KO(677654227)#0013' 6-max (real money) Seat #6 is the button
Seat 1: Merguezriver (19250)
Seat 2: FifiR2 (18175)
Seat 3: donkshark (41831)
Seat 4: WpZPutre (18620)
Seat 5: P1xel7 (21578)
Seat 6: TheVenox (22891)
*** ANTE/BLINDS ***
Merguezriver posts ante 25
FifiR2 posts ante 25
donkshark posts ante 25
WpZPutre posts ante 25
P1xel7 posts ante 25
TheVenox posts ante 25
Merguezriver posts small blind 100
FifiR2 posts big blind 200
Dealt to P1xel7 [Qd Kc]
*** PRE-FLOP *** 
donkshark folds
WpZPutre folds
P1xel7 raises 400 to 600
TheVenox folds
Merguezriver folds
FifiR2 folds
P1xel7 collected 1050 from pot
*** SUMMARY ***
Total pot 1050 | No rake
Seat 5: P1xel7 won 1050


Winamax Poker - Tournament "MYSTERY KO" buyIn: 0.90€ + 0.10€ level: 1 - HandId: #2910502742961160206-27-1691519523 - Holdem no limit (25/100/200) - 2023/08/08 18:32:03 UTC
Table: 'MYSTERY KO(677654227)#0013' 6-max (real money) Seat #1 is the button
Seat 1: Merguezriver (19125)
Seat 2: FifiR2 (17950)
Seat 3: donkshark (41806)
Seat 4: WpZPutre (18595)
Seat 5: P1xel7 (22003)
Seat 6: TheVenox (22866)
*** ANTE/BLINDS ***
FifiR2 posts ante 25
donkshark posts ante 25
Merguezriver posts ante 25
WpZPutre posts ante 25
P1xel7 posts ante 25
TheVenox posts ante 25
FifiR2 posts small blind 100
donkshark posts big blind 200
Dealt to P1xel7 [2s 7h]
*** PRE-FLOP *** 
WpZPutre folds
P1xel7 folds
TheVenox folds
Merguezriver folds
FifiR2 folds
donkshark collected 450 from pot
*** SUMMARY ***
Total pot 450 | No rake
Seat 3: donkshark (big blind) won 450


Winamax Poker - Tournament "MYSTERY KO" buyIn: 0.90€ + 0.10€ level: 1 - HandId: #2910502742961160206-28-1691519541 - Holdem no limit (25/100/200) - 2023/08/08 18:32:21 UTC
Table: 'MYSTERY KO(677654227)#0013' 6-max (real money) Seat #2 is the button
Seat 1: Merguezriver (19100)
Seat 2: FifiR2 (17825)
Seat 3: donkshark (42031)
Seat 4: WpZPutre (18570)
Seat 5: P1xel7 (21978)
Seat 6: TheVenox (22841)
*** ANTE/BLINDS ***
donkshark posts ante 25
WpZPutre posts ante 25
Merguezriver posts ante 25
FifiR2 posts ante 25
P1xel7 posts ante 25
TheVenox posts ante 25
donkshark posts small blind 100
WpZPutre posts big blind 200
Dealt to P1xel7 [Th 5d]
*** PRE-FLOP *** 
P1xel7 folds
TheVenox raises 300 to 500
Merguezriver calls 500
FifiR2 folds
donkshark calls 400
WpZPutre calls 300
*** FLOP *** [4d 4h 6d]
donkshark bets 753
WpZPutre folds
TheVenox calls 753
Merguezriver calls 753
*** TURN *** [4d 4h 6d][9c]
donkshark bets 1102
TheVenox calls 1102
Merguezriver calls 1102
*** RIVER *** [4d 4h 6d 9c][3h]
donkshark bets 1929
TheVenox folds
Merguezriver folds
donkshark collected 9644 from pot
*** SUMMARY ***
Total pot 9644 | No rake
Board: [4d 4h 6d 9c 3h]
Seat 3: donkshark (small blind) won 9644


Winamax Poker - Tournament "MYSTERY KO" buyIn: 0.90€ + 0.10€ level: 1 - HandId: #2910502742961160206-29-1691519645 - Holdem no limit (25/100/200) - 2023/08/08 18:34:05 UTC
Table: 'MYSTERY KO(677654227)#0013' 6-max (real money) Seat #3 is the button
Seat 1: Merguezriver (16720)
Seat 2: FifiR2 (17800)
Seat 3: donkshark (47366)
Seat 4: WpZPutre (18045)
Seat 5: P1xel7 (21953)
Seat 6: TheVenox (20461)
*** ANTE/BLINDS ***
WpZPutre posts ante 25
P1xel7 posts ante 25
Merguezriver posts ante 25
FifiR2 posts ante 25
donkshark posts ante 25
TheVenox posts ante 25
WpZPutre posts small blind 100
P1xel7 posts big blind 200
Dealt to P1xel7 [3d Jd]
*** PRE-FLOP *** 
TheVenox folds
Merguezriver folds
FifiR2 folds
donkshark folds
WpZPutre calls 100
P1xel7 checks
*** FLOP *** [Qh 8h 5h]
WpZPutre bets 200
P1xel7 folds
WpZPutre collected 750 from pot
*** SUMMARY ***
Total pot 750 | No rake
Board: [Qh 8h 5h]
Seat 4: WpZPutre (small blind) won 750


Winamax Poker - Tournament "MYSTERY KO" buyIn: 0.90€ + 0.10€ level: 1 - HandId: #2910502742961160206-30-1691519669 - Holdem no limit (25/100/200) - 2023/08/08 18:34:29 UTC
Table: 'MYSTERY KO(677654227)#0013' 6-max (real money) Seat #4 is the button
Seat 1: Merguezriver (16695)
Seat 2: FifiR2 (17775)
Seat 3: donkshark (47341)
Seat 4: WpZPutre (18370)
Seat 5: P1xel7 (21728)
Seat 6: TheVenox (20436)
*** ANTE/BLINDS ***
P1xel7 posts ante 25
TheVenox posts ante 25
Merguezriver posts ante 25
FifiR2 posts ante 25
donkshark posts ante 25
WpZPutre posts ante 25
P1xel7 posts small blind 100
TheVenox posts big blind 200
Dealt to P1xel7 [4d 2c]
*** PRE-FLOP *** 
Merguezriver folds
FifiR2 folds
donkshark folds
WpZPutre raises 400 to 600
P1xel7 folds
TheVenox raises 1200 to 1800
WpZPutre folds
TheVenox collected 2650 from pot
*** SUMMARY ***
Total pot 2650 | No rake
Seat 6: TheVenox (big blind) won 2650


Winamax Poker - Tournament "MYSTERY KO" buyIn: 0.90€ + 0.10€ level: 1 - HandId: #2910502742961160206-31-1691519705 - Holdem no limit (25/100/200) - 2023/08/08 18:35:05 UTC
Table: 'MYSTERY KO(677654227)#0013' 6-max (real money) Seat #5 is the button
Seat 1: Merguezriver (16670)
Seat 2: FifiR2 (17750)
Seat 3: donkshark (47316)
Seat 4: WpZPutre (17745)
Seat 5: P1xel7 (21603)
Seat 6: TheVenox (21261)
*** ANTE/BLINDS ***
TheVenox posts ante 25
Merguezriver posts ante 25
FifiR2 posts ante 25
donkshark posts ante 25
WpZPutre posts ante 25
P1xel7 posts ante 25
TheVenox posts small blind 100
Merguezriver posts big blind 200
Dealt to P1xel7 [9s 2s]
*** PRE-FLOP *** 
FifiR2 raises 200 to 400
donkshark folds
WpZPutre folds
P1xel7 folds
TheVenox calls 300
Merguezriver calls 200
*** FLOP *** [5c 9d 5d]
TheVenox checks
Merguezriver bets 472
FifiR2 folds
TheVenox calls 472
*** TURN *** [5c 9d 5d][7d]
TheVenox checks
Merguezriver bets 1491
TheVenox calls 1491
*** RIVER *** [5c 9d 5d 7d][4d]
TheVenox checks
Merguezriver bets 5276
TheVenox calls 5276
*** SHOW DOWN ***
TheVenox shows [Jd Ah] (Flush Jack high)
Merguezriver shows [6d Ad] (Flush Ace high)
Merguezriver collected 15828 from pot
*** SUMMARY ***
Total pot 15828 | No rake
Board: [5c 9d 5d 7d 4d]
Seat 1: Merguezriver (big blind) showed [6d Ad] and won 15828 with Flush Ace high
Seat 6: TheVenox (small blind) showed [Jd Ah] and lost with Flush Jack high


Winamax Poker - Tournament "MYSTERY KO" buyIn: 0.90€ + 0.10€ level: 1 - HandId: #2910502742961160206-32-1691519784 - Holdem no limit (25/100/200) - 2023/08/08 18:36:24 UTC
Table: 'MYSTERY KO(677654227)#0013' 6-max (real money) Seat #6 is the button
Seat 1: Merguezriver (24834)
Seat 2: FifiR2 (17325)
Seat 3: donkshark (47291)
Seat 4: WpZPutre (17720)
Seat 5: P1xel7 (21578)
Seat 6: TheVenox (13597)
*** ANTE/BLINDS ***
Merguezriver posts ante 25
FifiR2 posts ante 25
donkshark posts ante 25
WpZPutre posts ante 25
P1xel7 posts ante 25
TheVenox posts ante 25
Merguezriver posts small blind 100
FifiR2 posts big blind 200
Dealt to P1xel7 [Kd Jh]
*** PRE-FLOP *** 
donkshark folds
WpZPutre raises 400 to 600
P1xel7 calls 600
TheVenox folds
Merguezriver folds
FifiR2 folds
*** FLOP *** [Kc 7d 7c]
WpZPutre checks
P1xel7 bets 825
WpZPutre folds
P1xel7 collected 2475 from pot
*** SUMMARY ***
Total pot 2475 | No rake
Board: [Kc 7d 7c]
Seat 5: P1xel7 won 2475


Winamax Poker - Tournament "MYSTERY KO" buyIn: 0.90€ + 0.10€ level: 1 - HandId: #2910502742961160206-33-1691519845 - Holdem no limit (25/100/200) - 2023/08/08 18:37:25 UTC
Table: 'MYSTERY KO(677654227)#0013' 6-max (real money) Seat #1 is the button
Seat 1: Merguezriver (24709)
Seat 2: FifiR2 (17100)
Seat 3: donkshark (47266)
Seat 5: P1xel7 (22603)
Seat 6: TheVenox (13572)
*** ANTE/BLINDS ***
FifiR2 posts ante 25
donkshark posts ante 25
Merguezriver posts ante 25
P1xel7 posts ante 25
TheVenox posts ante 25
FifiR2 posts small blind 100
donkshark posts big blind 200
Dealt to P1xel7 [2s 2d]
*** PRE-FLOP *** 
P1xel7 folds
TheVenox raises 300 to 500
Merguezriver folds
FifiR2 folds
donkshark folds
TheVenox collected 925 from pot
*** SUMMARY ***
Total pot 925 | No rake
Seat 6: TheVenox won 925


Winamax Poker - Tournament "MYSTERY KO" buyIn: 0.90€ + 0.10€ level: 1 - HandId: #2910502742961160206-34-1691519881 - Holdem no limit (25/100/200) - 2023/08/08 18:38:01 UTC
Table: 'MYSTERY KO(677654227)#0013' 6-max (real money) Seat #2 is the button
Seat 1: Merguezriver (24684)
Seat 2: FifiR2 (16975)
Seat 3: donkshark (47041)
Seat 4: Dddek66 (20000)
Seat 5: P1xel7 (22578)
Seat 6: TheVenox (13972)
*** ANTE/BLINDS ***
donkshark posts ante 25
Dddek66 posts ante 25
Merguezriver posts ante 25
FifiR2 posts ante 25
P1xel7 posts ante 25
TheVenox posts ante 25
donkshark posts small blind 100
Dddek66 posts big blind 200
Dealt to P1xel7 [Td 9d]
*** PRE-FLOP *** 
P1xel7 folds
TheVenox raises 300 to 500
Merguezriver folds
FifiR2 folds
donkshark folds
Dddek66 folds
TheVenox collected 950 from pot
*** SUMMARY ***
Total pot 950 | No rake
Seat 6: TheVenox won 950


Winamax Poker - Tournament "MYSTERY KO" buyIn: 0.90€ + 0.10€ level: 1 - HandId: #2910502742961160206-35-1691519912 - Holdem no limit (25/100/200) - 2023/08/08 18:38:32 UTC
Table: 'MYSTERY KO(677654227)#0013' 6-max (real money) Seat #3 is the button
Seat 1: Merguezriver (24659)
Seat 2: FifiR2 (16950)
Seat 3: donkshark (46916)
Seat 4: Dddek66 (19775)
Seat 5: P1xel7 (22553)
Seat 6: TheVenox (14397)
*** ANTE/BLINDS ***
Dddek66 posts ante 25
P1xel7 posts ante 25
Merguezriver posts ante 25
FifiR2 posts ante 25
donkshark posts ante 25
TheVenox posts ante 25
Dddek66 posts small blind 100
P1xel7 posts big blind 200
Dealt to P1xel7 [Ac 5s]
*** PRE-FLOP *** 
TheVenox folds
Merguezriver folds
FifiR2 raises 200 to 400
donkshark folds
Dddek66 folds
P1xel7 folds
FifiR2 collected 850 from pot
*** SUMMARY ***
Total pot 850 | No rake
Seat 2: FifiR2 won 850


Winamax Poker - Tournament "MYSTERY KO" buyIn: 0.90€ + 0.10€ level: 1 - HandId: #2910502742961160206-36-1691519930 - Holdem no limit (25/100/200) - 2023/08/08 18:38:50 UTC
Table: 'MYSTERY KO(677654227)#0013' 6-max (real money) Seat #4 is the button
Seat 1: Merguezriver (24634)
Seat 2: FifiR2 (17375)
Seat 3: donkshark (46891)
Seat 4: Dddek66 (19650)
Seat 5: P1xel7 (22328)
Seat 6: TheVenox (14372)
*** ANTE/BLINDS ***
P1xel7 posts ante 25
TheVenox posts ante 25
Merguezriver posts ante 25
FifiR2 posts ante 25
donkshark posts ante 25
Dddek66 posts ante 25
P1xel7 posts small blind 100
TheVenox posts big blind 200
Dealt to P1xel7 [Td Js]
*** PRE-FLOP *** 
Merguezriver folds
FifiR2 folds
donkshark folds
Dddek66 folds
P1xel7 raises 300 to 500
TheVenox calls 300
*** FLOP *** [6c 3c 9h]
P1xel7 checks
TheVenox checks
*** TURN *** [6c 3c 9h][Ac]
P1xel7 checks
TheVenox bets 500
P1xel7 folds
TheVenox collected 1650 from pot
*** SUMMARY ***
Total pot 1650 | No rake
Board: [6c 3c 9h Ac]
Seat 6: TheVenox (big blind) won 1650


Winamax Poker - Tournament "MYSTERY KO" buyIn: 0.90€ + 0.10€ level: 1 - HandId: #2910502742961160206-37-1691519991 - Holdem no limit (25/100/200) - 2023/08/08 18:39:51 UTC
Table: 'MYSTERY KO(677654227)#0013' 6-max (real money) Seat #5 is the button
Seat 1: Merguezriver (24609)
Seat 2: FifiR2 (17350)
Seat 3: donkshark (46866)
Seat 4: Dddek66 (19625)
Seat 5: P1xel7 (21803)
Seat 6: TheVenox (14997)
*** ANTE/BLINDS ***
TheVenox posts ante 25
Merguezriver posts ante 25
FifiR2 posts ante 25
donkshark posts ante 25
Dddek66 posts ante 25
P1xel7 posts ante 25
TheVenox posts small blind 100
Merguezriver posts big blind 200
Dealt to P1xel7 [6s 9d]
*** PRE-FLOP *** 
FifiR2 folds
donkshark raises 250 to 450
Dddek66 folds
P1xel7 folds
TheVenox calls 350
Merguezriver folds
*** FLOP *** [8h 8s 6c]
TheVenox checks
donkshark bets 538
TheVenox folds
donkshark collected 1788 from pot
*** SUMMARY ***
Total pot 1788 | No rake
Board: [8h 8s 6c]
Seat 3: donkshark won 1788


Winamax Poker - Tournament "MYSTERY KO" buyIn: 0.90€ + 0.10€ level: 1 - HandId: #2910502742961160206-38-1691520035 - Holdem no limit (25/100/200) - 2023/08/08 18:40:35 UTC
Table: 'MYSTERY KO(677654227)#0013' 6-max (real money) Seat #6 is the button
Seat 1: Merguezriver (24384)
Seat 2: FifiR2 (17325)
Seat 3: donkshark (47641)
Seat 4: Dddek66 (19600)
Seat 5: P1xel7 (21778)
Seat 6: TheVenox (14522)
*** ANTE/BLINDS ***
Merguezriver posts ante 25
FifiR2 posts ante 25
donkshark posts ante 25
Dddek66 posts ante 25
P1xel7 posts ante 25
TheVenox posts ante 25
Merguezriver posts small blind 100
FifiR2 posts big blind 200
Dealt to P1xel7 [Qc Js]
*** PRE-FLOP *** 
donkshark folds
Dddek66 calls 200
P1xel7 raises 800 to 1000
TheVenox folds
Merguezriver folds
FifiR2 folds
Dddek66 calls 800
*** FLOP *** [Tc 9d Th]
Dddek66 bets 2450
P1xel7 calls 2450
*** TURN *** [Tc 9d Th][9s]
Dddek66 bets 7350
P1xel7 folds
Dddek66 collected 14700 from pot
*** SUMMARY ***
Total pot 14700 | No rake
Board: [Tc 9d Th 9s]
Seat 4: Dddek66 won 14700


Winamax Poker - Tournament "MYSTERY KO" buyIn: 0.90€ + 0.10€ level: 1 - HandId: #2910502742961160206-39-1691520135 - Holdem no limit (25/100/200) - 2023/08/08 18:42:15 UTC
Table: 'MYSTERY KO(677654227)#0013' 6-max (real money) Seat #1 is the button
Seat 1: Merguezriver (24259)
Seat 2: FifiR2 (17100)
Seat 3: donkshark (47616)
Seat 4: Dddek66 (23475)
Seat 5: P1xel7 (18303)
Seat 6: TheVenox (14497)
*** ANTE/BLINDS ***
FifiR2 posts ante 25
donkshark posts ante 25
Merguezriver posts ante 25
Dddek66 posts ante 25
P1xel7 posts ante 25
TheVenox posts ante 25
FifiR2 posts small blind 100
donkshark posts big blind 200
Dealt to P1xel7 [Qd 6c]
*** PRE-FLOP *** 
Dddek66 folds
P1xel7 folds
TheVenox folds
Merguezriver calls 200
FifiR2 folds
donkshark checks
*** FLOP *** [Qs 2s Kd]
donkshark checks
Merguezriver checks
*** TURN *** [Qs 2s Kd][8h]
donkshark checks
Merguezriver bets 227
donkshark folds
Merguezriver collected 877 from pot
*** SUMMARY ***
Total pot 877 | No rake
Board: [Qs 2s Kd 8h]
Seat 1: Merguezriver (button) won 877


Winamax Poker - Tournament "MYSTERY KO" buyIn: 0.90€ + 0.10€ level: 1 - HandId: #2910502742961160206-40-1691520172 - Holdem no limit (25/100/200) - 2023/08/08 18:42:52 UTC
Table: 'MYSTERY KO(677654227)#0013' 6-max (real money) Seat #2 is the button
Seat 1: Merguezriver (24684)
Seat 2: FifiR2 (16975)
Seat 3: donkshark (47391)
Seat 4: Dddek66 (23450)
Seat 5: P1xel7 (18278)
Seat 6: TheVenox (14472)
*** ANTE/BLINDS ***
donkshark posts ante 25
Dddek66 posts ante 25
Merguezriver posts ante 25
FifiR2 posts ante 25
P1xel7 posts ante 25
TheVenox posts ante 25
donkshark posts small blind 100
Dddek66 posts big blind 200
Dealt to P1xel7 [Kh 5h]
*** PRE-FLOP *** 
P1xel7 folds
TheVenox folds
Merguezriver calls 200
FifiR2 folds
donkshark calls 100
Dddek66 checks
*** FLOP *** [9s Qc Kc]
donkshark checks
Dddek66 checks
Merguezriver checks
*** TURN *** [9s Qc Kc][Ts]
donkshark checks
Dddek66 checks
Merguezriver checks
*** RIVER *** [9s Qc Kc Ts][3d]
donkshark checks
Dddek66 checks
Merguezriver checks
*** SHOW DOWN ***
Merguezriver shows [Ad 4s] (High card : Ace)
donkshark shows [5c 6s] (High card : King)
Dddek66 shows [9c Ah] (One pair : 9)
Dddek66 collected 750 from pot
*** SUMMARY ***
Total pot 750 | No rake
Board: [9s Qc Kc Ts 3d]
Seat 1: Merguezriver showed [Ad 4s] and lost with High card : Ace
Seat 3: donkshark (small blind) showed [5c 6s] and lost with High card : King
Seat 4: Dddek66 (big blind) showed [9c Ah] and won 750 with One pair : 9


Winamax Poker - Tournament "MYSTERY KO" buyIn: 0.90€ + 0.10€ level: 1 - HandId: #2910502742961160206-41-1691520243 - Holdem no limit (25/100/200) - 2023/08/08 18:44:03 UTC
Table: 'MYSTERY KO(677654227)#0013' 6-max (real money) Seat #3 is the button
Seat 1: Merguezriver (24459)
Seat 2: FifiR2 (16950)
Seat 3: donkshark (47166)
Seat 4: Dddek66 (23975)
Seat 5: P1xel7 (18253)
Seat 6: TheVenox (14447)
*** ANTE/BLINDS ***
Dddek66 posts ante 25
P1xel7 posts ante 25
Merguezriver posts ante 25
FifiR2 posts ante 25
donkshark posts ante 25
TheVenox posts ante 25
Dddek66 posts small blind 100
P1xel7 posts big blind 200
Dealt to P1xel7 [6d 8h]
*** PRE-FLOP *** 
TheVenox raises 300 to 500
Merguezriver folds
FifiR2 calls 500
donkshark calls 500
Dddek66 folds
P1xel7 folds
*** FLOP *** [6c Qc 3d]
TheVenox checks
FifiR2 bets 975
donkshark folds
TheVenox folds
FifiR2 collected 2925 from pot
*** SUMMARY ***
Total pot 2925 | No rake
Board: [6c Qc 3d]
Seat 2: FifiR2 won 2925


Winamax Poker - Tournament "MYSTERY KO" buyIn: 0.90€ + 0.10€ level: 1 - HandId: #2910502742961160206-42-1691520275 - Holdem no limit (25/100/200) - 2023/08/08 18:44:35 UTC
Table: 'MYSTERY KO(677654227)#0013' 6-max (real money) Seat #4 is the button
Seat 1: Merguezriver (24434)
Seat 2: FifiR2 (18375)
Seat 3: donkshark (46641)
Seat 4: Dddek66 (23850)
Seat 5: P1xel7 (18028)
Seat 6: TheVenox (13922)
*** ANTE/BLINDS ***
P1xel7 posts ante 25
TheVenox posts ante 25
Merguezriver posts ante 25
FifiR2 posts ante 25
donkshark posts ante 25
Dddek66 posts ante 25
P1xel7 posts small blind 100
TheVenox posts big blind 200
Dealt to P1xel7 [Qh 6d]
*** PRE-FLOP *** 
Merguezriver folds
FifiR2 folds
donkshark folds
Dddek66 folds
P1xel7 folds
TheVenox collected 450 from pot
*** SUMMARY ***
Total pot 450 | No rake
Seat 6: TheVenox (big blind) won 450


Winamax Poker - Tournament "MYSTERY KO" buyIn: 0.90€ + 0.10€ level: 1 - HandId: #2910502742961160206-43-1691520283 - Holdem no limit (25/100/200) - 2023/08/08 18:44:43 UTC
Table: 'MYSTERY KO(677654227)#0013' 6-max (real money) Seat #5 is the button
Seat 1: Merguezriver (24409)
Seat 2: FifiR2 (18350)
Seat 3: donkshark (46616)
Seat 4: Dddek66 (23825)
Seat 5: P1xel7 (17903)
Seat 6: TheVenox (14147)
*** ANTE/BLINDS ***
TheVenox posts ante 25
Merguezriver posts ante 25
FifiR2 posts ante 25
donkshark posts ante 25
Dddek66 posts ante 25
P1xel7 posts ante 25
TheVenox posts small blind 100
Merguezriver posts big blind 200
Dealt to P1xel7 [6h Qs]
*** PRE-FLOP *** 
FifiR2 folds
donkshark folds
Dddek66 folds
P1xel7 folds
TheVenox folds
Merguezriver collected 450 from pot
*** SUMMARY ***
Total pot 450 | No rake
Seat 1: Merguezriver (big blind) won 450


Winamax Poker - Tournament "MYSTERY KO" buyIn: 0.90€ + 0.10€ level: 1 - HandId: #2910502742961160206-44-1691520309 - Holdem no limit (25/100/200) - 2023/08/08 18:45:09 UTC
Table: 'MYSTERY KO(677654227)#0013' 6-max (real money) Seat #6 is the button
Seat 1: Merguezriver (24634)
Seat 2: FifiR2 (18325)
Seat 3: donkshark (46591)
Seat 4: Dddek66 (23800)
Seat 5: P1xel7 (17878)
Seat 6: TheVenox (14022)
*** ANTE/BLINDS ***
Merguezriver posts ante 25
FifiR2 posts ante 25
donkshark posts ante 25
Dddek66 posts ante 25
P1xel7 posts ante 25
TheVenox posts ante 25
Merguezriver posts small blind 100
FifiR2 posts big blind 200
Dealt to P1xel7 [6h Jc]
*** PRE-FLOP *** 
donkshark folds
Dddek66 calls 200
P1xel7 folds
TheVenox raises 400 to 600
Merguezriver calls 500
FifiR2 folds
Dddek66 folds
*** FLOP *** [3d 6c 2c]
Merguezriver checks
TheVenox checks
*** TURN *** [3d 6c 2c][8c]
Merguezriver bets 613
TheVenox folds
Merguezriver collected 2363 from pot
*** SUMMARY ***
Total pot 2363 | No rake
Board: [3d 6c 2c 8c]
Seat 1: Merguezriver (small blind) won 2363


Winamax Poker - Tournament "MYSTERY KO" buyIn: 0.90€ + 0.10€ level: 1 - HandId: #2910502742961160206-45-1691520371 - Holdem no limit (25/100/200) - 2023/08/08 18:46:11 UTC
Table: 'MYSTERY KO(677654227)#0013' 6-max (real money) Seat #1 is the button
Seat 1: Merguezriver (25759)
Seat 2: FifiR2 (18100)
Seat 3: donkshark (46566)
Seat 4: Dddek66 (23575)
Seat 5: P1xel7 (17853)
Seat 6: TheVenox (13397)
*** ANTE/BLINDS ***
FifiR2 posts ante 25
donkshark posts ante 25
Merguezriver posts ante 25
Dddek66 posts ante 25
P1xel7 posts ante 25
TheVenox posts ante 25
FifiR2 posts small blind 100
donkshark posts big blind 200
Dealt to P1xel7 [Ad 7s]
*** PRE-FLOP *** 
Dddek66 folds
P1xel7 folds
TheVenox raises 300 to 500
Merguezriver folds
FifiR2 folds
donkshark calls 300
*** FLOP *** [6d Qd 7h]
donkshark checks
TheVenox bets 500
donkshark folds
TheVenox collected 1750 from pot
*** SUMMARY ***
Total pot 1750 | No rake
Board: [6d Qd 7h]
Seat 6: TheVenox won 1750


Winamax Poker - Tournament "MYSTERY KO" buyIn: 0.90€ + 0.10€ level: 1 - HandId: #2910502742961160206-46-1691520409 - Holdem no limit (25/100/200) - 2023/08/08 18:46:49 UTC
Table: 'MYSTERY KO(677654227)#0013' 6-max (real money) Seat #2 is the button
Seat 1: Merguezriver (25734)
Seat 2: FifiR2 (17975)
Seat 3: donkshark (46041)
Seat 4: Dddek66 (23550)
Seat 5: P1xel7 (17828)
Seat 6: TheVenox (14122)
*** ANTE/BLINDS ***
donkshark posts ante 25
Dddek66 posts ante 25
Merguezriver posts ante 25
FifiR2 posts ante 25
P1xel7 posts ante 25
TheVenox posts ante 25
donkshark posts small blind 100
Dddek66 posts big blind 200
Dealt to P1xel7 [5d Kh]
*** PRE-FLOP *** 
P1xel7 folds
TheVenox folds
Merguezriver folds
FifiR2 folds
donkshark raises 300 to 500
Dddek66 folds
donkshark collected 850 from pot
*** SUMMARY ***
Total pot 850 | No rake
Seat 3: donkshark (small blind) won 850


Winamax Poker - Tournament "MYSTERY KO" buyIn: 0.90€ + 0.10€ level: 1 - HandId: #2910502742961160206-47-1691520439 - Holdem no limit (25/100/200) - 2023/08/08 18:47:19 UTC
Table: 'MYSTERY KO(677654227)#0013' 6-max (real money) Seat #3 is the button
Seat 1: Merguezriver (25709)
Seat 2: FifiR2 (17950)
Seat 3: donkshark (46366)
Seat 4: Dddek66 (23325)
Seat 5: P1xel7 (17803)
Seat 6: TheVenox (14097)
*** ANTE/BLINDS ***
Dddek66 posts ante 25
P1xel7 posts ante 25
Merguezriver posts ante 25
FifiR2 posts ante 25
donkshark posts ante 25
TheVenox posts ante 25
Dddek66 posts small blind 100
P1xel7 posts big blind 200
Dealt to P1xel7 [Tc 7c]
*** PRE-FLOP *** 
TheVenox folds
Merguezriver raises 200 to 400
FifiR2 folds
donkshark folds
Dddek66 folds
P1xel7 folds
Merguezriver collected 850 from pot
*** SUMMARY ***
Total pot 850 | No rake
Seat 1: Merguezriver won 850


Winamax Poker - Tournament "MYSTERY KO" buyIn: 0.90€ + 0.10€ level: 1 - HandId: #2910502742961160206-48-1691520456 - Holdem no limit (25/100/200) - 2023/08/08 18:47:36 UTC
Table: 'MYSTERY KO(677654227)#0013' 6-max (real money) Seat #4 is the button
Seat 1: Merguezriver (26134)
Seat 2: FifiR2 (17925)
Seat 3: donkshark (46341)
Seat 4: Dddek66 (23200)
Seat 5: P1xel7 (17578)
Seat 6: TheVenox (14072)
*** ANTE/BLINDS ***
P1xel7 posts ante 25
TheVenox posts ante 25
Merguezriver posts ante 25
FifiR2 posts ante 25
donkshark posts ante 25
Dddek66 posts ante 25
P1xel7 posts small blind 100
TheVenox posts big blind 200
Dealt to P1xel7 [4h 4c]
*** PRE-FLOP *** 
Merguezriver folds
FifiR2 folds
donkshark raises 250 to 450
Dddek66 calls 450
P1xel7 calls 350
TheVenox calls 250
*** FLOP *** [9s 2c Th]
P1xel7 checks
TheVenox checks
donkshark bets 683
Dddek66 calls 683
P1xel7 folds
TheVenox calls 683
*** TURN *** [9s 2c Th][Qc]
TheVenox checks
donkshark bets 1400
Dddek66 calls 1400
TheVenox calls 1400
*** RIVER *** [9s 2c Th Qc][3s]
TheVenox checks
donkshark bets 6559
Dddek66 folds
TheVenox raises 4955 to 11514 and is all-in
donkshark calls 4955
*** SHOW DOWN ***
TheVenox shows [9h Qd] (Two pairs : Queens and 9)
donkshark shows [Jd Kc] (Straight King high)
donkshark collected 31227 from pot
*** SUMMARY ***
Total pot 31227 | No rake
Board: [9s 2c Th Qc 3s]
Seat 3: donkshark showed [Jd Kc] and won 31227 with Straight King high
Seat 6: TheVenox (big blind) showed [9h Qd] and lost with Two pairs : Queens and 9


Winamax Poker - Tournament "MYSTERY KO" buyIn: 0.90€ + 0.10€ level: 2 - HandId: #2910502742961160206-49-1691520600 - Holdem no limit (30/125/250) - 2023/08/08 18:50:00 UTC
Table: 'MYSTERY KO(677654227)#0013' 6-max (real money) Seat #5 is the button
Seat 1: Merguezriver (26109)
Seat 2: FifiR2 (17900)
Seat 3: donkshark (63496)
Seat 4: Dddek66 (20642)
Seat 5: P1xel7 (17103)
*** ANTE/BLINDS ***
Merguezriver posts ante 30
FifiR2 posts ante 30
donkshark posts ante 30
Dddek66 posts ante 30
P1xel7 posts ante 30
Merguezriver posts big blind 250
Dealt to P1xel7 [5d Qc]
*** PRE-FLOP *** 
FifiR2 folds
donkshark folds
Dddek66 calls 250
P1xel7 folds
Merguezriver checks
*** FLOP *** [6c 3d Qh]
Merguezriver checks
Dddek66 checks
*** TURN *** [6c 3d Qh][8d]
Merguezriver checks
Dddek66 checks
*** RIVER *** [6c 3d Qh 8d][Jd]
Merguezriver checks
Dddek66 checks
*** SHOW DOWN ***
Merguezriver shows [Ah 4s] (High card : Ace)
Dddek66 shows [Ac 4d] (High card : Ace)
Dddek66 collected 325 from pot
Merguezriver collected 325 from pot
*** SUMMARY ***
Total pot 650 | No rake
Board: [6c 3d Qh 8d Jd]
Seat 1: Merguezriver (big blind) showed [Ah 4s] and won 325 with High card : Ace
Seat 4: Dddek66 showed [Ac 4d] and won 325 with High card : Ace


Winamax Poker - Tournament "MYSTERY KO" buyIn: 0.90€ + 0.10€ level: 2 - HandId: #2910502742961160206-50-1691520628 - Holdem no limit (30/125/250) - 2023/08/08 18:50:28 UTC
Table: 'MYSTERY KO(677654227)#0013' 6-max (real money) Seat #6 is the button
Seat 1: Merguezriver (26154)
Seat 2: FifiR2 (17870)
Seat 3: donkshark (63466)
Seat 4: Dddek66 (20687)
Seat 5: P1xel7 (17073)
Seat 6: Reina_jade (20000)
*** ANTE/BLINDS ***
Merguezriver posts ante 30
FifiR2 posts ante 30
donkshark posts ante 30
Dddek66 posts ante 30
P1xel7 posts ante 30
Merguezriver posts small blind 125
FifiR2 posts big blind 250
Dealt to P1xel7 [6c 9c]
*** PRE-FLOP *** 
donkshark folds
Dddek66 calls 250
P1xel7 folds
Merguezriver calls 125
FifiR2 checks
*** FLOP *** [9d 8s 3d]
Merguezriver checks
FifiR2 checks
Dddek66 bets 315
Merguezriver calls 315
FifiR2 folds
*** TURN *** [9d 8s 3d][2s]
Merguezriver checks
Dddek66 checks
*** RIVER *** [9d 8s 3d 2s][3c]
Merguezriver checks
Dddek66 checks
*** SHOW DOWN ***
Dddek66 shows [Qs Td] (One pair : 3)
Merguezriver shows [Jh 9h] (Two pairs : 9 and 3)
Merguezriver collected 1530 from pot
*** SUMMARY ***
Total pot 1530 | No rake
Board: [9d 8s 3d 2s 3c]
Seat 1: Merguezriver (small blind) showed [Jh 9h] and won 1530 with Two pairs : 9 and 3
Seat 4: Dddek66 showed [Qs Td] and lost with One pair : 3


Winamax Poker - Tournament "MYSTERY KO" buyIn: 0.90€ + 0.10€ level: 2 - HandId: #2910502742961160206-51-1691520656 - Holdem no limit (30/125/250) - 2023/08/08 18:50:56 UTC
Table: 'MYSTERY KO(677654227)#0013' 6-max (real money) Seat #1 is the button
Seat 1: Merguezriver (27089)
Seat 2: FifiR2 (17590)
Seat 3: donkshark (63436)
Seat 4: Dddek66 (20092)
Seat 5: P1xel7 (17043)
Seat 6: Reina_jade (20000)
*** ANTE/BLINDS ***
FifiR2 posts ante 30
donkshark posts ante 30
Merguezriver posts ante 30
Dddek66 posts ante 30
P1xel7 posts ante 30
Reina_jade posts ante 30
FifiR2 posts small blind 125
donkshark posts big blind 250
Dealt to P1xel7 [3d Js]
*** PRE-FLOP *** 
Dddek66 calls 250
P1xel7 folds
Reina_jade raises 19720 to 19970 and is all-in
Merguezriver folds
FifiR2 folds
donkshark folds
Dddek66 calls 19720
*** FLOP *** [Tc 8s 5s]
*** TURN *** [Tc 8s 5s][Ac]
*** RIVER *** [Tc 8s 5s Ac][9d]
*** SHOW DOWN ***
Dddek66 shows [Ad Jh] (One pair : Aces)
Reina_jade shows [5d 5c] (Trips of 5)
Reina_jade collected 40495 from pot
*** SUMMARY ***
Total pot 40495 | No rake
Board: [Tc 8s 5s Ac 9d]
Seat 4: Dddek66 showed [Ad Jh] and lost with One pair : Aces
Seat 6: Reina_jade showed [5d 5c] and won 40495 with Trips of 5


Winamax Poker - Tournament "MYSTERY KO" buyIn: 0.90€ + 0.10€ level: 2 - HandId: #2910502742961160206-52-1691520690 - Holdem no limit (30/125/250) - 2023/08/08 18:51:30 UTC
Table: 'MYSTERY KO(677654227)#0013' 6-max (real money) Seat #2 is the button
Seat 1: Merguezriver (27059)
Seat 2: FifiR2 (17435)
Seat 3: donkshark (63156)
Seat 4: Dddek66 (92)
Seat 5: P1xel7 (17013)
Seat 6: Reina_jade (40495)
*** ANTE/BLINDS ***
donkshark posts ante 30
Dddek66 posts ante 30
Merguezriver posts ante 30
FifiR2 posts ante 30
P1xel7 posts ante 30
Reina_jade posts ante 30
donkshark posts small blind 125
Dddek66 posts big blind 62 and is all-in
Dealt to P1xel7 [Jd 3d]
*** PRE-FLOP *** 
P1xel7 folds
Reina_jade folds
Merguezriver folds
FifiR2 folds
*** FLOP *** [5h As Qc]
*** TURN *** [5h As Qc][2s]
*** RIVER *** [5h As Qc 2s][2d]
*** SHOW DOWN ***
Dddek66 shows [8h Kh] (One pair : 2)
donkshark shows [Ac 7s] (Two pairs : Aces and 2)
donkshark collected 367 from pot
*** SUMMARY ***
Total pot 367 | No rake
Board: [5h As Qc 2s 2d]
Seat 3: donkshark (small blind) showed [Ac 7s] and won 367 with Two pairs : Aces and 2
Seat 4: Dddek66 (big blind) showed [8h Kh] and lost with One pair : 2


Winamax Poker - Tournament "MYSTERY KO" buyIn: 0.90€ + 0.10€ level: 2 - HandId: #2910502742961160206-53-1691520713 - Holdem no limit (30/125/250) - 2023/08/08 18:51:53 UTC
Table: 'MYSTERY KO(677654227)#0013' 6-max (real money) Seat #3 is the button
Seat 1: Merguezriver (27029)
Seat 2: FifiR2 (17405)
Seat 3: donkshark (63368)
Seat 5: P1xel7 (16983)
Seat 6: Reina_jade (40465)
*** ANTE/BLINDS ***
P1xel7 posts ante 30
Merguezriver posts ante 30
FifiR2 posts ante 30
donkshark posts ante 30
Reina_jade posts ante 30
P1xel7 posts big blind 250
Dealt to P1xel7 [3d 4s]
*** PRE-FLOP *** 
Reina_jade raises 40185 to 40435 and is all-in
Merguezriver folds
FifiR2 folds
donkshark folds
P1xel7 folds
Reina_jade collected 40835 from pot
*** SUMMARY ***
Total pot 40835 | No rake
Seat 6: Reina_jade won 40835


Winamax Poker - Tournament "MYSTERY KO" buyIn: 0.90€ + 0.10€ level: 2 - HandId: #2910502742961160206-54-1691520735 - Holdem no limit (30/125/250) - 2023/08/08 18:52:15 UTC
Table: 'MYSTERY KO(677654227)#0013' 6-max (real money) Seat #4 is the button
Seat 1: Merguezriver (26999)
Seat 2: FifiR2 (17375)
Seat 3: donkshark (63338)
Seat 4: Yoviall (20000)
Seat 5: P1xel7 (16703)
Seat 6: Reina_jade (40835)
*** ANTE/BLINDS ***
P1xel7 posts ante 30
Reina_jade posts ante 30
Merguezriver posts ante 30
FifiR2 posts ante 30
donkshark posts ante 30
P1xel7 posts small blind 125
Reina_jade posts big blind 250
Dealt to P1xel7 [Jc 4s]
*** PRE-FLOP *** 
Merguezriver folds
FifiR2 folds
donkshark raises 313 to 563
P1xel7 folds
Reina_jade raises 1689 to 2252
donkshark folds
Reina_jade collected 3090 from pot
*** SUMMARY ***
Total pot 3090 | No rake
Seat 6: Reina_jade (big blind) won 3090


Winamax Poker - Tournament "MYSTERY KO" buyIn: 0.90€ + 0.10€ level: 2 - HandId: #2910502742961160206-55-1691520756 - Holdem no limit (30/125/250) - 2023/08/08 18:52:36 UTC
Table: 'MYSTERY KO(677654227)#0013' 6-max (real money) Seat #5 is the button
Seat 1: Merguezriver (26969)
Seat 2: FifiR2 (17345)
Seat 3: donkshark (62745)
Seat 4: Yoviall (20000)
Seat 5: P1xel7 (16548)
Seat 6: Reina_jade (41643)
*** ANTE/BLINDS ***
Reina_jade posts ante 30
Merguezriver posts ante 30
FifiR2 posts ante 30
donkshark posts ante 30
Yoviall posts ante 30
P1xel7 posts ante 30
Reina_jade posts small blind 125
Merguezriver posts big blind 250
Dealt to P1xel7 [As 2s]
*** PRE-FLOP *** 
FifiR2 folds
donkshark folds
Yoviall folds
P1xel7 raises 500 to 750
Reina_jade calls 625
Merguezriver folds
*** FLOP *** [8s 3d 8d]
Reina_jade checks
P1xel7 checks
*** TURN *** [8s 3d 8d][6c]
Reina_jade checks
P1xel7 checks
*** RIVER *** [8s 3d 8d 6c][Th]
Reina_jade checks
P1xel7 checks
*** SHOW DOWN ***
P1xel7 shows [As 2s] (One pair : 8)
Reina_jade shows [Td 9c] (Two pairs : Tens and 8)
Reina_jade collected 1930 from pot
*** SUMMARY ***
Total pot 1930 | No rake
Board: [8s 3d 8d 6c Th]
Seat 5: P1xel7 (button) showed [As 2s] and lost with One pair : 8
Seat 6: Reina_jade (small blind) showed [Td 9c] and won 1930 with Two pairs : Tens and 8


Winamax Poker - Tournament "MYSTERY KO" buyIn: 0.90€ + 0.10€ level: 2 - HandId: #2910502742961160206-56-1691520786 - Holdem no limit (30/125/250) - 2023/08/08 18:53:06 UTC
Table: 'MYSTERY KO(677654227)#0013' 6-max (real money) Seat #6 is the button
Seat 1: Merguezriver (26689)
Seat 2: FifiR2 (17315)
Seat 3: donkshark (62715)
Seat 4: Yoviall (19970)
Seat 5: P1xel7 (15768)
Seat 6: Reina_jade (42793)
*** ANTE/BLINDS ***
Merguezriver posts ante 30
FifiR2 posts ante 30
donkshark posts ante 30
Yoviall posts ante 30
P1xel7 posts ante 30
Reina_jade posts ante 30
Merguezriver posts small blind 125
FifiR2 posts big blind 250
Dealt to P1xel7 [8c As]
*** PRE-FLOP *** 
donkshark folds
Yoviall folds
P1xel7 folds
Reina_jade folds
Merguezriver folds
FifiR2 collected 555 from pot
*** SUMMARY ***
Total pot 555 | No rake
Seat 2: FifiR2 (big blind) won 555


Winamax Poker - Tournament "MYSTERY KO" buyIn: 0.90€ + 0.10€ level: 2 - HandId: #2910502742961160206-57-1691520796 - Holdem no limit (30/125/250) - 2023/08/08 18:53:16 UTC
Table: 'MYSTERY KO(677654227)#0013' 6-max (real money) Seat #1 is the button
Seat 1: Merguezriver (26534)
Seat 2: FifiR2 (17590)
Seat 3: donkshark (62685)
Seat 4: Yoviall (19940)
Seat 5: P1xel7 (15738)
Seat 6: Reina_jade (42763)
*** ANTE/BLINDS ***
FifiR2 posts ante 30
donkshark posts ante 30
Merguezriver posts ante 30
Yoviall posts ante 30
P1xel7 posts ante 30
Reina_jade posts ante 30
FifiR2 posts small blind 125
donkshark posts big blind 250
Dealt to P1xel7 [Qs 7c]
*** PRE-FLOP *** 
Yoviall folds
P1xel7 folds
Reina_jade folds
Merguezriver folds
FifiR2 raises 250 to 500
donkshark calls 250
*** FLOP *** [7d 7s Kd]
FifiR2 bets 590
donkshark raises 590 to 1180
FifiR2 calls 590
*** TURN *** [7d 7s Kd][Jd]
FifiR2 checks
donkshark checks
*** RIVER *** [7d 7s Kd Jd][7h]
FifiR2 bets 1770
donkshark folds
FifiR2 collected 5310 from pot
*** SUMMARY ***
Total pot 5310 | No rake
Board: [7d 7s Kd Jd 7h]
Seat 2: FifiR2 (small blind) won 5310


Winamax Poker - Tournament "MYSTERY KO" buyIn: 0.90€ + 0.10€ level: 2 - HandId: #2910502742961160206-58-1691520823 - Holdem no limit (30/125/250) - 2023/08/08 18:53:43 UTC
Table: 'MYSTERY KO(677654227)#0013' 6-max (real money) Seat #2 is the button
Seat 1: Merguezriver (26504)
Seat 2: FifiR2 (19420)
Seat 3: donkshark (60975)
Seat 4: Yoviall (19910)
Seat 5: P1xel7 (15708)
Seat 6: Reina_jade (42733)
*** ANTE/BLINDS ***
donkshark posts ante 30
Yoviall posts ante 30
Merguezriver posts ante 30
FifiR2 posts ante 30
P1xel7 posts ante 30
Reina_jade posts ante 30
donkshark posts small blind 125
Yoviall posts big blind 250
Dealt to P1xel7 [5d 2c]
*** PRE-FLOP *** 
P1xel7 folds
Reina_jade raises 500 to 750
Merguezriver calls 750
FifiR2 folds
donkshark calls 625
Yoviall folds
*** FLOP *** [2h 8c Kh]
donkshark checks
Reina_jade checks
Merguezriver checks
*** TURN *** [2h 8c Kh][As]
donkshark bets 1742
Reina_jade folds
Merguezriver folds
donkshark collected 4422 from pot
*** SUMMARY ***
Total pot 4422 | No rake
Board: [2h 8c Kh As]
Seat 3: donkshark (small blind) won 4422


Winamax Poker - Tournament "MYSTERY KO" buyIn: 0.90€ + 0.10€ level: 2 - HandId: #2910502742961160206-59-1691520851 - Holdem no limit (30/125/250) - 2023/08/08 18:54:11 UTC
Table: 'MYSTERY KO(677654227)#0013' 6-max (real money) Seat #3 is the button
Seat 1: Merguezriver (25724)
Seat 2: FifiR2 (19390)
Seat 3: donkshark (62875)
Seat 4: Yoviall (19630)
Seat 5: P1xel7 (15678)
Seat 6: Reina_jade (41953)
*** ANTE/BLINDS ***
Yoviall posts ante 30
P1xel7 posts ante 30
Merguezriver posts ante 30
FifiR2 posts ante 30
donkshark posts ante 30
Reina_jade posts ante 30
Yoviall posts small blind 125
P1xel7 posts big blind 250
Dealt to P1xel7 [Ks Js]
*** PRE-FLOP *** 
Reina_jade folds
Merguezriver calls 250
FifiR2 folds
donkshark folds
Yoviall raises 375 to 625
P1xel7 calls 375
Merguezriver calls 375
*** FLOP *** [Td Qd 6c]
Yoviall checks
P1xel7 checks
Merguezriver checks
*** TURN *** [Td Qd 6c][Tc]
Yoviall checks
P1xel7 bets 1028
Merguezriver calls 1028
Yoviall folds
*** RIVER *** [Td Qd 6c Tc][5s]
P1xel7 bets 2056
Merguezriver calls 2056
*** SHOW DOWN ***
P1xel7 shows [Ks Js] (One pair : Tens)
Merguezriver shows [9s 9c] (Two pairs : Tens and 9)
Merguezriver collected 8223 from pot
*** SUMMARY ***
Total pot 8223 | No rake
Board: [Td Qd 6c Tc 5s]
Seat 1: Merguezriver showed [9s 9c] and won 8223 with Two pairs : Tens and 9
Seat 5: P1xel7 (big blind) showed [Ks Js] and lost with One pair : Tens


Winamax Poker - Tournament "MYSTERY KO" buyIn: 0.90€ + 0.10€ level: 2 - HandId: #2910502742961160206-60-1691520900 - Holdem no limit (30/125/250) - 2023/08/08 18:55:00 UTC
Table: 'MYSTERY KO(677654227)#0013' 6-max (real money) Seat #4 is the button
Seat 1: Merguezriver (30208)
Seat 2: FifiR2 (19360)
Seat 3: donkshark (62845)
Seat 4: Yoviall (18975)
Seat 5: P1xel7 (11939)
Seat 6: Reina_jade (41923)
*** ANTE/BLINDS ***
P1xel7 posts ante 30
Reina_jade posts ante 30
Merguezriver posts ante 30
FifiR2 posts ante 30
donkshark posts ante 30
Yoviall posts ante 30
P1xel7 posts small blind 125
Reina_jade posts big blind 250
Dealt to P1xel7 [7s 2s]
*** PRE-FLOP *** 
Merguezriver calls 250
FifiR2 folds
donkshark folds
Yoviall folds
P1xel7 folds
Reina_jade checks
*** FLOP *** [3c 6h 5h]
Reina_jade checks
Merguezriver checks
*** TURN *** [3c 6h 5h][9h]
Reina_jade bets 41643 and is all-in
Merguezriver folds
Reina_jade collected 42448 from pot
*** SUMMARY ***
Total pot 42448 | No rake
Board: [3c 6h 5h 9h]
Seat 6: Reina_jade (big blind) won 42448


Winamax Poker - Tournament "MYSTERY KO" buyIn: 0.90€ + 0.10€ level: 2 - HandId: #2910502742961160206-61-1691521260 - Holdem no limit (30/125/250) - 2023/08/08 19:01:00 UTC
Table: 'MYSTERY KO(677654227)#0013' 6-max (real money) Seat #5 is the button
Seat 1: Merguezriver (29928)
Seat 2: FifiR2 (19330)
Seat 3: donkshark (62815)
Seat 4: Yoviall (18945)
Seat 5: P1xel7 (11784)
Seat 6: Reina_jade (42448)
*** ANTE/BLINDS ***
Reina_jade posts ante 30
Merguezriver posts ante 30
FifiR2 posts ante 30
donkshark posts ante 30
Yoviall posts ante 30
P1xel7 posts ante 30
Reina_jade posts small blind 125
Merguezriver posts big blind 250
Dealt to P1xel7 [9s 5c]
*** PRE-FLOP *** 
FifiR2 folds
donkshark folds
Yoviall folds
P1xel7 folds
Reina_jade folds
Merguezriver collected 555 from pot
*** SUMMARY ***
Total pot 555 | No rake
Seat 1: Merguezriver (big blind) won 555


Winamax Poker - Tournament "MYSTERY KO" buyIn: 0.90€ + 0.10€ level: 2 - HandId: #2910502742961160206-62-1691521308 - Holdem no limit (30/125/250) - 2023/08/08 19:01:48 UTC
Table: 'MYSTERY KO(677654227)#0013' 6-max (real money) Seat #6 is the button
Seat 1: Merguezriver (30203)
Seat 2: FifiR2 (19300)
Seat 3: donkshark (62785)
Seat 4: Yoviall (18915)
Seat 5: P1xel7 (11754)
Seat 6: Reina_jade (42293)
*** ANTE/BLINDS ***
Merguezriver posts ante 30
FifiR2 posts ante 30
donkshark posts ante 30
Yoviall posts ante 30
P1xel7 posts ante 30
Reina_jade posts ante 30
Merguezriver posts small blind 125
FifiR2 posts big blind 250
Dealt to P1xel7 [3c 2h]
*** PRE-FLOP *** 
donkshark folds
Yoviall folds
P1xel7 folds
Reina_jade folds
Merguezriver folds
FifiR2 collected 555 from pot
*** SUMMARY ***
Total pot 555 | No rake
Seat 2: FifiR2 (big blind) won 555


Winamax Poker - Tournament "MYSTERY KO" buyIn: 0.90€ + 0.10€ level: 2 - HandId: #2910502742961160206-63-1691521333 - Holdem no limit (30/125/250) - 2023/08/08 19:02:13 UTC
Table: 'MYSTERY KO(677654227)#0013' 6-max (real money) Seat #1 is the button
Seat 1: Merguezriver (30048)
Seat 2: FifiR2 (19575)
Seat 3: donkshark (62755)
Seat 4: Yoviall (18885)
Seat 5: P1xel7 (11724)
Seat 6: Reina_jade (42263)
*** ANTE/BLINDS ***
FifiR2 posts ante 30
donkshark posts ante 30
Merguezriver posts ante 30
Yoviall posts ante 30
P1xel7 posts ante 30
Reina_jade posts ante 30
FifiR2 posts small blind 125
donkshark posts big blind 250
Dealt to P1xel7 [5s Kh]
*** PRE-FLOP *** 
Yoviall folds
P1xel7 folds
Reina_jade raises 313 to 563
Merguezriver folds
FifiR2 folds
donkshark folds
Reina_jade collected 1118 from pot
*** SUMMARY ***
Total pot 1118 | No rake
Seat 6: Reina_jade won 1118


Winamax Poker - Tournament "MYSTERY KO" buyIn: 0.90€ + 0.10€ level: 2 - HandId: #2910502742961160206-64-1691521357 - Holdem no limit (30/125/250) - 2023/08/08 19:02:37 UTC
Table: 'MYSTERY KO(677654227)#0013' 6-max (real money) Seat #2 is the button
Seat 1: Merguezriver (30018)
Seat 2: FifiR2 (19420)
Seat 3: donkshark (62475)
Seat 4: Yoviall (18855)
Seat 5: P1xel7 (11694)
Seat 6: Reina_jade (42788)
*** ANTE/BLINDS ***
donkshark posts ante 30
Yoviall posts ante 30
Merguezriver posts ante 30
FifiR2 posts ante 30
P1xel7 posts ante 30
Reina_jade posts ante 30
donkshark posts small blind 125
Yoviall posts big blind 250
Dealt to P1xel7 [Th 4s]
*** PRE-FLOP *** 
P1xel7 folds
Reina_jade folds
Merguezriver folds
FifiR2 raises 250 to 500
donkshark folds
Yoviall calls 250
*** FLOP *** [Js 9d 9h]
Yoviall checks
FifiR2 checks
*** TURN *** [Js 9d 9h][7h]
Yoviall checks
FifiR2 checks
*** RIVER *** [Js 9d 9h 7h][Jc]
Yoviall checks
FifiR2 bets 250
Yoviall folds
FifiR2 collected 1555 from pot
*** SUMMARY ***
Total pot 1555 | No rake
Board: [Js 9d 9h 7h Jc]
Seat 2: FifiR2 (button) won 1555


Winamax Poker - Tournament "MYSTERY KO" buyIn: 0.90€ + 0.10€ level: 3 - HandId: #2910502742961160206-65-1691521435 - Holdem no limit (35/150/300) - 2023/08/08 19:03:55 UTC
Table: 'MYSTERY KO(677654227)#0013' 6-max (real money) Seat #3 is the button
Seat 1: Merguezriver (29988)
Seat 2: FifiR2 (20195)
Seat 3: donkshark (62320)
Seat 4: Yoviall (18325)
Seat 5: P1xel7 (11664)
Seat 6: Reina_jade (42758)
*** ANTE/BLINDS ***
Yoviall posts ante 35
P1xel7 posts ante 35
Merguezriver posts ante 35
FifiR2 posts ante 35
donkshark posts ante 35
Reina_jade posts ante 35
Yoviall posts small blind 150
P1xel7 posts big blind 300
Dealt to P1xel7 [2d 6c]
*** PRE-FLOP *** 
Reina_jade raises 300 to 600
Merguezriver folds
FifiR2 folds
donkshark calls 600
Yoviall folds
P1xel7 folds
*** FLOP *** [Ad 3d 3s]
Reina_jade checks
donkshark bets 651
Reina_jade folds
donkshark collected 2511 from pot
*** SUMMARY ***
Total pot 2511 | No rake
Board: [Ad 3d 3s]
Seat 3: donkshark (button) won 2511


Winamax Poker - Tournament "MYSTERY KO" buyIn: 0.90€ + 0.10€ level: 3 - HandId: #2910502742961160206-66-1691521461 - Holdem no limit (35/150/300) - 2023/08/08 19:04:21 UTC
Table: 'MYSTERY KO(677654227)#0013' 6-max (real money) Seat #4 is the button
Seat 1: Merguezriver (29953)
Seat 2: FifiR2 (20160)
Seat 3: donkshark (63545)
Seat 4: Yoviall (18140)
Seat 5: P1xel7 (11329)
Seat 6: Reina_jade (42123)
*** ANTE/BLINDS ***
P1xel7 posts ante 35
Reina_jade posts ante 35
Merguezriver posts ante 35
FifiR2 posts ante 35
donkshark posts ante 35
Yoviall posts ante 35
P1xel7 posts small blind 150
Reina_jade posts big blind 300
Dealt to P1xel7 [4s 9d]
*** PRE-FLOP *** 
Merguezriver folds
FifiR2 folds
donkshark raises 375 to 675
Yoviall folds
P1xel7 folds
Reina_jade folds
donkshark collected 1335 from pot
*** SUMMARY ***
Total pot 1335 | No rake
Seat 3: donkshark won 1335


Winamax Poker - Tournament "MYSTERY KO" buyIn: 0.90€ + 0.10€ level: 3 - HandId: #2910502742961160206-67-1691521476 - Holdem no limit (35/150/300) - 2023/08/08 19:04:36 UTC
Table: 'MYSTERY KO(677654227)#0013' 6-max (real money) Seat #5 is the button
Seat 1: Merguezriver (29918)
Seat 2: FifiR2 (20125)
Seat 3: donkshark (64170)
Seat 4: Yoviall (18105)
Seat 5: P1xel7 (11144)
Seat 6: Reina_jade (41788)
*** ANTE/BLINDS ***
Reina_jade posts ante 35
Merguezriver posts ante 35
FifiR2 posts ante 35
donkshark posts ante 35
Yoviall posts ante 35
P1xel7 posts ante 35
Reina_jade posts small blind 150
Merguezriver posts big blind 300
Dealt to P1xel7 [5s 3s]
*** PRE-FLOP *** 
FifiR2 raises 300 to 600
donkshark calls 600
Yoviall folds
P1xel7 folds
Reina_jade calls 450
Merguezriver folds
*** FLOP *** [6s 2h 7d]
Reina_jade checks
FifiR2 checks
donkshark bets 1155
Reina_jade calls 1155
FifiR2 folds
*** TURN *** [6s 2h 7d][Jh]
Reina_jade checks
donkshark bets 2460
Reina_jade calls 2460
*** RIVER *** [6s 2h 7d Jh][3d]
Reina_jade checks
donkshark bets 6201
Reina_jade folds
donkshark collected 15741 from pot
*** SUMMARY ***
Total pot 15741 | No rake
Board: [6s 2h 7d Jh 3d]
Seat 3: donkshark won 15741


Winamax Poker - Tournament "MYSTERY KO" buyIn: 0.90€ + 0.10€ level: 3 - HandId: #2910502742961160206-68-1691521560 - Holdem no limit (35/150/300) - 2023/08/08 19:06:00 UTC
Table: 'MYSTERY KO(677654227)#0013' 6-max (real money) Seat #6 is the button
Seat 1: Merguezriver (29583)
Seat 2: FifiR2 (19490)
Seat 3: donkshark (69460)
Seat 4: Yoviall (18070)
Seat 5: P1xel7 (11109)
Seat 6: Reina_jade (37538)
*** ANTE/BLINDS ***
Merguezriver posts ante 35
FifiR2 posts ante 35
donkshark posts ante 35
Yoviall posts ante 35
P1xel7 posts ante 35
Reina_jade posts ante 35
Merguezriver posts small blind 150
FifiR2 posts big blind 300
Dealt to P1xel7 [Qs 6s]
*** PRE-FLOP *** 
donkshark folds
Yoviall raises 600 to 900
P1xel7 folds
Reina_jade calls 900
Merguezriver folds
FifiR2 folds
*** FLOP *** [3d 8d Jh]
Yoviall checks
Reina_jade checks
*** TURN *** [3d 8d Jh][8h]
Yoviall checks
Reina_jade checks
*** RIVER *** [3d 8d Jh 8h][9c]
Yoviall checks
Reina_jade checks
*** SHOW DOWN ***
Reina_jade shows [As 4c] (One pair : 8)
Yoviall shows [Ah Kc] (One pair : 8)
Yoviall collected 2460 from pot
*** SUMMARY ***
Total pot 2460 | No rake
Board: [3d 8d Jh 8h 9c]
Seat 4: Yoviall showed [Ah Kc] and won 2460 with One pair : 8
Seat 6: Reina_jade (button) showed [As 4c] and lost with One pair : 8


Winamax Poker - Tournament "MYSTERY KO" buyIn: 0.90€ + 0.10€ level: 3 - HandId: #2910502742961160206-69-1691521599 - Holdem no limit (35/150/300) - 2023/08/08 19:06:39 UTC
Table: 'MYSTERY KO(677654227)#0013' 6-max (real money) Seat #1 is the button
Seat 1: Merguezriver (29398)
Seat 2: FifiR2 (19155)
Seat 3: donkshark (69425)
Seat 4: Yoviall (19595)
Seat 5: P1xel7 (11074)
Seat 6: Reina_jade (36603)
*** ANTE/BLINDS ***
FifiR2 posts ante 35
donkshark posts ante 35
Merguezriver posts ante 35
Yoviall posts ante 35
P1xel7 posts ante 35
Reina_jade posts ante 35
FifiR2 posts small blind 150
donkshark posts big blind 300
Dealt to P1xel7 [Ks 2d]
*** PRE-FLOP *** 
Yoviall folds
P1xel7 folds
Reina_jade folds
Merguezriver folds
FifiR2 raises 300 to 600
donkshark folds
FifiR2 collected 1110 from pot
*** SUMMARY ***
Total pot 1110 | No rake
Seat 2: FifiR2 (small blind) won 1110


Winamax Poker - Tournament "MYSTERY KO" buyIn: 0.90€ + 0.10€ level: 3 - HandId: #2910502742961160206-70-1691521616 - Holdem no limit (35/150/300) - 2023/08/08 19:06:56 UTC
Table: 'MYSTERY KO(677654227)#0013' 6-max (real money) Seat #2 is the button
Seat 1: Merguezriver (29363)
Seat 2: FifiR2 (19630)
Seat 3: donkshark (69090)
Seat 4: Yoviall (19560)
Seat 5: P1xel7 (11039)
Seat 6: Reina_jade (36568)
*** ANTE/BLINDS ***
donkshark posts ante 35
Yoviall posts ante 35
Merguezriver posts ante 35
FifiR2 posts ante 35
P1xel7 posts ante 35
Reina_jade posts ante 35
donkshark posts small blind 150
Yoviall posts big blind 300
Dealt to P1xel7 [Td 4d]
*** PRE-FLOP *** 
P1xel7 folds
Reina_jade folds
Merguezriver folds
FifiR2 raises 300 to 600
donkshark folds
Yoviall folds
FifiR2 collected 1260 from pot
*** SUMMARY ***
Total pot 1260 | No rake
Seat 2: FifiR2 (button) won 1260


Winamax Poker - Tournament "MYSTERY KO" buyIn: 0.90€ + 0.10€ level: 3 - HandId: #2910502742961160206-71-1691521633 - Holdem no limit (35/150/300) - 2023/08/08 19:07:13 UTC
Table: 'MYSTERY KO(677654227)#0013' 6-max (real money) Seat #3 is the button
Seat 1: Merguezriver (29328)
Seat 2: FifiR2 (20255)
Seat 3: donkshark (68905)
Seat 4: Yoviall (19225)
Seat 5: P1xel7 (11004)
Seat 6: Reina_jade (36533)
*** ANTE/BLINDS ***
Yoviall posts ante 35
P1xel7 posts ante 35
Merguezriver posts ante 35
FifiR2 posts ante 35
donkshark posts ante 35
Reina_jade posts ante 35
Yoviall posts small blind 150
P1xel7 posts big blind 300
Dealt to P1xel7 [7h 5h]
*** PRE-FLOP *** 
Reina_jade calls 300
Merguezriver folds
FifiR2 folds
donkshark folds
Yoviall folds
P1xel7 checks
*** FLOP *** [8d 9c 9s]
P1xel7 checks
Reina_jade bets 300
P1xel7 folds
Reina_jade collected 1260 from pot
*** SUMMARY ***
Total pot 1260 | No rake
Board: [8d 9c 9s]
Seat 6: Reina_jade won 1260


Winamax Poker - Tournament "MYSTERY KO" buyIn: 0.90€ + 0.10€ level: 3 - HandId: #2910502742961160206-72-1691521680 - Holdem no limit (35/150/300) - 2023/08/08 19:08:00 UTC
Table: 'MYSTERY KO(677654227)#0013' 6-max (real money) Seat #4 is the button
Seat 1: Merguezriver (29293)
Seat 2: FifiR2 (20220)
Seat 3: donkshark (68870)
Seat 4: Yoviall (19040)
Seat 5: P1xel7 (10669)
Seat 6: Reina_jade (37158)
*** ANTE/BLINDS ***
P1xel7 posts ante 35
Reina_jade posts ante 35
Merguezriver posts ante 35
FifiR2 posts ante 35
donkshark posts ante 35
Yoviall posts ante 35
P1xel7 posts small blind 150
Reina_jade posts big blind 300
Dealt to P1xel7 [2c Qd]
*** PRE-FLOP *** 
Merguezriver folds
FifiR2 folds
donkshark folds
Yoviall folds
P1xel7 folds
Reina_jade collected 660 from pot
*** SUMMARY ***
Total pot 660 | No rake
Seat 6: Reina_jade (big blind) won 660


Winamax Poker - Tournament "MYSTERY KO" buyIn: 0.90€ + 0.10€ level: 3 - HandId: #2910502742961160206-73-1691521695 - Holdem no limit (35/150/300) - 2023/08/08 19:08:15 UTC
Table: 'MYSTERY KO(677654227)#0013' 6-max (real money) Seat #5 is the button
Seat 1: Merguezriver (29258)
Seat 2: FifiR2 (20185)
Seat 3: donkshark (68835)
Seat 4: Yoviall (19005)
Seat 5: P1xel7 (10484)
Seat 6: Reina_jade (37483)
*** ANTE/BLINDS ***
Reina_jade posts ante 35
Merguezriver posts ante 35
FifiR2 posts ante 35
donkshark posts ante 35
Yoviall posts ante 35
P1xel7 posts ante 35
Reina_jade posts small blind 150
Merguezriver posts big blind 300
Dealt to P1xel7 [Th 3s]
*** PRE-FLOP *** 
FifiR2 raises 300 to 600
donkshark folds
Yoviall folds
P1xel7 folds
Reina_jade calls 450
Merguezriver calls 300
*** FLOP *** [Ad 9s Ks]
Reina_jade checks
Merguezriver checks
FifiR2 bets 1005
Reina_jade folds
Merguezriver folds
FifiR2 collected 3015 from pot
*** SUMMARY ***
Total pot 3015 | No rake
Board: [Ad 9s Ks]
Seat 2: FifiR2 won 3015


Winamax Poker - Tournament "MYSTERY KO" buyIn: 0.90€ + 0.10€ level: 3 - HandId: #2910502742961160206-74-1691521732 - Holdem no limit (35/150/300) - 2023/08/08 19:08:52 UTC
Table: 'MYSTERY KO(677654227)#0013' 6-max (real money) Seat #6 is the button
Seat 1: Merguezriver (28623)
Seat 2: FifiR2 (21560)
Seat 3: donkshark (68800)
Seat 4: Yoviall (18970)
Seat 5: P1xel7 (10449)
Seat 6: Reina_jade (36848)
*** ANTE/BLINDS ***
Merguezriver posts ante 35
FifiR2 posts ante 35
donkshark posts ante 35
Yoviall posts ante 35
P1xel7 posts ante 35
Reina_jade posts ante 35
Merguezriver posts small blind 150
FifiR2 posts big blind 300
Dealt to P1xel7 [Ah Ks]
*** PRE-FLOP *** 
donkshark folds
Yoviall folds
P1xel7 raises 600 to 900
Reina_jade folds
Merguezriver calls 750
FifiR2 folds
*** FLOP *** [7s Ac 9s]
Merguezriver checks
P1xel7 bets 1155
Merguezriver calls 1155
*** TURN *** [7s Ac 9s][6c]
Merguezriver checks
P1xel7 bets 3003
Merguezriver calls 3003
*** RIVER *** [7s Ac 9s 6c][6h]
Merguezriver checks
P1xel7 bets 5356 and is all-in
Merguezriver calls 5356
*** SHOW DOWN ***
Merguezriver shows [9h Qh] (Two pairs : 9 and 6)
P1xel7 shows [Ah Ks] (Two pairs : Aces and 6)
P1xel7 collected 21338 from pot
*** SUMMARY ***
Total pot 21338 | No rake
Board: [7s Ac 9s 6c 6h]
Seat 1: Merguezriver (small blind) showed [9h Qh] and lost with Two pairs : 9 and 6
Seat 5: P1xel7 showed [Ah Ks] and won 21338 with Two pairs : Aces and 6


Winamax Poker - Tournament "MYSTERY KO" buyIn: 0.90€ + 0.10€ level: 3 - HandId: #2910502742961160206-75-1691521795 - Holdem no limit (35/150/300) - 2023/08/08 19:09:55 UTC
Table: 'MYSTERY KO(677654227)#0013' 6-max (real money) Seat #1 is the button
Seat 1: Merguezriver (18174)
Seat 2: FifiR2 (21225)
Seat 3: donkshark (68765)
Seat 4: Yoviall (18935)
Seat 5: P1xel7 (21338)
Seat 6: Reina_jade (36813)
*** ANTE/BLINDS ***
FifiR2 posts ante 35
donkshark posts ante 35
Merguezriver posts ante 35
Yoviall posts ante 35
P1xel7 posts ante 35
Reina_jade posts ante 35
FifiR2 posts small blind 150
donkshark posts big blind 300
Dealt to P1xel7 [Jc Qs]
*** PRE-FLOP *** 
Yoviall raises 300 to 600
P1xel7 folds
Reina_jade calls 600
Merguezriver calls 600
FifiR2 calls 450
donkshark folds
*** FLOP *** [Js 5c Qh]
FifiR2 checks
Yoviall checks
Reina_jade checks
Merguezriver checks
*** TURN *** [Js 5c Qh][Qc]
FifiR2 bets 1455
Yoviall folds
Reina_jade folds
Merguezriver folds
FifiR2 collected 4365 from pot
*** SUMMARY ***
Total pot 4365 | No rake
Board: [Js 5c Qh Qc]
Seat 2: FifiR2 (small blind) won 4365


Winamax Poker - Tournament "MYSTERY KO" buyIn: 0.90€ + 0.10€ level: 4 - HandId: #2910502742961160206-76-1691521850 - Holdem no limit (40/175/350) - 2023/08/08 19:10:50 UTC
Table: 'MYSTERY KO(677654227)#0013' 6-max (real money) Seat #2 is the button
Seat 1: Merguezriver (17539)
Seat 2: FifiR2 (23500)
Seat 3: donkshark (68430)
Seat 4: Yoviall (18300)
Seat 5: P1xel7 (21303)
Seat 6: Reina_jade (36178)
*** ANTE/BLINDS ***
donkshark posts ante 40
Yoviall posts ante 40
Merguezriver posts ante 40
FifiR2 posts ante 40
P1xel7 posts ante 40
Reina_jade posts ante 40
donkshark posts small blind 175
Yoviall posts big blind 350
Dealt to P1xel7 [Qd 9h]
*** PRE-FLOP *** 
P1xel7 folds
Reina_jade folds
Merguezriver calls 350
FifiR2 calls 350
donkshark calls 175
Yoviall raises 1050 to 1400
Merguezriver calls 1050
FifiR2 folds
donkshark folds
*** FLOP *** [Jc Ts 5s]
Yoviall checks
Merguezriver checks
*** TURN *** [Jc Ts 5s][7d]
Yoviall bets 2992
Merguezriver calls 2992
*** RIVER *** [Jc Ts 5s 7d][Qc]
Yoviall bets 13868 and is all-in
Merguezriver folds
Yoviall collected 23592 from pot
*** SUMMARY ***
Total pot 23592 | No rake
Board: [Jc Ts 5s 7d Qc]
Seat 4: Yoviall (big blind) won 23592


Winamax Poker - Tournament "MYSTERY KO" buyIn: 0.90€ + 0.10€ level: 4 - HandId: #2910502742961160206-77-1691521904 - Holdem no limit (40/175/350) - 2023/08/08 19:11:44 UTC
Table: 'MYSTERY KO(677654227)#0013' 6-max (real money) Seat #3 is the button
Seat 1: Merguezriver (13107)
Seat 2: FifiR2 (23110)
Seat 3: donkshark (68040)
Seat 4: Yoviall (23592)
Seat 5: P1xel7 (21263)
Seat 6: Reina_jade (36138)
*** ANTE/BLINDS ***
Yoviall posts ante 40
P1xel7 posts ante 40
Merguezriver posts ante 40
FifiR2 posts ante 40
donkshark posts ante 40
Reina_jade posts ante 40
Yoviall posts small blind 175
P1xel7 posts big blind 350
Dealt to P1xel7 [7h 8h]
*** PRE-FLOP *** 
Reina_jade folds
Merguezriver calls 350
FifiR2 raises 700 to 1050
donkshark folds
Yoviall folds
P1xel7 folds
Merguezriver calls 700
*** FLOP *** [2h 5h 9c]
Merguezriver checks
FifiR2 checks
*** TURN *** [2h 5h 9c][As]
Merguezriver checks
FifiR2 checks
*** RIVER *** [2h 5h 9c As][6h]
Merguezriver checks
FifiR2 checks
*** SHOW DOWN ***
Merguezriver shows [Qd Th] (High card : Ace)
FifiR2 shows [7d 7c] (One pair : 7)
FifiR2 collected 2865 from pot
*** SUMMARY ***
Total pot 2865 | No rake
Board: [2h 5h 9c As 6h]
Seat 1: Merguezriver showed [Qd Th] and lost with High card : Ace
Seat 2: FifiR2 showed [7d 7c] and won 2865 with One pair : 7


Winamax Poker - Tournament "MYSTERY KO" buyIn: 0.90€ + 0.10€ level: 4 - HandId: #2910502742961160206-78-1691521963 - Holdem no limit (40/175/350) - 2023/08/08 19:12:43 UTC
Table: 'MYSTERY KO(677654227)#0013' 6-max (real money) Seat #4 is the button
Seat 1: Merguezriver (12017)
Seat 2: FifiR2 (24885)
Seat 3: donkshark (68000)
Seat 4: Yoviall (23377)
Seat 5: P1xel7 (20873)
Seat 6: Reina_jade (36098)
*** ANTE/BLINDS ***
P1xel7 posts ante 40
Reina_jade posts ante 40
Merguezriver posts ante 40
FifiR2 posts ante 40
donkshark posts ante 40
Yoviall posts ante 40
P1xel7 posts small blind 175
Reina_jade posts big blind 350
Dealt to P1xel7 [8h Td]
*** PRE-FLOP *** 
Merguezriver calls 350
FifiR2 folds
donkshark folds
Yoviall folds
P1xel7 folds
Reina_jade checks
*** FLOP *** [Kd Tc 8d]
Reina_jade bets 350
Merguezriver calls 350
*** TURN *** [Kd Tc 8d][5d]
Reina_jade bets 350
Merguezriver calls 350
*** RIVER *** [Kd Tc 8d 5d][6h]
Reina_jade bets 1635
Merguezriver raises 9292 to 10927 and is all-in
Reina_jade calls 9292
*** SHOW DOWN ***
Merguezriver shows [5s 8s] (Two pairs : 8 and 5)
Reina_jade shows [Kh 6c] (Two pairs : Kings and 6)
Reina_jade collected 24369 from pot
*** SUMMARY ***
Total pot 24369 | No rake
Board: [Kd Tc 8d 5d 6h]
Seat 1: Merguezriver showed [5s 8s] and lost with Two pairs : 8 and 5
Seat 6: Reina_jade (big blind) showed [Kh 6c] and won 24369 with Two pairs : Kings and 6


Winamax Poker - Tournament "MYSTERY KO" buyIn: 0.90€ + 0.10€ level: 4 - HandId: #2910502742961160206-79-1691522008 - Holdem no limit (40/175/350) - 2023/08/08 19:13:28 UTC
Table: 'MYSTERY KO(677654227)#0013' 6-max (real money) Seat #5 is the button
Seat 2: FifiR2 (24845)
Seat 3: donkshark (67960)
Seat 4: Yoviall (23337)
Seat 5: P1xel7 (20658)
Seat 6: Reina_jade (48450)
*** ANTE/BLINDS ***
Reina_jade posts ante 40
FifiR2 posts ante 40
donkshark posts ante 40
Yoviall posts ante 40
P1xel7 posts ante 40
Reina_jade posts small blind 175
FifiR2 posts big blind 350
Dealt to P1xel7 [2h 7h]
*** PRE-FLOP *** 
donkshark folds
Yoviall folds
P1xel7 folds
Reina_jade folds
FifiR2 collected 725 from pot
*** SUMMARY ***
Total pot 725 | No rake
Seat 2: FifiR2 (big blind) won 725


Winamax Poker - Tournament "MYSTERY KO" buyIn: 0.90€ + 0.10€ level: 4 - HandId: #2910502742961160206-80-1691522017 - Holdem no limit (40/175/350) - 2023/08/08 19:13:37 UTC
Table: 'MYSTERY KO(677654227)#0013' 6-max (real money) Seat #6 is the button
Seat 1: andrekeveo (20000)
Seat 2: FifiR2 (25180)
Seat 3: donkshark (67920)
Seat 4: Yoviall (23297)
Seat 5: P1xel7 (20618)
Seat 6: Reina_jade (48235)
*** ANTE/BLINDS ***
FifiR2 posts ante 40
donkshark posts ante 40
Yoviall posts ante 40
P1xel7 posts ante 40
Reina_jade posts ante 40
FifiR2 posts small blind 175
donkshark posts big blind 350
Dealt to P1xel7 [3d Qd]
*** PRE-FLOP *** 
Yoviall folds
P1xel7 folds
Reina_jade folds
FifiR2 raises 350 to 700
donkshark folds
FifiR2 collected 1250 from pot
*** SUMMARY ***
Total pot 1250 | No rake
Seat 2: FifiR2 (small blind) won 1250


Winamax Poker - Tournament "MYSTERY KO" buyIn: 0.90€ + 0.10€ level: 4 - HandId: #2910502742961160206-81-1691522036 - Holdem no limit (40/175/350) - 2023/08/08 19:13:56 UTC
Table: 'MYSTERY KO(677654227)#0013' 6-max (real money) Seat #2 is the button
Seat 1: andrekeveo (20000)
Seat 2: FifiR2 (25690)
Seat 3: donkshark (67530)
Seat 4: Yoviall (23257)
Seat 5: P1xel7 (20578)
Seat 6: Reina_jade (48195)
*** ANTE/BLINDS ***
donkshark posts ante 40
Yoviall posts ante 40
andrekeveo posts ante 40
FifiR2 posts ante 40
P1xel7 posts ante 40
Reina_jade posts ante 40
donkshark posts small blind 175
Yoviall posts big blind 350
Dealt to P1xel7 [5d Qh]
*** PRE-FLOP *** 
P1xel7 folds
Reina_jade raises 350 to 700
andrekeveo calls 700
FifiR2 folds
donkshark folds
Yoviall folds
*** FLOP *** [5c 6d 5s]
Reina_jade checks
andrekeveo bets 1407
Reina_jade folds
andrekeveo collected 3572 from pot
*** SUMMARY ***
Total pot 3572 | No rake
Board: [5c 6d 5s]
Seat 1: andrekeveo won 3572


Winamax Poker - Tournament "MYSTERY KO" buyIn: 0.90€ + 0.10€ level: 4 - HandId: #2910502742961160206-82-1691522083 - Holdem no limit (40/175/350) - 2023/08/08 19:14:43 UTC
Table: 'MYSTERY KO(677654227)#0013' 6-max (real money) Seat #3 is the button
Seat 1: andrekeveo (21425)
Seat 2: FifiR2 (25650)
Seat 3: donkshark (67315)
Seat 4: Yoviall (22867)
Seat 5: P1xel7 (20538)
Seat 6: Reina_jade (47455)
*** ANTE/BLINDS ***
Yoviall posts ante 40
P1xel7 posts ante 40
andrekeveo posts ante 40
FifiR2 posts ante 40
donkshark posts ante 40
Reina_jade posts ante 40
Yoviall posts small blind 175
P1xel7 posts big blind 350
Dealt to P1xel7 [Qd Js]
*** PRE-FLOP *** 
Reina_jade raises 350 to 700
andrekeveo calls 700
FifiR2 folds
donkshark calls 700
Yoviall raises 2100 to 2800
P1xel7 folds
Reina_jade calls 2100
andrekeveo folds
donkshark folds
*** FLOP *** [Jh 2s 4d]
Yoviall bets 3795
Reina_jade folds
Yoviall collected 11385 from pot
*** SUMMARY ***
Total pot 11385 | No rake
Board: [Jh 2s 4d]
Seat 4: Yoviall (small blind) won 11385


Winamax Poker - Tournament "MYSTERY KO" buyIn: 0.90€ + 0.10€ level: 4 - HandId: #2910502742961160206-83-1691522122 - Holdem no limit (40/175/350) - 2023/08/08 19:15:22 UTC
Table: 'MYSTERY KO(677654227)#0013' 6-max (real money) Seat #4 is the button
Seat 1: andrekeveo (20685)
Seat 2: FifiR2 (25610)
Seat 3: donkshark (66575)
Seat 4: Yoviall (27617)
Seat 5: P1xel7 (20148)
Seat 6: Reina_jade (44615)
*** ANTE/BLINDS ***
P1xel7 posts ante 40
Reina_jade posts ante 40
andrekeveo posts ante 40
FifiR2 posts ante 40
donkshark posts ante 40
Yoviall posts ante 40
P1xel7 posts small blind 175
Reina_jade posts big blind 350
Dealt to P1xel7 [Jd Ad]
*** PRE-FLOP *** 
andrekeveo calls 350
FifiR2 folds
donkshark folds
Yoviall raises 350 to 700
P1xel7 calls 525
Reina_jade folds
andrekeveo calls 350
*** FLOP *** [7h 2h 5h]
P1xel7 checks
andrekeveo bets 350
Yoviall raises 3390 to 3740
P1xel7 folds
andrekeveo raises 16205 to 19945 and is all-in
Yoviall raises 6932 to 26877 and is all-in
*** TURN *** [7h 2h 5h][4s]
*** RIVER *** [7h 2h 5h 4s][As]
*** SHOW DOWN ***
andrekeveo shows [Kh Qs] (High card : Ace)
Yoviall shows [9h 9s] (One pair : 9)
Yoviall collected 49512 from pot
*** SUMMARY ***
Total pot 49512 | No rake
Board: [7h 2h 5h 4s As]
Seat 1: andrekeveo showed [Kh Qs] and lost with High card : Ace
Seat 4: Yoviall (button) showed [9h 9s] and won 49512 with One pair : 9


Winamax Poker - Tournament "MYSTERY KO" buyIn: 0.90€ + 0.10€ level: 4 - HandId: #2910502742961160206-84-1691522183 - Holdem no limit (40/175/350) - 2023/08/08 19:16:23 UTC
Table: 'MYSTERY KO(677654227)#0013' 6-max (real money) Seat #5 is the button
Seat 2: FifiR2 (25570)
Seat 3: donkshark (66535)
Seat 4: Yoviall (49512)
Seat 5: P1xel7 (19408)
Seat 6: Reina_jade (44225)
*** ANTE/BLINDS ***
Reina_jade posts ante 40
FifiR2 posts ante 40
donkshark posts ante 40
Yoviall posts ante 40
P1xel7 posts ante 40
Reina_jade posts small blind 175
FifiR2 posts big blind 350
Dealt to P1xel7 [3d 8c]
*** PRE-FLOP *** 
donkshark raises 438 to 788
Yoviall folds
P1xel7 folds
Reina_jade calls 613
FifiR2 folds
*** FLOP *** [Ah 5s Kd]
Reina_jade checks
donkshark bets 744
Reina_jade folds
donkshark collected 2870 from pot
*** SUMMARY ***
Total pot 2870 | No rake
Board: [Ah 5s Kd]
Seat 3: donkshark won 2870


Winamax Poker - Tournament "MYSTERY KO" buyIn: 0.90€ + 0.10€ level: 4 - HandId: #2910502742961160206-85-1691522217 - Holdem no limit (40/175/350) - 2023/08/08 19:16:57 UTC
Table: 'MYSTERY KO(677654227)#0013' 6-max (real money) Seat #6 is the button
Seat 2: FifiR2 (25180)
Seat 3: donkshark (67833)
Seat 4: Yoviall (49472)
Seat 5: P1xel7 (19368)
Seat 6: Reina_jade (43397)
*** ANTE/BLINDS ***
FifiR2 posts ante 40
donkshark posts ante 40
Yoviall posts ante 40
P1xel7 posts ante 40
Reina_jade posts ante 40
FifiR2 posts small blind 175
donkshark posts big blind 350
Dealt to P1xel7 [8d Jh]
*** PRE-FLOP *** 
Yoviall folds
P1xel7 folds
Reina_jade folds
FifiR2 raises 350 to 700
donkshark calls 350
*** FLOP *** [8s Qc Kc]
FifiR2 checks
donkshark bets 560
FifiR2 folds
donkshark collected 2160 from pot
*** SUMMARY ***
Total pot 2160 | No rake
Board: [8s Qc Kc]
Seat 3: donkshark (big blind) won 2160


Winamax Poker - Tournament "MYSTERY KO" buyIn: 0.90€ + 0.10€ level: 5 - HandId: #2910502742961160206-86-1691522237 - Holdem no limit (50/200/400) - 2023/08/08 19:17:17 UTC
Table: 'MYSTERY KO(677654227)#0013' 6-max (real money) Seat #2 is the button
Seat 2: FifiR2 (24440)
Seat 3: donkshark (68693)
Seat 4: Yoviall (49432)
Seat 5: P1xel7 (19328)
Seat 6: Reina_jade (43357)
*** ANTE/BLINDS ***
donkshark posts ante 50
Yoviall posts ante 50
FifiR2 posts ante 50
P1xel7 posts ante 50
Reina_jade posts ante 50
donkshark posts small blind 200
Yoviall posts big blind 400
Dealt to P1xel7 [8h 9c]
*** PRE-FLOP *** 
P1xel7 folds
Reina_jade folds
FifiR2 raises 400 to 800
donkshark folds
Yoviall folds
FifiR2 collected 1650 from pot
*** SUMMARY ***
Total pot 1650 | No rake
Seat 2: FifiR2 (button) won 1650


Winamax Poker - Tournament "MYSTERY KO" buyIn: 0.90€ + 0.10€ level: 5 - HandId: #2910502742961160206-87-1691522260 - Holdem no limit (50/200/400) - 2023/08/08 19:17:40 UTC
Table: 'MYSTERY KO(677654227)#0013' 6-max (real money) Seat #3 is the button
Seat 1: brutal69 (20000)
Seat 2: FifiR2 (25240)
Seat 3: donkshark (68443)
Seat 4: Yoviall (48982)
Seat 5: P1xel7 (19278)
Seat 6: Reina_jade (43307)
*** ANTE/BLINDS ***
Yoviall posts ante 50
P1xel7 posts ante 50
brutal69 posts ante 50
FifiR2 posts ante 50
donkshark posts ante 50
Reina_jade posts ante 50
Yoviall posts small blind 200
P1xel7 posts big blind 400
Dealt to P1xel7 [3h 9c]
*** PRE-FLOP *** 
Reina_jade raises 400 to 800
brutal69 folds
FifiR2 folds
donkshark folds
Yoviall calls 600
P1xel7 folds
*** FLOP *** [5d Qh 6c]
Yoviall checks
Reina_jade checks
*** TURN *** [5d Qh 6c][2s]
Yoviall checks
Reina_jade checks
*** RIVER *** [5d Qh 6c 2s][Qc]
Yoviall checks
Reina_jade checks
*** SHOW DOWN ***
Reina_jade shows [9s Tc] (One pair : Queens)
Yoviall shows [7d Ah] (One pair : Queens)
Yoviall collected 2300 from pot
*** SUMMARY ***
Total pot 2300 | No rake
Board: [5d Qh 6c 2s Qc]
Seat 4: Yoviall (small blind) showed [7d Ah] and won 2300 with One pair : Queens
Seat 6: Reina_jade showed [9s Tc] and lost with One pair : Queens


Winamax Poker - Tournament "MYSTERY KO" buyIn: 0.90€ + 0.10€ level: 5 - HandId: #2910502742961160206-88-1691522299 - Holdem no limit (50/200/400) - 2023/08/08 19:18:19 UTC
Table: 'MYSTERY KO(677654227)#0013' 6-max (real money) Seat #4 is the button
Seat 1: brutal69 (19950)
Seat 2: FifiR2 (25190)
Seat 3: donkshark (68393)
Seat 4: Yoviall (50432)
Seat 5: P1xel7 (18828)
Seat 6: Reina_jade (42457)
*** ANTE/BLINDS ***
P1xel7 posts ante 50
Reina_jade posts ante 50
brutal69 posts ante 50
FifiR2 posts ante 50
donkshark posts ante 50
Yoviall posts ante 50
P1xel7 posts small blind 200
Reina_jade posts big blind 400
Dealt to P1xel7 [8h Ts]
*** PRE-FLOP *** 
brutal69 calls 400
FifiR2 folds
donkshark folds
Yoviall raises 400 to 800
P1xel7 folds
Reina_jade calls 400
brutal69 calls 400
*** FLOP *** [7h Td 6h]
Reina_jade checks
brutal69 bets 400
Yoviall calls 400
Reina_jade calls 400
*** TURN *** [7h Td 6h][8s]
Reina_jade checks
brutal69 checks
Yoviall checks
*** RIVER *** [7h Td 6h 8s][3s]
Reina_jade checks
brutal69 checks
Yoviall checks
*** SHOW DOWN ***
Yoviall shows [5s 5h] (One pair : 5)
Reina_jade shows [6c Qc] (One pair : 6)
brutal69 shows [Ah 7s] (One pair : 7)
brutal69 collected 4100 from pot
*** SUMMARY ***
Total pot 4100 | No rake
Board: [7h Td 6h 8s 3s]
Seat 1: brutal69 showed [Ah 7s] and won 4100 with One pair : 7
Seat 4: Yoviall (button) showed [5s 5h] and lost with One pair : 5
Seat 6: Reina_jade (big blind) showed [6c Qc] and lost with One pair : 6


Winamax Poker - Tournament "MYSTERY KO" buyIn: 0.90€ + 0.10€ level: 5 - HandId: #2910502742961160206-89-1691522347 - Holdem no limit (50/200/400) - 2023/08/08 19:19:07 UTC
Table: 'MYSTERY KO(677654227)#0013' 6-max (real money) Seat #5 is the button
Seat 1: brutal69 (22800)
Seat 2: FifiR2 (25140)
Seat 3: donkshark (68343)
Seat 4: Yoviall (49182)
Seat 5: P1xel7 (18578)
Seat 6: Reina_jade (41207)
*** ANTE/BLINDS ***
Reina_jade posts ante 50
brutal69 posts ante 50
FifiR2 posts ante 50
donkshark posts ante 50
Yoviall posts ante 50
P1xel7 posts ante 50
Reina_jade posts small blind 200
brutal69 posts big blind 400
Dealt to P1xel7 [8c 7s]
*** PRE-FLOP *** 
FifiR2 folds
donkshark folds
Yoviall folds
P1xel7 folds
Reina_jade folds
brutal69 collected 900 from pot
*** SUMMARY ***
Total pot 900 | No rake
Seat 1: brutal69 (big blind) won 900


Winamax Poker - Tournament "MYSTERY KO" buyIn: 0.90€ + 0.10€ level: 5 - HandId: #2910502742961160206-90-1691522367 - Holdem no limit (50/200/400) - 2023/08/08 19:19:27 UTC
Table: 'MYSTERY KO(677654227)#0013' 6-max (real money) Seat #6 is the button
Seat 1: brutal69 (23250)
Seat 2: FifiR2 (25090)
Seat 3: donkshark (68293)
Seat 4: Yoviall (49132)
Seat 5: P1xel7 (18528)
Seat 6: Reina_jade (40957)
*** ANTE/BLINDS ***
brutal69 posts ante 50
FifiR2 posts ante 50
donkshark posts ante 50
Yoviall posts ante 50
P1xel7 posts ante 50
Reina_jade posts ante 50
brutal69 posts small blind 200
FifiR2 posts big blind 400
Dealt to P1xel7 [2s 3d]
*** PRE-FLOP *** 
donkshark folds
Yoviall folds
P1xel7 folds
Reina_jade folds
brutal69 folds
FifiR2 collected 900 from pot
*** SUMMARY ***
Total pot 900 | No rake
Seat 2: FifiR2 (big blind) won 900


Winamax Poker - Tournament "MYSTERY KO" buyIn: 0.90€ + 0.10€ level: 5 - HandId: #2910502742961160206-91-1691522398 - Holdem no limit (50/200/400) - 2023/08/08 19:19:58 UTC
Table: 'MYSTERY KO(677654227)#0013' 6-max (real money) Seat #1 is the button
Seat 1: brutal69 (23000)
Seat 2: FifiR2 (25540)
Seat 3: donkshark (68243)
Seat 4: Yoviall (49082)
Seat 5: P1xel7 (18478)
Seat 6: Reina_jade (40907)
*** ANTE/BLINDS ***
FifiR2 posts ante 50
donkshark posts ante 50
brutal69 posts ante 50
Yoviall posts ante 50
P1xel7 posts ante 50
Reina_jade posts ante 50
FifiR2 posts small blind 200
donkshark posts big blind 400
Dealt to P1xel7 [9h 2s]
*** PRE-FLOP *** 
Yoviall folds
P1xel7 folds
Reina_jade folds
brutal69 folds
FifiR2 raises 400 to 800
donkshark calls 400
*** FLOP *** [5c 7d 9s]
FifiR2 bets 950
donkshark folds
FifiR2 collected 2850 from pot
*** SUMMARY ***
Total pot 2850 | No rake
Board: [5c 7d 9s]
Seat 2: FifiR2 (small blind) won 2850


Winamax Poker - Tournament "MYSTERY KO" buyIn: 0.90€ + 0.10€ level: 5 - HandId: #2910502742961160206-92-1691522422 - Holdem no limit (50/200/400) - 2023/08/08 19:20:22 UTC
Table: 'MYSTERY KO(677654227)#0013' 6-max (real money) Seat #2 is the button
Seat 1: brutal69 (22950)
Seat 2: FifiR2 (26590)
Seat 3: donkshark (67393)
Seat 4: Yoviall (49032)
Seat 5: P1xel7 (18428)
Seat 6: Reina_jade (40857)
*** ANTE/BLINDS ***
donkshark posts ante 50
Yoviall posts ante 50
brutal69 posts ante 50
FifiR2 posts ante 50
P1xel7 posts ante 50
Reina_jade posts ante 50
donkshark posts small blind 200
Yoviall posts big blind 400
Dealt to P1xel7 [9c 7s]
*** PRE-FLOP *** 
P1xel7 folds
Reina_jade folds
brutal69 calls 400
FifiR2 folds
donkshark raises 800 to 1200
Yoviall calls 800
brutal69 calls 800
*** FLOP *** [Qc 6d 5s]
donkshark bets 1950
Yoviall folds
brutal69 calls 1950
*** TURN *** [Qc 6d 5s][2h]
donkshark bets 2730
brutal69 folds
donkshark collected 10530 from pot
*** SUMMARY ***
Total pot 10530 | No rake
Board: [Qc 6d 5s 2h]
Seat 3: donkshark (small blind) won 10530


Winamax Poker - Tournament "MYSTERY KO" buyIn: 0.90€ + 0.10€ level: 5 - HandId: #2910502742961160206-93-1691522465 - Holdem no limit (50/200/400) - 2023/08/08 19:21:05 UTC
Table: 'MYSTERY KO(677654227)#0013' 6-max (real money) Seat #3 is the button
Seat 1: brutal69 (19750)
Seat 2: FifiR2 (26540)
Seat 3: donkshark (71993)
Seat 4: Yoviall (47782)
Seat 5: P1xel7 (18378)
Seat 6: Reina_jade (40807)
*** ANTE/BLINDS ***
Yoviall posts ante 50
P1xel7 posts ante 50
brutal69 posts ante 50
FifiR2 posts ante 50
donkshark posts ante 50
Reina_jade posts ante 50
Yoviall posts small blind 200
P1xel7 posts big blind 400
Dealt to P1xel7 [Td Tc]
*** PRE-FLOP *** 
Reina_jade folds
brutal69 raises 400 to 800
FifiR2 folds
donkshark folds
Yoviall folds
P1xel7 raises 1600 to 2400
brutal69 calls 1600
*** FLOP *** [2s Kd 8h]
P1xel7 checks
brutal69 checks
*** TURN *** [2s Kd 8h][4c]
P1xel7 bets 1855
brutal69 folds
P1xel7 collected 7155 from pot
*** SUMMARY ***
Total pot 7155 | No rake
Board: [2s Kd 8h 4c]
Seat 5: P1xel7 (big blind) won 7155


Winamax Poker - Tournament "MYSTERY KO" buyIn: 0.90€ + 0.10€ level: 5 - HandId: #2910502742961160206-94-1691522547 - Holdem no limit (50/200/400) - 2023/08/08 19:22:27 UTC
Table: 'MYSTERY KO(677654227)#0013' 6-max (real money) Seat #4 is the button
Seat 1: brutal69 (17300)
Seat 2: FifiR2 (26490)
Seat 3: donkshark (71943)
Seat 4: Yoviall (47532)
Seat 5: P1xel7 (21228)
Seat 6: Reina_jade (40757)
*** ANTE/BLINDS ***
P1xel7 posts ante 50
Reina_jade posts ante 50
brutal69 posts ante 50
FifiR2 posts ante 50
donkshark posts ante 50
Yoviall posts ante 50
P1xel7 posts small blind 200
Reina_jade posts big blind 400
Dealt to P1xel7 [3c 9s]
*** PRE-FLOP *** 
brutal69 folds
FifiR2 folds
donkshark folds
Yoviall folds
P1xel7 folds
Reina_jade collected 900 from pot
*** SUMMARY ***
Total pot 900 | No rake
Seat 6: Reina_jade (big blind) won 900


Winamax Poker - Tournament "MYSTERY KO" buyIn: 0.90€ + 0.10€ level: 5 - HandId: #2910502742961160206-95-1691522575 - Holdem no limit (50/200/400) - 2023/08/08 19:22:55 UTC
Table: 'MYSTERY KO(677654227)#0013' 6-max (real money) Seat #5 is the button
Seat 1: brutal69 (17250)
Seat 2: FifiR2 (26440)
Seat 3: donkshark (71893)
Seat 4: Yoviall (47482)
Seat 5: P1xel7 (20978)
Seat 6: Reina_jade (41207)
*** ANTE/BLINDS ***
Reina_jade posts ante 50
brutal69 posts ante 50
FifiR2 posts ante 50
donkshark posts ante 50
Yoviall posts ante 50
P1xel7 posts ante 50
Reina_jade posts small blind 200
brutal69 posts big blind 400
Dealt to P1xel7 [8h Ks]
*** PRE-FLOP *** 
FifiR2 folds
donkshark folds
Yoviall folds
P1xel7 folds
Reina_jade raises 1000 to 1400
brutal69 calls 1000
*** FLOP *** [Ac 7c 6s]
Reina_jade checks
brutal69 checks
*** TURN *** [Ac 7c 6s][7s]
Reina_jade checks
brutal69 checks
*** RIVER *** [Ac 7c 6s 7s][Jh]
Reina_jade checks
brutal69 bets 3100
Reina_jade calls 3100
*** SHOW DOWN ***
Reina_jade shows [9d 9c] (Two pairs : 9 and 7)
brutal69 shows [Kh 7d] (Trips of 7)
brutal69 collected 9300 from pot
*** SUMMARY ***
Total pot 9300 | No rake
Board: [Ac 7c 6s 7s Jh]
Seat 1: brutal69 (big blind) showed [Kh 7d] and won 9300 with Trips of 7
Seat 6: Reina_jade (small blind) showed [9d 9c] and lost with Two pairs : 9 and 7


Winamax Poker - Tournament "MYSTERY KO" buyIn: 0.90€ + 0.10€ level: 5 - HandId: #2910502742961160206-96-1691522621 - Holdem no limit (50/200/400) - 2023/08/08 19:23:41 UTC
Table: 'MYSTERY KO(677654227)#0013' 6-max (real money) Seat #6 is the button
Seat 1: brutal69 (22000)
Seat 2: FifiR2 (26390)
Seat 3: donkshark (71843)
Seat 4: Yoviall (47432)
Seat 5: P1xel7 (20928)
Seat 6: Reina_jade (36657)
*** ANTE/BLINDS ***
brutal69 posts ante 50
FifiR2 posts ante 50
donkshark posts ante 50
Yoviall posts ante 50
P1xel7 posts ante 50
Reina_jade posts ante 50
brutal69 posts small blind 200
FifiR2 posts big blind 400
Dealt to P1xel7 [3d 7c]
*** PRE-FLOP *** 
donkshark folds
Yoviall folds
P1xel7 folds
Reina_jade calls 400
brutal69 folds
FifiR2 checks
*** FLOP *** [8h 5c 7h]
FifiR2 checks
Reina_jade bets 400
FifiR2 folds
Reina_jade collected 1700 from pot
*** SUMMARY ***
Total pot 1700 | No rake
Board: [8h 5c 7h]
Seat 6: Reina_jade (button) won 1700


Winamax Poker - Tournament "MYSTERY KO" buyIn: 0.90€ + 0.10€ level: 6 - HandId: #2910502742961160206-97-1691522669 - Holdem no limit (60/250/500) - 2023/08/08 19:24:29 UTC
Table: 'MYSTERY KO(677654227)#0013' 6-max (real money) Seat #1 is the button
Seat 1: brutal69 (21750)
Seat 2: FifiR2 (25940)
Seat 3: donkshark (71793)
Seat 4: Yoviall (47382)
Seat 5: P1xel7 (20878)
Seat 6: Reina_jade (37507)
*** ANTE/BLINDS ***
FifiR2 posts ante 60
donkshark posts ante 60
brutal69 posts ante 60
Yoviall posts ante 60
P1xel7 posts ante 60
Reina_jade posts ante 60
FifiR2 posts small blind 250
donkshark posts big blind 500
Dealt to P1xel7 [Kh 9d]
*** PRE-FLOP *** 
Yoviall folds
P1xel7 raises 1000 to 1500
Reina_jade folds
brutal69 folds
FifiR2 folds
donkshark calls 1000
*** FLOP *** [2c Jc 5h]
donkshark checks
P1xel7 bets 1264
donkshark calls 1264
*** TURN *** [2c Jc 5h][Qh]
donkshark checks
P1xel7 bets 2148
donkshark folds
P1xel7 collected 8286 from pot
*** SUMMARY ***
Total pot 8286 | No rake
Board: [2c Jc 5h Qh]
Seat 5: P1xel7 won 8286


Winamax Poker - Tournament "MYSTERY KO" buyIn: 0.90€ + 0.10€ level: 6 - HandId: #2910502742961160206-98-1691522709 - Holdem no limit (60/250/500) - 2023/08/08 19:25:09 UTC
Table: 'MYSTERY KO(677654227)#0013' 6-max (real money) Seat #2 is the button
Seat 1: brutal69 (21690)
Seat 2: FifiR2 (25630)
Seat 3: donkshark (68969)
Seat 4: Yoviall (47322)
Seat 5: P1xel7 (24192)
Seat 6: Reina_jade (37447)
*** ANTE/BLINDS ***
donkshark posts ante 60
Yoviall posts ante 60
brutal69 posts ante 60
FifiR2 posts ante 60
P1xel7 posts ante 60
Reina_jade posts ante 60
donkshark posts small blind 250
Yoviall posts big blind 500
Dealt to P1xel7 [7c Jh]
*** PRE-FLOP *** 
P1xel7 folds
Reina_jade folds
brutal69 raises 21130 to 21630 and is all-in
FifiR2 folds
donkshark folds
Yoviall folds
brutal69 collected 22740 from pot
*** SUMMARY ***
Total pot 22740 | No rake
Seat 1: brutal69 won 22740


Winamax Poker - Tournament "MYSTERY KO" buyIn: 0.90€ + 0.10€ level: 6 - HandId: #2910502742961160206-99-1691522753 - Holdem no limit (60/250/500) - 2023/08/08 19:25:53 UTC
Table: 'MYSTERY KO(677654227)#0013' 6-max (real money) Seat #3 is the button
Seat 1: brutal69 (22740)
Seat 2: FifiR2 (25570)
Seat 3: donkshark (68659)
Seat 4: Yoviall (46762)
Seat 5: P1xel7 (24132)
Seat 6: Reina_jade (37387)
*** ANTE/BLINDS ***
Yoviall posts ante 60
P1xel7 posts ante 60
brutal69 posts ante 60
FifiR2 posts ante 60
donkshark posts ante 60
Reina_jade posts ante 60
Yoviall posts small blind 250
P1xel7 posts big blind 500
Dealt to P1xel7 [8h 6c]
*** PRE-FLOP *** 
Reina_jade folds
brutal69 folds
FifiR2 raises 500 to 1000
donkshark folds
Yoviall folds
P1xel7 folds
FifiR2 collected 2110 from pot
*** SUMMARY ***
Total pot 2110 | No rake
Seat 2: FifiR2 won 2110


Winamax Poker - Tournament "MYSTERY KO" buyIn: 0.90€ + 0.10€ level: 6 - HandId: #2910502742961160206-100-1691522770 - Holdem no limit (60/250/500) - 2023/08/08 19:26:10 UTC
Table: 'MYSTERY KO(677654227)#0013' 6-max (real money) Seat #4 is the button
Seat 1: brutal69 (22680)
Seat 2: FifiR2 (26620)
Seat 3: donkshark (68599)
Seat 4: Yoviall (46452)
Seat 5: P1xel7 (23572)
Seat 6: Reina_jade (37327)
*** ANTE/BLINDS ***
P1xel7 posts ante 60
Reina_jade posts ante 60
brutal69 posts ante 60
FifiR2 posts ante 60
donkshark posts ante 60
Yoviall posts ante 60
P1xel7 posts small blind 250
Reina_jade posts big blind 500
Dealt to P1xel7 [Qc 5c]
*** PRE-FLOP *** 
brutal69 folds
FifiR2 folds
donkshark raises 625 to 1125
Yoviall folds
P1xel7 folds
Reina_jade folds
donkshark collected 2235 from pot
*** SUMMARY ***
Total pot 2235 | No rake
Seat 3: donkshark won 2235


Winamax Poker - Tournament "MYSTERY KO" buyIn: 0.90€ + 0.10€ level: 6 - HandId: #2910502742961160206-101-1691522797 - Holdem no limit (60/250/500) - 2023/08/08 19:26:37 UTC
Table: 'MYSTERY KO(677654227)#0013' 6-max (real money) Seat #5 is the button
Seat 1: brutal69 (22620)
Seat 2: FifiR2 (26560)
Seat 3: donkshark (69649)
Seat 4: Yoviall (46392)
Seat 5: P1xel7 (23262)
Seat 6: Reina_jade (36767)
*** ANTE/BLINDS ***
Reina_jade posts ante 60
brutal69 posts ante 60
FifiR2 posts ante 60
donkshark posts ante 60
Yoviall posts ante 60
P1xel7 posts ante 60
Reina_jade posts small blind 250
brutal69 posts big blind 500
Dealt to P1xel7 [8h Jh]
*** PRE-FLOP *** 
FifiR2 raises 500 to 1000
donkshark folds
Yoviall folds
P1xel7 folds
Reina_jade folds
brutal69 folds
FifiR2 collected 2110 from pot
*** SUMMARY ***
Total pot 2110 | No rake
Seat 2: FifiR2 won 2110


Winamax Poker - Tournament "MYSTERY KO" buyIn: 0.90€ + 0.10€ level: 6 - HandId: #2910502742961160206-102-1691522813 - Holdem no limit (60/250/500) - 2023/08/08 19:26:53 UTC
Table: 'MYSTERY KO(677654227)#0013' 6-max (real money) Seat #6 is the button
Seat 1: brutal69 (22060)
Seat 2: FifiR2 (27610)
Seat 3: donkshark (69589)
Seat 4: Yoviall (46332)
Seat 5: P1xel7 (23202)
Seat 6: Reina_jade (36457)
*** ANTE/BLINDS ***
brutal69 posts ante 60
FifiR2 posts ante 60
donkshark posts ante 60
Yoviall posts ante 60
P1xel7 posts ante 60
Reina_jade posts ante 60
brutal69 posts small blind 250
FifiR2 posts big blind 500
Dealt to P1xel7 [Ts Js]
*** PRE-FLOP *** 
donkshark folds
Yoviall folds
P1xel7 calls 500
Reina_jade folds
brutal69 folds
FifiR2 checks
*** FLOP *** [8s Jc 5c]
FifiR2 checks
P1xel7 bets 1047
FifiR2 folds
P1xel7 collected 2657 from pot
*** SUMMARY ***
Total pot 2657 | No rake
Board: [8s Jc 5c]
Seat 5: P1xel7 won 2657


Winamax Poker - Tournament "MYSTERY KO" buyIn: 0.90€ + 0.10€ level: 6 - HandId: #2910502742961160206-103-1691522866 - Holdem no limit (60/250/500) - 2023/08/08 19:27:46 UTC
Table: 'MYSTERY KO(677654227)#0013' 6-max (real money) Seat #1 is the button
Seat 1: brutal69 (21750)
Seat 2: FifiR2 (27050)
Seat 3: donkshark (69529)
Seat 4: Yoviall (46272)
Seat 5: P1xel7 (24252)
Seat 6: Reina_jade (36397)
*** ANTE/BLINDS ***
FifiR2 posts ante 60
donkshark posts ante 60
brutal69 posts ante 60
Yoviall posts ante 60
P1xel7 posts ante 60
Reina_jade posts ante 60
FifiR2 posts small blind 250
donkshark posts big blind 500
Dealt to P1xel7 [8h Tc]
*** PRE-FLOP *** 
Yoviall folds
P1xel7 folds
Reina_jade folds
brutal69 raises 1000 to 1500
FifiR2 folds
donkshark folds
brutal69 collected 2610 from pot
*** SUMMARY ***
Total pot 2610 | No rake
Seat 1: brutal69 (button) won 2610


Winamax Poker - Tournament "MYSTERY KO" buyIn: 0.90€ + 0.10€ level: 6 - HandId: #2910502742961160206-104-1691522887 - Holdem no limit (60/250/500) - 2023/08/08 19:28:07 UTC
Table: 'MYSTERY KO(677654227)#0013' 6-max (real money) Seat #2 is the button
Seat 1: brutal69 (22800)
Seat 2: FifiR2 (26740)
Seat 3: donkshark (68969)
Seat 4: Yoviall (46212)
Seat 5: P1xel7 (24192)
Seat 6: Reina_jade (36337)
*** ANTE/BLINDS ***
donkshark posts ante 60
Yoviall posts ante 60
brutal69 posts ante 60
FifiR2 posts ante 60
P1xel7 posts ante 60
Reina_jade posts ante 60
donkshark posts small blind 250
Yoviall posts big blind 500
Dealt to P1xel7 [Ts Ks]
*** PRE-FLOP *** 
P1xel7 calls 500
Reina_jade folds
brutal69 folds
FifiR2 folds
donkshark folds
Yoviall checks
*** FLOP *** [Tc Kh Th]
Yoviall checks
P1xel7 bets 805
Yoviall folds
P1xel7 collected 2415 from pot
*** SUMMARY ***
Total pot 2415 | No rake
Board: [Tc Kh Th]
Seat 5: P1xel7 won 2415


Winamax Poker - Tournament "MYSTERY KO" buyIn: 0.90€ + 0.10€ level: 6 - HandId: #2910502742961160206-105-1691522918 - Holdem no limit (60/250/500) - 2023/08/08 19:28:38 UTC
Table: 'MYSTERY KO(677654227)#0013' 6-max (real money) Seat #3 is the button
Seat 1: brutal69 (22740)
Seat 2: FifiR2 (26680)
Seat 3: donkshark (68659)
Seat 4: Yoviall (45652)
Seat 5: P1xel7 (25242)
Seat 6: Reina_jade (36277)
*** ANTE/BLINDS ***
Yoviall posts ante 60
P1xel7 posts ante 60
brutal69 posts ante 60
FifiR2 posts ante 60
donkshark posts ante 60
Reina_jade posts ante 60
Yoviall posts small blind 250
P1xel7 posts big blind 500
Dealt to P1xel7 [Js 3c]
*** PRE-FLOP *** 
Reina_jade folds
brutal69 calls 500
FifiR2 folds
donkshark folds
Yoviall folds
P1xel7 checks
*** FLOP *** [3h 6d Td]
P1xel7 checks
brutal69 checks
*** TURN *** [3h 6d Td][2h]
P1xel7 bets 805
brutal69 folds
P1xel7 collected 2415 from pot
*** SUMMARY ***
Total pot 2415 | No rake
Board: [3h 6d Td 2h]
Seat 5: P1xel7 (big blind) won 2415


Winamax Poker - Tournament "MYSTERY KO" buyIn: 0.90€ + 0.10€ level: 6 - HandId: #2910502742961160206-106-1691522964 - Holdem no limit (60/250/500) - 2023/08/08 19:29:24 UTC
Table: 'MYSTERY KO(677654227)#0013' 6-max (real money) Seat #4 is the button
Seat 1: brutal69 (22180)
Seat 2: FifiR2 (26620)
Seat 3: donkshark (68599)
Seat 4: Yoviall (45342)
Seat 5: P1xel7 (26292)
Seat 6: Reina_jade (36217)
*** ANTE/BLINDS ***
P1xel7 posts ante 60
Reina_jade posts ante 60
brutal69 posts ante 60
FifiR2 posts ante 60
donkshark posts ante 60
Yoviall posts ante 60
P1xel7 posts small blind 250
Reina_jade posts big blind 500
Dealt to P1xel7 [2h 6s]
*** PRE-FLOP *** 
brutal69 raises 21620 to 22120 and is all-in
FifiR2 folds
donkshark folds
Yoviall folds
P1xel7 folds
Reina_jade raises 14037 to 36157 and is all-in
*** FLOP *** [Ah 3s Qc]
*** TURN *** [Ah 3s Qc][7s]
*** RIVER *** [Ah 3s Qc 7s][Td]
*** SHOW DOWN ***
brutal69 shows [4c 4s] (One pair : 4)
Reina_jade shows [Jc Ac] (One pair : Aces)
Reina_jade collected 58887 from pot
*** SUMMARY ***
Total pot 58887 | No rake
Board: [Ah 3s Qc 7s Td]
Seat 1: brutal69 showed [4c 4s] and lost with One pair : 4
Seat 6: Reina_jade (big blind) showed [Jc Ac] and won 58887 with One pair : Aces


Winamax Poker - Tournament "MYSTERY KO" buyIn: 0.90€ + 0.10€ level: 6 - HandId: #2910502742961160206-107-1691522995 - Holdem no limit (60/250/500) - 2023/08/08 19:29:55 UTC
Table: 'MYSTERY KO(677654227)#0013' 6-max (real money) Seat #5 is the button
Seat 2: FifiR2 (26560)
Seat 3: donkshark (68539)
Seat 4: Yoviall (45282)
Seat 5: P1xel7 (25982)
Seat 6: Reina_jade (58887)
*** ANTE/BLINDS ***
Reina_jade posts ante 60
FifiR2 posts ante 60
donkshark posts ante 60
Yoviall posts ante 60
P1xel7 posts ante 60
Reina_jade posts small blind 250
FifiR2 posts big blind 500
Dealt to P1xel7 [2s 7h]
*** PRE-FLOP *** 
donkshark folds
Yoviall folds
P1xel7 folds
Reina_jade calls 250
FifiR2 checks
*** FLOP *** [9d 2c Th]
Reina_jade checks
FifiR2 bets 650
Reina_jade folds
FifiR2 collected 1950 from pot
*** SUMMARY ***
Total pot 1950 | No rake
Board: [9d 2c Th]
Seat 2: FifiR2 (big blind) won 1950


Winamax Poker - Tournament "MYSTERY KO" buyIn: 0.90€ + 0.10€ level: 6 - HandId: #2910502742961160206-108-1691523023 - Holdem no limit (60/250/500) - 2023/08/08 19:30:23 UTC
Table: 'MYSTERY KO(677654227)#0013' 6-max (real money) Seat #6 is the button
Seat 2: FifiR2 (27300)
Seat 3: donkshark (68479)
Seat 4: Yoviall (45222)
Seat 5: P1xel7 (25922)
Seat 6: Reina_jade (58327)
*** ANTE/BLINDS ***
FifiR2 posts ante 60
donkshark posts ante 60
Yoviall posts ante 60
P1xel7 posts ante 60
Reina_jade posts ante 60
FifiR2 posts small blind 250
donkshark posts big blind 500
Dealt to P1xel7 [Tc 5d]
*** PRE-FLOP *** 
Yoviall folds
P1xel7 folds
Reina_jade calls 500
FifiR2 folds
donkshark checks
*** FLOP *** [Qs Td As]
donkshark checks
Reina_jade checks
*** TURN *** [Qs Td As][9c]
donkshark checks
Reina_jade checks
*** RIVER *** [Qs Td As 9c][4h]
donkshark checks
Reina_jade checks
*** SHOW DOWN ***
Reina_jade shows [7c 8s] (High card : Ace)
donkshark shows [4s 3d] (One pair : 4)
donkshark collected 1550 from pot
*** SUMMARY ***
Total pot 1550 | No rake
Board: [Qs Td As 9c 4h]
Seat 3: donkshark (big blind) showed [4s 3d] and won 1550 with One pair : 4
Seat 6: Reina_jade (button) showed [7c 8s] and lost with High card : Ace


Winamax Poker - Tournament "MYSTERY KO" buyIn: 0.90€ + 0.10€ level: 7 - HandId: #2910502742961160206-109-1691523069 - Holdem no limit (70/300/600) - 2023/08/08 19:31:09 UTC
Table: 'MYSTERY KO(677654227)#0013' 6-max (real money) Seat #2 is the button
Seat 1: sniper51420 (20000)
Seat 2: FifiR2 (26990)
Seat 3: donkshark (69469)
Seat 4: Yoviall (45162)
Seat 5: P1xel7 (25862)
Seat 6: Reina_jade (57767)
*** ANTE/BLINDS ***
donkshark posts ante 70
Yoviall posts ante 70
sniper51420 posts ante 70
FifiR2 posts ante 70
P1xel7 posts ante 70
Reina_jade posts ante 70
donkshark posts small blind 300
Yoviall posts big blind 600
Dealt to P1xel7 [Qd 5c]
*** PRE-FLOP *** 
P1xel7 folds
Reina_jade raises 600 to 1200
sniper51420 folds
FifiR2 folds
donkshark folds
Yoviall folds
Reina_jade collected 2520 from pot
*** SUMMARY ***
Total pot 2520 | No rake
Seat 6: Reina_jade won 2520


Winamax Poker - Tournament "MYSTERY KO" buyIn: 0.90€ + 0.10€ level: 7 - HandId: #2910502742961160206-110-1691523099 - Holdem no limit (70/300/600) - 2023/08/08 19:31:39 UTC
Table: 'MYSTERY KO(677654227)#0013' 6-max (real money) Seat #3 is the button
Seat 1: sniper51420 (19930)
Seat 2: FifiR2 (26920)
Seat 3: donkshark (69099)
Seat 4: Yoviall (44492)
Seat 5: P1xel7 (25792)
Seat 6: Reina_jade (59017)
*** ANTE/BLINDS ***
Yoviall posts ante 70
P1xel7 posts ante 70
sniper51420 posts ante 70
FifiR2 posts ante 70
donkshark posts ante 70
Reina_jade posts ante 70
Yoviall posts small blind 300
P1xel7 posts big blind 600
Dealt to P1xel7 [Qc 2s]
*** PRE-FLOP *** 
Reina_jade folds
sniper51420 raises 1920 to 2520
FifiR2 folds
donkshark folds
Yoviall folds
P1xel7 folds
sniper51420 collected 3840 from pot
*** SUMMARY ***
Total pot 3840 | No rake
Seat 1: sniper51420 won 3840


Winamax Poker - Tournament "MYSTERY KO" buyIn: 0.90€ + 0.10€ level: 7 - HandId: #2910502742961160206-111-1691523121 - Holdem no limit (70/300/600) - 2023/08/08 19:32:01 UTC
Table: 'MYSTERY KO(677654227)#0013' 6-max (real money) Seat #4 is the button
Seat 1: sniper51420 (21180)
Seat 2: FifiR2 (26850)
Seat 3: donkshark (69029)
Seat 4: Yoviall (44122)
Seat 5: P1xel7 (25122)
Seat 6: Reina_jade (58947)
*** ANTE/BLINDS ***
P1xel7 posts ante 70
Reina_jade posts ante 70
sniper51420 posts ante 70
FifiR2 posts ante 70
donkshark posts ante 70
Yoviall posts ante 70
P1xel7 posts small blind 300
Reina_jade posts big blind 600
Dealt to P1xel7 [Jh 5h]
*** PRE-FLOP *** 
sniper51420 folds
FifiR2 folds
donkshark folds
Yoviall raises 600 to 1200
P1xel7 folds
Reina_jade raises 3600 to 4800
Yoviall folds
Reina_jade collected 6720 from pot
*** SUMMARY ***
Total pot 6720 | No rake
Seat 6: Reina_jade (big blind) won 6720


Winamax Poker - Tournament "MYSTERY KO" buyIn: 0.90€ + 0.10€ level: 7 - HandId: #2910502742961160206-112-1691523141 - Holdem no limit (70/300/600) - 2023/08/08 19:32:21 UTC
Table: 'MYSTERY KO(677654227)#0013' 6-max (real money) Seat #5 is the button
Seat 1: sniper51420 (21110)
Seat 2: FifiR2 (26780)
Seat 3: donkshark (68959)
Seat 4: Yoviall (42852)
Seat 5: P1xel7 (24752)
Seat 6: Reina_jade (60797)
*** ANTE/BLINDS ***
Reina_jade posts ante 70
sniper51420 posts ante 70
FifiR2 posts ante 70
donkshark posts ante 70
Yoviall posts ante 70
P1xel7 posts ante 70
Reina_jade posts small blind 300
sniper51420 posts big blind 600
Dealt to P1xel7 [Qs Ad]
*** PRE-FLOP *** 
FifiR2 folds
donkshark folds
Yoviall folds
P1xel7 raises 1200 to 1800
Reina_jade folds
sniper51420 calls 1200
*** FLOP *** [9c 9h Ah]
sniper51420 checks
P1xel7 checks
*** TURN *** [9c 9h Ah][3c]
sniper51420 checks
P1xel7 bets 3456
sniper51420 folds
P1xel7 collected 7776 from pot
*** SUMMARY ***
Total pot 7776 | No rake
Board: [9c 9h Ah 3c]
Seat 5: P1xel7 (button) won 7776


Winamax Poker - Tournament "MYSTERY KO" buyIn: 0.90€ + 0.10€ level: 7 - HandId: #2910502742961160206-113-1691523177 - Holdem no limit (70/300/600) - 2023/08/08 19:32:57 UTC
Table: 'MYSTERY KO(677654227)#0013' 6-max (real money) Seat #6 is the button
Seat 1: sniper51420 (19240)
Seat 2: FifiR2 (26710)
Seat 3: donkshark (68889)
Seat 4: Yoviall (42782)
Seat 5: P1xel7 (27202)
Seat 6: Reina_jade (60427)
*** ANTE/BLINDS ***
sniper51420 posts ante 70
FifiR2 posts ante 70
donkshark posts ante 70
Yoviall posts ante 70
P1xel7 posts ante 70
Reina_jade posts ante 70
sniper51420 posts small blind 300
FifiR2 posts big blind 600
Dealt to P1xel7 [2h 6h]
*** PRE-FLOP *** 
donkshark folds
Yoviall folds
P1xel7 folds
Reina_jade folds
sniper51420 raises 1620 to 2220
FifiR2 folds
sniper51420 collected 3240 from pot
*** SUMMARY ***
Total pot 3240 | No rake
Seat 1: sniper51420 (small blind) won 3240


Winamax Poker - Tournament "MYSTERY KO" buyIn: 0.90€ + 0.10€ level: 7 - HandId: #2910502742961160206-114-1691523197 - Holdem no limit (70/300/600) - 2023/08/08 19:33:17 UTC
Table: 'MYSTERY KO(677654227)#0013' 6-max (real money) Seat #1 is the button
Seat 1: sniper51420 (20190)
Seat 2: FifiR2 (26040)
Seat 3: donkshark (68819)
Seat 4: Yoviall (42712)
Seat 5: P1xel7 (27132)
Seat 6: Reina_jade (60357)
*** ANTE/BLINDS ***
FifiR2 posts ante 70
donkshark posts ante 70
sniper51420 posts ante 70
Yoviall posts ante 70
P1xel7 posts ante 70
Reina_jade posts ante 70
FifiR2 posts small blind 300
donkshark posts big blind 600
Dealt to P1xel7 [Ah 3h]
*** PRE-FLOP *** 
Yoviall folds
P1xel7 folds
Reina_jade folds
sniper51420 raises 600 to 1200
FifiR2 folds
donkshark calls 600
*** FLOP *** [2c Kd 2d]
donkshark checks
sniper51420 checks
*** TURN *** [2c Kd 2d][7s]
donkshark bets 2328
sniper51420 folds
donkshark collected 5448 from pot
*** SUMMARY ***
Total pot 5448 | No rake
Board: [2c Kd 2d 7s]
Seat 3: donkshark (big blind) won 5448


Winamax Poker - Tournament "MYSTERY KO" buyIn: 0.90€ + 0.10€ level: 7 - HandId: #2910502742961160206-115-1691523246 - Holdem no limit (70/300/600) - 2023/08/08 19:34:06 UTC
Table: 'MYSTERY KO(677654227)#0013' 6-max (real money) Seat #2 is the button
Seat 1: sniper51420 (18920)
Seat 2: FifiR2 (25670)
Seat 3: donkshark (70669)
Seat 4: Yoviall (42642)
Seat 5: P1xel7 (27062)
Seat 6: Reina_jade (60287)
*** ANTE/BLINDS ***
donkshark posts ante 70
Yoviall posts ante 70
sniper51420 posts ante 70
FifiR2 posts ante 70
P1xel7 posts ante 70
Reina_jade posts ante 70
donkshark posts small blind 300
Yoviall posts big blind 600
Dealt to P1xel7 [Qh Qs]
*** PRE-FLOP *** 
P1xel7 raises 1200 to 1800
Reina_jade folds
sniper51420 calls 1800
FifiR2 folds
donkshark folds
Yoviall folds
*** FLOP *** [6h 2s Tc]
P1xel7 bets 1722
sniper51420 calls 1722
*** TURN *** [6h 2s Tc][4h]
P1xel7 checks
sniper51420 checks
*** RIVER *** [6h 2s Tc 4h][6d]
P1xel7 bets 6691
sniper51420 folds
P1xel7 collected 15055 from pot
*** SUMMARY ***
Total pot 15055 | No rake
Board: [6h 2s Tc 4h 6d]
Seat 5: P1xel7 won 15055


Winamax Poker - Tournament "MYSTERY KO" buyIn: 0.90€ + 0.10€ level: 7 - HandId: #2910502742961160206-116-1691523310 - Holdem no limit (70/300/600) - 2023/08/08 19:35:10 UTC
Table: 'MYSTERY KO(677654227)#0013' 6-max (real money) Seat #3 is the button
Seat 1: sniper51420 (15328)
Seat 2: FifiR2 (25600)
Seat 3: donkshark (70299)
Seat 4: Yoviall (41972)
Seat 5: P1xel7 (31834)
*** ANTE/BLINDS ***
Yoviall posts ante 70
P1xel7 posts ante 70
sniper51420 posts ante 70
FifiR2 posts ante 70
donkshark posts ante 70
Yoviall posts small blind 300
P1xel7 posts big blind 600
Dealt to P1xel7 [3s Tc]
*** PRE-FLOP *** 
sniper51420 folds
FifiR2 folds
donkshark folds
Yoviall folds
P1xel7 collected 1250 from pot
*** SUMMARY ***
Total pot 1250 | No rake
Seat 5: P1xel7 (big blind) won 1250


Winamax Poker - Tournament "MYSTERY KO" buyIn: 0.90€ + 0.10€ level: 7 - HandId: #2910502742961160206-117-1691523330 - Holdem no limit (70/300/600) - 2023/08/08 19:35:30 UTC
Table: 'MYSTERY KO(677654227)#0013' 6-max (real money) Seat #4 is the button
Seat 1: sniper51420 (15258)
Seat 2: FifiR2 (25530)
Seat 3: donkshark (70229)
Seat 4: Yoviall (41602)
Seat 5: P1xel7 (32414)
*** ANTE/BLINDS ***
P1xel7 posts ante 70
sniper51420 posts ante 70
FifiR2 posts ante 70
donkshark posts ante 70
Yoviall posts ante 70
P1xel7 posts small blind 300
sniper51420 posts big blind 600
Dealt to P1xel7 [Ah Th]
*** PRE-FLOP *** 
FifiR2 folds
donkshark folds
Yoviall folds
P1xel7 raises 1200 to 1800
sniper51420 calls 1200
*** FLOP *** [Kh Qs 6h]
P1xel7 bets 1975
sniper51420 raises 11413 to 13388 and is all-in
P1xel7 calls 11413
*** TURN *** [Kh Qs 6h][7s]
*** RIVER *** [Kh Qs 6h 7s][4d]
*** SHOW DOWN ***
P1xel7 shows [Ah Th] (High card : Ace)
sniper51420 shows [8s Ks] (One pair : Kings)
sniper51420 collected 30726 from pot
*** SUMMARY ***
Total pot 30726 | No rake
Board: [Kh Qs 6h 7s 4d]
Seat 1: sniper51420 (big blind) showed [8s Ks] and won 30726 with One pair : Kings
Seat 5: P1xel7 (small blind) showed [Ah Th] and lost with High card : Ace


Winamax Poker - Tournament "MYSTERY KO" buyIn: 0.90€ + 0.10€ level: 7 - HandId: #2910502742961160206-118-1691523386 - Holdem no limit (70/300/600) - 2023/08/08 19:36:26 UTC
Table: 'MYSTERY KO(677654227)#0013' 6-max (real money) Seat #5 is the button
Seat 1: sniper51420 (30726)
Seat 2: FifiR2 (25460)
Seat 3: donkshark (70159)
Seat 4: Yoviall (41532)
Seat 5: P1xel7 (17156)
Seat 6: jepmanel (20000)
*** ANTE/BLINDS ***
sniper51420 posts ante 70
FifiR2 posts ante 70
donkshark posts ante 70
Yoviall posts ante 70
P1xel7 posts ante 70
sniper51420 posts small blind 300
FifiR2 posts big blind 600
Dealt to P1xel7 [9s 7c]
*** PRE-FLOP *** 
donkshark folds
Yoviall folds
P1xel7 folds
sniper51420 calls 300
FifiR2 checks
*** FLOP *** [5s Kd 5c]
sniper51420 checks
FifiR2 checks
*** TURN *** [5s Kd 5c][4s]
sniper51420 checks
FifiR2 checks
*** RIVER *** [5s Kd 5c 4s][7d]
sniper51420 bets 1240
FifiR2 calls 1240
*** SHOW DOWN ***
sniper51420 shows [Tc 7h] (Two pairs : 7 and 5)
FifiR2 shows [7s 6c] (Two pairs : 7 and 5)
FifiR2 collected 2015 from pot
sniper51420 collected 2015 from pot
*** SUMMARY ***
Total pot 4030 | No rake
Board: [5s Kd 5c 4s 7d]
Seat 1: sniper51420 (small blind) showed [Tc 7h] and won 2015 with Two pairs : 7 and 5
Seat 2: FifiR2 (big blind) showed [7s 6c] and won 2015 with Two pairs : 7 and 5


Winamax Poker - Tournament "MYSTERY KO" buyIn: 0.90€ + 0.10€ level: 7 - HandId: #2910502742961160206-119-1691523427 - Holdem no limit (70/300/600) - 2023/08/08 19:37:07 UTC
Table: 'MYSTERY KO(677654227)#0013' 6-max (real money) Seat #1 is the button
Seat 1: sniper51420 (30831)
Seat 2: FifiR2 (25565)
Seat 3: donkshark (70089)
Seat 4: Yoviall (41462)
Seat 5: P1xel7 (17086)
Seat 6: jepmanel (20000)
*** ANTE/BLINDS ***
FifiR2 posts ante 70
donkshark posts ante 70
sniper51420 posts ante 70
Yoviall posts ante 70
P1xel7 posts ante 70
jepmanel posts ante 70
FifiR2 posts small blind 300
donkshark posts big blind 600
Dealt to P1xel7 [3s Ks]
*** PRE-FLOP *** 
Yoviall folds
P1xel7 folds
jepmanel calls 600
sniper51420 folds
FifiR2 folds
donkshark checks
*** FLOP *** [2h Ad 9d]
donkshark checks
jepmanel checks
*** TURN *** [2h Ad 9d][Ts]
donkshark checks
jepmanel checks
*** RIVER *** [2h Ad 9d Ts][Kd]
donkshark checks
jepmanel bets 1920
donkshark folds
jepmanel collected 3840 from pot
*** SUMMARY ***
Total pot 3840 | No rake
Board: [2h Ad 9d Ts Kd]
Seat 6: jepmanel won 3840


Winamax Poker - Tournament "MYSTERY KO" buyIn: 0.90€ + 0.10€ level: 8 - HandId: #2910502742961160206-120-1691523499 - Holdem no limit (80/350/700) - 2023/08/08 19:38:19 UTC
Table: 'MYSTERY KO(677654227)#0013' 6-max (real money) Seat #2 is the button
Seat 1: sniper51420 (30761)
Seat 2: FifiR2 (25195)
Seat 3: donkshark (69419)
Seat 4: Yoviall (41392)
Seat 5: P1xel7 (17016)
Seat 6: jepmanel (21250)
*** ANTE/BLINDS ***
donkshark posts ante 80
Yoviall posts ante 80
sniper51420 posts ante 80
FifiR2 posts ante 80
P1xel7 posts ante 80
jepmanel posts ante 80
donkshark posts small blind 350
Yoviall posts big blind 700
Dealt to P1xel7 [Td Kh]
*** PRE-FLOP *** 
P1xel7 folds
jepmanel folds
sniper51420 folds
FifiR2 folds
donkshark folds
Yoviall collected 1530 from pot
*** SUMMARY ***
Total pot 1530 | No rake
Seat 4: Yoviall (big blind) won 1530


Winamax Poker - Tournament "MYSTERY KO" buyIn: 0.90€ + 0.10€ level: 8 - HandId: #2910502742961160206-121-1691523520 - Holdem no limit (80/350/700) - 2023/08/08 19:38:40 UTC
Table: 'MYSTERY KO(677654227)#0013' 6-max (real money) Seat #3 is the button
Seat 1: sniper51420 (30681)
Seat 2: FifiR2 (25115)
Seat 3: donkshark (68989)
Seat 4: Yoviall (42142)
Seat 5: P1xel7 (16936)
Seat 6: jepmanel (21170)
*** ANTE/BLINDS ***
Yoviall posts ante 80
P1xel7 posts ante 80
sniper51420 posts ante 80
FifiR2 posts ante 80
donkshark posts ante 80
jepmanel posts ante 80
Yoviall posts small blind 350
P1xel7 posts big blind 700
Dealt to P1xel7 [Ts 9c]
*** PRE-FLOP *** 
jepmanel folds
sniper51420 calls 700
FifiR2 folds
donkshark folds
Yoviall folds
P1xel7 checks
*** FLOP *** [Ah Jd Jh]
P1xel7 checks
sniper51420 checks
*** TURN *** [Ah Jd Jh][2h]
P1xel7 checks
sniper51420 bets 1784
P1xel7 raises 3144 to 4928
sniper51420 folds
P1xel7 collected 8942 from pot
*** SUMMARY ***
Total pot 8942 | No rake
Board: [Ah Jd Jh 2h]
Seat 5: P1xel7 (big blind) won 8942


Winamax Poker - Tournament "MYSTERY KO" buyIn: 0.90€ + 0.10€ level: 8 - HandId: #2910502742961160206-122-1691523557 - Holdem no limit (80/350/700) - 2023/08/08 19:39:17 UTC
Table: 'MYSTERY KO(677654227)#0013' 6-max (real money) Seat #4 is the button
Seat 1: sniper51420 (28117)
Seat 2: FifiR2 (25035)
Seat 3: donkshark (68909)
Seat 4: Yoviall (41712)
Seat 5: P1xel7 (20170)
Seat 6: jepmanel (21090)
*** ANTE/BLINDS ***
P1xel7 posts ante 80
jepmanel posts ante 80
sniper51420 posts ante 80
FifiR2 posts ante 80
donkshark posts ante 80
Yoviall posts ante 80
P1xel7 posts small blind 350
jepmanel posts big blind 700
Dealt to P1xel7 [5h 6c]
*** PRE-FLOP *** 
sniper51420 calls 700
FifiR2 folds
donkshark folds
Yoviall folds
P1xel7 folds
jepmanel checks
*** FLOP *** [Jd 7c Kh]
jepmanel checks
sniper51420 bets 1784
jepmanel folds
sniper51420 collected 4014 from pot
*** SUMMARY ***
Total pot 4014 | No rake
Board: [Jd 7c Kh]
Seat 1: sniper51420 won 4014


Winamax Poker - Tournament "MYSTERY KO" buyIn: 0.90€ + 0.10€ level: 8 - HandId: #2910502742961160206-123-1691523588 - Holdem no limit (80/350/700) - 2023/08/08 19:39:48 UTC
Table: 'MYSTERY KO(677654227)#0013' 6-max (real money) Seat #5 is the button
Seat 1: sniper51420 (29567)
Seat 2: FifiR2 (24955)
Seat 3: donkshark (68829)
Seat 4: Yoviall (41632)
Seat 5: P1xel7 (19740)
Seat 6: jepmanel (20310)
*** ANTE/BLINDS ***
jepmanel posts ante 80
sniper51420 posts ante 80
FifiR2 posts ante 80
donkshark posts ante 80
Yoviall posts ante 80
P1xel7 posts ante 80
jepmanel posts small blind 350
sniper51420 posts big blind 700
Dealt to P1xel7 [4h 5s]
*** PRE-FLOP *** 
FifiR2 folds
donkshark folds
Yoviall raises 1750 to 2450
P1xel7 folds
jepmanel folds
sniper51420 calls 1750
*** FLOP *** [9d 3h 4c]
sniper51420 checks
Yoviall checks
*** TURN *** [9d 3h 4c][8h]
sniper51420 checks
Yoviall bets 2865
sniper51420 folds
Yoviall collected 8595 from pot
*** SUMMARY ***
Total pot 8595 | No rake
Board: [9d 3h 4c 8h]
Seat 4: Yoviall won 8595


Winamax Poker - Tournament "MYSTERY KO" buyIn: 0.90€ + 0.10€ level: 8 - HandId: #2910502742961160206-124-1691523635 - Holdem no limit (80/350/700) - 2023/08/08 19:40:35 UTC
Table: 'MYSTERY KO(677654227)#0013' 6-max (real money) Seat #6 is the button
Seat 1: sniper51420 (27037)
Seat 2: FifiR2 (24875)
Seat 3: donkshark (68749)
Seat 4: Yoviall (44832)
Seat 5: P1xel7 (19660)
Seat 6: jepmanel (19880)
*** ANTE/BLINDS ***
sniper51420 posts ante 80
FifiR2 posts ante 80
donkshark posts ante 80
Yoviall posts ante 80
P1xel7 posts ante 80
jepmanel posts ante 80
sniper51420 posts small blind 350
FifiR2 posts big blind 700
Dealt to P1xel7 [Td Qc]
*** PRE-FLOP *** 
donkshark raises 875 to 1575
Yoviall folds
P1xel7 folds
jepmanel folds
sniper51420 folds
FifiR2 folds
donkshark collected 3105 from pot
*** SUMMARY ***
Total pot 3105 | No rake
Seat 3: donkshark won 3105


Winamax Poker - Tournament "MYSTERY KO" buyIn: 0.90€ + 0.10€ level: 8 - HandId: #2910502742961160206-125-1691523665 - Holdem no limit (80/350/700) - 2023/08/08 19:41:05 UTC
Table: 'MYSTERY KO(677654227)#0013' 6-max (real money) Seat #1 is the button
Seat 1: sniper51420 (26607)
Seat 2: FifiR2 (24095)
Seat 3: donkshark (70199)
Seat 4: Yoviall (44752)
Seat 5: P1xel7 (19580)
Seat 6: jepmanel (19800)
*** ANTE/BLINDS ***
FifiR2 posts ante 80
donkshark posts ante 80
sniper51420 posts ante 80
Yoviall posts ante 80
P1xel7 posts ante 80
jepmanel posts ante 80
FifiR2 posts small blind 350
donkshark posts big blind 700
Dealt to P1xel7 [Qh 6c]
*** PRE-FLOP *** 
Yoviall raises 1050 to 1750
P1xel7 folds
jepmanel folds
sniper51420 folds
FifiR2 folds
donkshark folds
Yoviall collected 3280 from pot
*** SUMMARY ***
Total pot 3280 | No rake
Seat 4: Yoviall won 3280


Winamax Poker - Tournament "MYSTERY KO" buyIn: 0.90€ + 0.10€ level: 8 - HandId: #2910502742961160206-126-1691523684 - Holdem no limit (80/350/700) - 2023/08/08 19:41:24 UTC
Table: 'MYSTERY KO(677654227)#0013' 6-max (real money) Seat #2 is the button
Seat 1: sniper51420 (26527)
Seat 2: FifiR2 (23665)
Seat 3: donkshark (69419)
Seat 4: Yoviall (46202)
Seat 5: P1xel7 (19500)
Seat 6: jepmanel (19720)
*** ANTE/BLINDS ***
donkshark posts ante 80
Yoviall posts ante 80
sniper51420 posts ante 80
FifiR2 posts ante 80
P1xel7 posts ante 80
jepmanel posts ante 80
donkshark posts small blind 350
Yoviall posts big blind 700
Dealt to P1xel7 [3s 5c]
*** PRE-FLOP *** 
P1xel7 folds
jepmanel raises 700 to 1400
sniper51420 raises 2800 to 4200
FifiR2 folds
donkshark folds
Yoviall calls 3500
jepmanel folds
*** FLOP *** [2d 6h 8d]
Yoviall checks
sniper51420 bets 22247 and is all-in
Yoviall folds
sniper51420 collected 32877 from pot
*** SUMMARY ***
Total pot 32877 | No rake
Board: [2d 6h 8d]
Seat 1: sniper51420 won 32877


Winamax Poker - Tournament "MYSTERY KO" buyIn: 0.90€ + 0.10€ level: 8 - HandId: #2910502742961160206-127-1691523742 - Holdem no limit (80/350/700) - 2023/08/08 19:42:22 UTC
Table: 'MYSTERY KO(677654227)#0013' 6-max (real money) Seat #3 is the button
Seat 1: sniper51420 (32877)
Seat 2: FifiR2 (23585)
Seat 3: donkshark (68989)
Seat 4: Yoviall (41922)
Seat 5: P1xel7 (19420)
Seat 6: jepmanel (18240)
*** ANTE/BLINDS ***
Yoviall posts ante 80
P1xel7 posts ante 80
sniper51420 posts ante 80
FifiR2 posts ante 80
donkshark posts ante 80
jepmanel posts ante 80
Yoviall posts small blind 350
P1xel7 posts big blind 700
Dealt to P1xel7 [8s Ad]
*** PRE-FLOP *** 
jepmanel folds
sniper51420 calls 700
FifiR2 folds
donkshark folds
Yoviall folds
P1xel7 raises 2100 to 2800
sniper51420 folds
P1xel7 collected 4330 from pot
*** SUMMARY ***
Total pot 4330 | No rake
Seat 5: P1xel7 (big blind) won 4330


Winamax Poker - Tournament "MYSTERY KO" buyIn: 0.90€ + 0.10€ level: 8 - HandId: #2910502742961160206-128-1691523772 - Holdem no limit (80/350/700) - 2023/08/08 19:42:52 UTC
Table: 'MYSTERY KO(677654227)#0013' 6-max (real money) Seat #4 is the button
Seat 1: sniper51420 (32097)
Seat 2: FifiR2 (23505)
Seat 3: donkshark (68909)
Seat 4: Yoviall (41492)
Seat 5: P1xel7 (20870)
Seat 6: jepmanel (18160)
*** ANTE/BLINDS ***
P1xel7 posts ante 80
jepmanel posts ante 80
sniper51420 posts ante 80
FifiR2 posts ante 80
donkshark posts ante 80
Yoviall posts ante 80
P1xel7 posts small blind 350
jepmanel posts big blind 700
Dealt to P1xel7 [3d Ts]
*** PRE-FLOP *** 
sniper51420 raises 700 to 1400
FifiR2 folds
donkshark folds
Yoviall calls 1400
P1xel7 folds
jepmanel calls 700
*** FLOP *** [7s 5s Kc]
jepmanel checks
sniper51420 checks
Yoviall checks
*** TURN *** [7s 5s Kc][9h]
jepmanel checks
sniper51420 checks
Yoviall checks
*** RIVER *** [7s 5s Kc 9h][6c]
jepmanel checks
sniper51420 checks
Yoviall checks
*** SHOW DOWN ***
sniper51420 shows [Js Td] (High card : King)
jepmanel shows [3c 2c] (High card : King)
Yoviall shows [Ah 3h] (High card : Ace)
Yoviall collected 5030 from pot
*** SUMMARY ***
Total pot 5030 | No rake
Board: [7s 5s Kc 9h 6c]
Seat 1: sniper51420 showed [Js Td] and lost with High card : King
Seat 4: Yoviall (button) showed [Ah 3h] and won 5030 with High card : Ace
Seat 6: jepmanel (big blind) showed [3c 2c] and lost with High card : King


Winamax Poker - Tournament "MYSTERY KO" buyIn: 0.90€ + 0.10€ level: 8 - HandId: #2910502742961160206-129-1691523818 - Holdem no limit (80/350/700) - 2023/08/08 19:43:38 UTC
Table: 'MYSTERY KO(677654227)#0013' 6-max (real money) Seat #5 is the button
Seat 1: sniper51420 (30617)
Seat 2: FifiR2 (23425)
Seat 3: donkshark (68829)
Seat 4: Yoviall (45042)
Seat 5: P1xel7 (20440)
Seat 6: jepmanel (16680)
*** ANTE/BLINDS ***
jepmanel posts ante 80
sniper51420 posts ante 80
FifiR2 posts ante 80
donkshark posts ante 80
Yoviall posts ante 80
P1xel7 posts ante 80
jepmanel posts small blind 350
sniper51420 posts big blind 700
Dealt to P1xel7 [5s 3s]
*** PRE-FLOP *** 
FifiR2 folds
donkshark folds
Yoviall folds
P1xel7 raises 1400 to 2100
jepmanel calls 1750
sniper51420 calls 1400
*** FLOP *** [Ac 4d 4s]
jepmanel checks
sniper51420 checks
P1xel7 bets 3390
jepmanel folds
sniper51420 raises 25047 to 28437 and is all-in
P1xel7 folds
sniper51420 collected 38607 from pot
*** SUMMARY ***
Total pot 38607 | No rake
Board: [Ac 4d 4s]
Seat 1: sniper51420 (big blind) won 38607


Winamax Poker - Tournament "MYSTERY KO" buyIn: 0.90€ + 0.10€ level: 8 - HandId: #2910502742961160206-130-1691523884 - Holdem no limit (80/350/700) - 2023/08/08 19:44:44 UTC
Table: 'MYSTERY KO(677654227)#0013' 6-max (real money) Seat #6 is the button
Seat 1: sniper51420 (38607)
Seat 2: FifiR2 (23345)
Seat 3: donkshark (68749)
Seat 4: Yoviall (44962)
Seat 5: P1xel7 (14870)
Seat 6: jepmanel (14500)
*** ANTE/BLINDS ***
sniper51420 posts ante 80
FifiR2 posts ante 80
donkshark posts ante 80
Yoviall posts ante 80
P1xel7 posts ante 80
jepmanel posts ante 80
sniper51420 posts small blind 350
FifiR2 posts big blind 700
Dealt to P1xel7 [4h Qd]
*** PRE-FLOP *** 
donkshark folds
Yoviall folds
P1xel7 folds
jepmanel raises 1050 to 1750
sniper51420 calls 1400
FifiR2 calls 1050
*** FLOP *** [Jd Js 8h]
sniper51420 checks
FifiR2 checks
jepmanel bets 2005
sniper51420 folds
FifiR2 calls 2005
*** TURN *** [Jd Js 8h][Jh]
FifiR2 checks
jepmanel checks
*** RIVER *** [Jd Js 8h Jh][3s]
FifiR2 checks
jepmanel checks
*** SHOW DOWN ***
jepmanel shows [7d 6d] (Trips of Jacks)
FifiR2 shows [As Ks] (Trips of Jacks)
FifiR2 collected 9740 from pot
*** SUMMARY ***
Total pot 9740 | No rake
Board: [Jd Js 8h Jh 3s]
Seat 2: FifiR2 (big blind) showed [As Ks] and won 9740 with Trips of Jacks
Seat 6: jepmanel (button) showed [7d 6d] and lost with Trips of Jacks


Winamax Poker - Tournament "MYSTERY KO" buyIn: 0.90€ + 0.10€ level: 9 - HandId: #2910502742961160206-131-1691523934 - Holdem no limit (100/400/800) - 2023/08/08 19:45:34 UTC
Table: 'MYSTERY KO(677654227)#0013' 6-max (real money) Seat #1 is the button
Seat 1: sniper51420 (36777)
Seat 2: FifiR2 (29250)
Seat 3: donkshark (68669)
Seat 4: Yoviall (44882)
Seat 5: P1xel7 (14790)
Seat 6: jepmanel (10665)
*** ANTE/BLINDS ***
FifiR2 posts ante 100
donkshark posts ante 100
sniper51420 posts ante 100
Yoviall posts ante 100
P1xel7 posts ante 100
jepmanel posts ante 100
FifiR2 posts small blind 400
donkshark posts big blind 800
Dealt to P1xel7 [Kh 7s]
*** PRE-FLOP *** 
Yoviall folds
P1xel7 folds
jepmanel calls 800
sniper51420 calls 800
FifiR2 calls 400
donkshark checks
*** FLOP *** [3s 8s Qs]
FifiR2 checks
donkshark checks
jepmanel bets 1330
sniper51420 folds
FifiR2 folds
donkshark folds
jepmanel collected 5130 from pot
*** SUMMARY ***
Total pot 5130 | No rake
Board: [3s 8s Qs]
Seat 6: jepmanel won 5130


Winamax Poker - Tournament "MYSTERY KO" buyIn: 0.90€ + 0.10€ level: 9 - HandId: #2910502742961160206-132-1691523978 - Holdem no limit (100/400/800) - 2023/08/08 19:46:18 UTC
Table: 'MYSTERY KO(677654227)#0013' 6-max (real money) Seat #2 is the button
Seat 1: sniper51420 (35877)
Seat 2: FifiR2 (28350)
Seat 3: donkshark (67769)
Seat 4: Yoviall (44782)
Seat 5: P1xel7 (14690)
Seat 6: jepmanel (13565)
*** ANTE/BLINDS ***
donkshark posts ante 100
Yoviall posts ante 100
sniper51420 posts ante 100
FifiR2 posts ante 100
P1xel7 posts ante 100
jepmanel posts ante 100
donkshark posts small blind 400
Yoviall posts big blind 800
Dealt to P1xel7 [2d 5s]
*** PRE-FLOP *** 
P1xel7 folds
jepmanel raises 800 to 1600
sniper51420 calls 1600
FifiR2 folds
donkshark folds
Yoviall folds
*** FLOP *** [4c 7s Qs]
jepmanel checks
sniper51420 checks
*** TURN *** [4c 7s Qs][Kd]
jepmanel bets 1750
sniper51420 calls 1750
*** RIVER *** [4c 7s Qs Kd][3s]
jepmanel bets 2975
sniper51420 folds
jepmanel collected 11475 from pot
*** SUMMARY ***
Total pot 11475 | No rake
Board: [4c 7s Qs Kd 3s]
Seat 6: jepmanel won 11475


Winamax Poker - Tournament "MYSTERY KO" buyIn: 0.90€ + 0.10€ level: 9 - HandId: #2910502742961160206-133-1691524012 - Holdem no limit (100/400/800) - 2023/08/08 19:46:52 UTC
Table: 'MYSTERY KO(677654227)#0013' 6-max (real money) Seat #3 is the button
Seat 1: sniper51420 (32427)
Seat 2: FifiR2 (28250)
Seat 3: donkshark (67269)
Seat 4: Yoviall (43882)
Seat 5: P1xel7 (14590)
Seat 6: jepmanel (18615)
*** ANTE/BLINDS ***
Yoviall posts ante 100
P1xel7 posts ante 100
sniper51420 posts ante 100
FifiR2 posts ante 100
donkshark posts ante 100
jepmanel posts ante 100
Yoviall posts small blind 400
P1xel7 posts big blind 800
Dealt to P1xel7 [4h 5d]
*** PRE-FLOP *** 
jepmanel folds
sniper51420 folds
FifiR2 folds
donkshark folds
Yoviall folds
P1xel7 collected 1800 from pot
*** SUMMARY ***
Total pot 1800 | No rake
Seat 5: P1xel7 (big blind) won 1800


Winamax Poker - Tournament "MYSTERY KO" buyIn: 0.90€ + 0.10€ level: 9 - HandId: #2910502742961160206-134-1691524039 - Holdem no limit (100/400/800) - 2023/08/08 19:47:19 UTC
Table: 'MYSTERY KO(677654227)#0013' 6-max (real money) Seat #4 is the button
Seat 1: sniper51420 (32327)
Seat 2: FifiR2 (28150)
Seat 3: donkshark (67169)
Seat 4: Yoviall (43382)
Seat 5: P1xel7 (15490)
Seat 6: jepmanel (18515)
*** ANTE/BLINDS ***
P1xel7 posts ante 100
jepmanel posts ante 100
sniper51420 posts ante 100
FifiR2 posts ante 100
donkshark posts ante 100
Yoviall posts ante 100
P1xel7 posts small blind 400
jepmanel posts big blind 800
Dealt to P1xel7 [4d 3c]
*** PRE-FLOP *** 
sniper51420 calls 800
FifiR2 folds
donkshark folds
Yoviall folds
P1xel7 folds
jepmanel checks
*** FLOP *** [7d 4s 9d]
jepmanel bets 800
sniper51420 calls 800
*** TURN *** [7d 4s 9d][6d]
jepmanel bets 800
sniper51420 raises 29827 to 30627 and is all-in
jepmanel folds
sniper51420 collected 35627 from pot
*** SUMMARY ***
Total pot 35627 | No rake
Board: [7d 4s 9d 6d]
Seat 1: sniper51420 won 35627


Winamax Poker - Tournament "MYSTERY KO" buyIn: 0.90€ + 0.10€ level: 9 - HandId: #2910502742961160206-135-1691524111 - Holdem no limit (100/400/800) - 2023/08/08 19:48:31 UTC
Table: 'MYSTERY KO(677654227)#0013' 6-max (real money) Seat #5 is the button
Seat 1: sniper51420 (35627)
Seat 2: FifiR2 (28050)
Seat 3: donkshark (67069)
Seat 4: Yoviall (43282)
Seat 5: P1xel7 (14990)
Seat 6: jepmanel (16015)
*** ANTE/BLINDS ***
jepmanel posts ante 100
sniper51420 posts ante 100
FifiR2 posts ante 100
donkshark posts ante 100
Yoviall posts ante 100
P1xel7 posts ante 100
jepmanel posts small blind 400
sniper51420 posts big blind 800
Dealt to P1xel7 [6c 7c]
*** PRE-FLOP *** 
FifiR2 raises 800 to 1600
donkshark folds
Yoviall folds
P1xel7 calls 1600
jepmanel folds
sniper51420 calls 800
*** FLOP *** [3h 6d Qc]
sniper51420 checks
FifiR2 bets 2900
P1xel7 raises 10390 to 13290 and is all-in
sniper51420 folds
FifiR2 calls 10390
*** TURN *** [3h 6d Qc][Jc]
*** RIVER *** [3h 6d Qc Jc][8d]
*** SHOW DOWN ***
P1xel7 shows [6c 7c] (One pair : 6)
FifiR2 shows [Ts Tc] (One pair : Tens)
FifiR2 collected 32380 from pot
*** SUMMARY ***
Total pot 32380 | No rake
Board: [3h 6d Qc Jc 8d]
Seat 2: FifiR2 showed [Ts Tc] and won 32380 with One pair : Tens
Seat 5: P1xel7 (button) showed [6c 7c] and lost with One pair : 6


