Winamax Poker - Tournament "Freeroll" buyIn: 0€ + 0€ level: 1 - HandId: #2910493697760034995-1-1691518524 - Holdem no limit (25/100/200) - 2023/08/08 18:15:24 UTC
Table: 'Freeroll(677652121)#0178' 8-max (real money) Seat #8 is the button
Seat 1: leon2.0 (20000)
Seat 2: DAFAV971 (20000)
Seat 3: OP-Chasseur6 (20000)
Seat 4: jeanshreck (20000)
Seat 5: philotte02 (20000)
Seat 6: P1xel7 (20000)
Seat 7: kifrandu29 (20000)
Seat 8: L.B.D.33 (20000)
*** ANTE/BLINDS ***
leon2.0 posts ante 25
DAFAV971 posts ante 25
OP-Chasseur6 posts ante 25
jeanshreck posts ante 25
philotte02 posts ante 25
P1xel7 posts ante 25
kifrandu29 posts ante 25
L.B.D.33 posts ante 25
leon2.0 posts small blind 100
DAFAV971 posts big blind 200
Dealt to P1xel7 [Ts 8h]
*** PRE-FLOP *** 
OP-Chasseur6 folds
jeanshreck calls 200
philotte02 folds
P1xel7 folds
kifrandu29 raises 19775 to 19975 and is all-in
L.B.D.33 folds
leon2.0 folds
DAFAV971 folds
jeanshreck folds
kifrandu29 collected 20675 from pot
*** SUMMARY ***
Total pot 20675 | No rake
Seat 7: kifrandu29 won 20675


Winamax Poker - Tournament "Freeroll" buyIn: 0€ + 0€ level: 1 - HandId: #2910493697760034995-2-1691518787 - Holdem no limit (25/100/200) - 2023/08/08 18:19:47 UTC
Table: 'Freeroll(677652121)#0178' 8-max (real money) Seat #1 is the button
Seat 1: leon2.0 (19875)
Seat 2: DAFAV971 (19775)
Seat 3: OP-Chasseur6 (19975)
Seat 4: jeanshreck (19775)
Seat 5: philotte02 (19975)
Seat 6: P1xel7 (19975)
Seat 7: kifrandu29 (20675)
Seat 8: L.B.D.33 (19975)
*** ANTE/BLINDS ***
DAFAV971 posts ante 25
OP-Chasseur6 posts ante 25
leon2.0 posts ante 25
jeanshreck posts ante 25
philotte02 posts ante 25
P1xel7 posts ante 25
kifrandu29 posts ante 25
L.B.D.33 posts ante 25
DAFAV971 posts small blind 100
OP-Chasseur6 posts big blind 200
Dealt to P1xel7 [As 9c]
*** PRE-FLOP *** 
jeanshreck calls 200
philotte02 folds
P1xel7 raises 800 to 1000
kifrandu29 calls 1000
L.B.D.33 folds
leon2.0 calls 1000
DAFAV971 folds
OP-Chasseur6 folds
jeanshreck calls 800
*** FLOP *** [Qd Ac 3s]
jeanshreck checks
P1xel7 bets 1575
kifrandu29 folds
leon2.0 folds
jeanshreck folds
P1xel7 collected 6075 from pot
*** SUMMARY ***
Total pot 6075 | No rake
Board: [Qd Ac 3s]
Seat 6: P1xel7 won 6075


Winamax Poker - Tournament "Freeroll" buyIn: 0€ + 0€ level: 1 - HandId: #2910493697760034995-3-1691518837 - Holdem no limit (25/100/200) - 2023/08/08 18:20:37 UTC
Table: 'Freeroll(677652121)#0178' 8-max (real money) Seat #2 is the button
Seat 1: leon2.0 (18850)
Seat 2: DAFAV971 (19650)
Seat 3: OP-Chasseur6 (19750)
Seat 4: jeanshreck (18750)
Seat 6: P1xel7 (23450)
Seat 7: kifrandu29 (19650)
Seat 8: L.B.D.33 (19950)
*** ANTE/BLINDS ***
OP-Chasseur6 posts ante 25
jeanshreck posts ante 25
leon2.0 posts ante 25
DAFAV971 posts ante 25
P1xel7 posts ante 25
kifrandu29 posts ante 25
L.B.D.33 posts ante 25
OP-Chasseur6 posts small blind 100
jeanshreck posts big blind 200
Dealt to P1xel7 [2s Jh]
*** PRE-FLOP *** 
P1xel7 folds
kifrandu29 calls 200
L.B.D.33 folds
leon2.0 raises 300 to 500
DAFAV971 folds
OP-Chasseur6 folds
jeanshreck raises 1475 to 1975
kifrandu29 calls 1775
leon2.0 calls 1475
*** FLOP *** [4h 5s Th]
jeanshreck bets 4030
kifrandu29 calls 4030
leon2.0 calls 4030
*** TURN *** [4h 5s Th][7d]
jeanshreck bets 12720 and is all-in
kifrandu29 calls 12720
leon2.0 folds
*** RIVER *** [4h 5s Th 7d][Qd]
*** SHOW DOWN ***
jeanshreck shows [Ah Kd] (High card : Ace)
kifrandu29 shows [Kc 5c] (One pair : 5)
kifrandu29 collected 43730 from pot
*** SUMMARY ***
Total pot 43730 | No rake
Board: [4h 5s Th 7d Qd]
Seat 4: jeanshreck (big blind) showed [Ah Kd] and lost with High card : Ace
Seat 7: kifrandu29 showed [Kc 5c] and won 43730 with One pair : 5


Winamax Poker - Tournament "Freeroll" buyIn: 0€ + 0€ level: 1 - HandId: #2910493697760034995-4-1691518899 - Holdem no limit (25/100/200) - 2023/08/08 18:21:39 UTC
Table: 'Freeroll(677652121)#0178' 8-max (real money) Seat #3 is the button
Seat 1: leon2.0 (12820)
Seat 2: DAFAV971 (19625)
Seat 3: OP-Chasseur6 (19625)
Seat 5: sammos1 (20000)
Seat 6: P1xel7 (23425)
Seat 7: kifrandu29 (44630)
Seat 8: L.B.D.33 (19925)
*** ANTE/BLINDS ***
sammos1 posts ante 25
leon2.0 posts ante 25
DAFAV971 posts ante 25
OP-Chasseur6 posts ante 25
P1xel7 posts ante 25
kifrandu29 posts ante 25
L.B.D.33 posts ante 25
sammos1 posts big blind 200
Dealt to P1xel7 [2h 4d]
*** PRE-FLOP *** 
P1xel7 folds
kifrandu29 folds
L.B.D.33 folds
leon2.0 raises 300 to 500
DAFAV971 folds
OP-Chasseur6 folds
sammos1 calls 300
*** FLOP *** [6c Js 6h]
sammos1 checks
leon2.0 checks
*** TURN *** [6c Js 6h][3s]
sammos1 checks
leon2.0 bets 411
sammos1 folds
leon2.0 collected 1586 from pot
*** SUMMARY ***
Total pot 1586 | No rake
Board: [6c Js 6h 3s]
Seat 1: leon2.0 won 1586


Winamax Poker - Tournament "Freeroll" buyIn: 0€ + 0€ level: 1 - HandId: #2910493697760034995-5-1691518936 - Holdem no limit (25/100/200) - 2023/08/08 18:22:16 UTC
Table: 'Freeroll(677652121)#0178' 8-max (real money) Seat #4 is the button
Seat 1: leon2.0 (13470)
Seat 2: DAFAV971 (19600)
Seat 3: OP-Chasseur6 (19600)
Seat 4: proko49 (20000)
Seat 5: sammos1 (19475)
Seat 6: P1xel7 (23400)
Seat 7: kifrandu29 (44605)
Seat 8: L.B.D.33 (19900)
*** ANTE/BLINDS ***
sammos1 posts ante 25
P1xel7 posts ante 25
leon2.0 posts ante 25
DAFAV971 posts ante 25
OP-Chasseur6 posts ante 25
kifrandu29 posts ante 25
L.B.D.33 posts ante 25
sammos1 posts small blind 100
P1xel7 posts big blind 200
Dealt to P1xel7 [9d Qd]
*** PRE-FLOP *** 
kifrandu29 calls 200
L.B.D.33 folds
leon2.0 raises 400 to 600
DAFAV971 folds
OP-Chasseur6 folds
sammos1 raises 1775 to 2375
P1xel7 folds
kifrandu29 calls 2175
leon2.0 calls 1775
*** FLOP *** [2h 8c Ts]
sammos1 checks
kifrandu29 checks
leon2.0 checks
*** TURN *** [2h 8c Ts][Kd]
sammos1 bets 4875
kifrandu29 calls 4875
leon2.0 folds
*** RIVER *** [2h 8c Ts Kd][Ac]
sammos1 bets 12200 and is all-in
kifrandu29 calls 12200
*** SHOW DOWN ***
sammos1 shows [As Ks] (Two pairs : Aces and Kings)
kifrandu29 shows [2s 2d] (Trips of 2)
kifrandu29 collected 41650 from pot
*** SUMMARY ***
Total pot 41650 | No rake
Board: [2h 8c Ts Kd Ac]
Seat 5: sammos1 (small blind) showed [As Ks] and lost with Two pairs : Aces and Kings
Seat 7: kifrandu29 showed [2s 2d] and won 41650 with Trips of 2


Winamax Poker - Tournament "Freeroll" buyIn: 0€ + 0€ level: 1 - HandId: #2910493697760034995-6-1691518984 - Holdem no limit (25/100/200) - 2023/08/08 18:23:04 UTC
Table: 'Freeroll(677652121)#0178' 8-max (real money) Seat #5 is the button
Seat 1: leon2.0 (11070)
Seat 2: DAFAV971 (19575)
Seat 3: OP-Chasseur6 (19575)
Seat 4: proko49 (20000)
Seat 6: P1xel7 (23175)
Seat 7: kifrandu29 (66780)
Seat 8: L.B.D.33 (19875)
*** ANTE/BLINDS ***
P1xel7 posts ante 25
kifrandu29 posts ante 25
leon2.0 posts ante 25
DAFAV971 posts ante 25
OP-Chasseur6 posts ante 25
proko49 posts ante 25
L.B.D.33 posts ante 25
P1xel7 posts small blind 100
kifrandu29 posts big blind 200
Dealt to P1xel7 [9d Ac]
*** PRE-FLOP *** 
L.B.D.33 folds
leon2.0 folds
DAFAV971 folds
OP-Chasseur6 folds
proko49 calls 200
P1xel7 raises 775 to 975
kifrandu29 calls 775
proko49 calls 775
*** FLOP *** [Ks 5d Th]
P1xel7 bets 1085
kifrandu29 calls 1085
proko49 calls 1085
*** TURN *** [Ks 5d Th][8h]
P1xel7 checks
kifrandu29 bets 4131
proko49 calls 4131
P1xel7 folds
*** RIVER *** [Ks 5d Th 8h][3s]
kifrandu29 bets 9501
proko49 folds
kifrandu29 collected 24118 from pot
*** SUMMARY ***
Total pot 24118 | No rake
Board: [Ks 5d Th 8h 3s]
Seat 7: kifrandu29 (big blind) won 24118


Winamax Poker - Tournament "Freeroll" buyIn: 0€ + 0€ level: 1 - HandId: #2910493697760034995-7-1691519035 - Holdem no limit (25/100/200) - 2023/08/08 18:23:55 UTC
Table: 'Freeroll(677652121)#0178' 8-max (real money) Seat #6 is the button
Seat 1: leon2.0 (11045)
Seat 2: DAFAV971 (19550)
Seat 3: OP-Chasseur6 (19550)
Seat 4: proko49 (13784)
Seat 5: JB_Warrior4 (20000)
Seat 6: P1xel7 (21090)
Seat 7: kifrandu29 (75181)
Seat 8: L.B.D.33 (19850)
*** ANTE/BLINDS ***
kifrandu29 posts ante 25
L.B.D.33 posts ante 25
leon2.0 posts ante 25
DAFAV971 posts ante 25
OP-Chasseur6 posts ante 25
proko49 posts ante 25
JB_Warrior4 posts ante 25
P1xel7 posts ante 25
kifrandu29 posts small blind 100
L.B.D.33 posts big blind 200
Dealt to P1xel7 [2d 4d]
*** PRE-FLOP *** 
leon2.0 folds
DAFAV971 folds
OP-Chasseur6 folds
proko49 calls 200
JB_Warrior4 folds
P1xel7 folds
kifrandu29 calls 100
L.B.D.33 folds
*** FLOP *** [4s 6c Ah]
kifrandu29 checks
proko49 bets 200
kifrandu29 calls 200
*** TURN *** [4s 6c Ah][7s]
kifrandu29 checks
proko49 bets 200
kifrandu29 calls 200
*** RIVER *** [4s 6c Ah 7s][Qd]
kifrandu29 checks
proko49 bets 1600
kifrandu29 folds
proko49 collected 3200 from pot
*** SUMMARY ***
Total pot 3200 | No rake
Board: [4s 6c Ah 7s Qd]
Seat 4: proko49 won 3200


Winamax Poker - Tournament "Freeroll" buyIn: 0€ + 0€ level: 1 - HandId: #2910493697760034995-8-1691519075 - Holdem no limit (25/100/200) - 2023/08/08 18:24:35 UTC
Table: 'Freeroll(677652121)#0178' 8-max (real money) Seat #7 is the button
Seat 1: leon2.0 (11020)
Seat 2: DAFAV971 (19525)
Seat 3: OP-Chasseur6 (19525)
Seat 4: proko49 (14759)
Seat 5: JB_Warrior4 (19975)
Seat 6: P1xel7 (21065)
Seat 7: kifrandu29 (74556)
Seat 8: L.B.D.33 (19625)
*** ANTE/BLINDS ***
L.B.D.33 posts ante 25
leon2.0 posts ante 25
DAFAV971 posts ante 25
OP-Chasseur6 posts ante 25
proko49 posts ante 25
JB_Warrior4 posts ante 25
P1xel7 posts ante 25
kifrandu29 posts ante 25
L.B.D.33 posts small blind 100
leon2.0 posts big blind 200
Dealt to P1xel7 [6d 6c]
*** PRE-FLOP *** 
DAFAV971 calls 200
OP-Chasseur6 calls 200
proko49 folds
JB_Warrior4 raises 19750 to 19950 and is all-in
P1xel7 folds
kifrandu29 calls 19950
L.B.D.33 folds
leon2.0 folds
DAFAV971 calls 19300 and is all-in
OP-Chasseur6 folds
*** FLOP *** [4c 7d 3c]
*** TURN *** [4c 7d 3c][3d]
*** RIVER *** [4c 7d 3c 3d][8s]
*** SHOW DOWN ***
JB_Warrior4 shows [Ah 2h] (One pair : 3)
DAFAV971 shows [Ac 3h] (Trips of 3)
kifrandu29 shows [Ks Kd] (Two pairs : Kings and 3)
kifrandu29 collected 900 from side pot 1
DAFAV971 collected 59200 from main pot
*** SUMMARY ***
Total pot 60100 | No rake
Board: [4c 7d 3c 3d 8s]
Seat 2: DAFAV971 showed [Ac 3h] and won 59200 with Trips of 3
Seat 5: JB_Warrior4 showed [Ah 2h] and lost with One pair : 3
Seat 7: kifrandu29 (button) showed [Ks Kd] and won 900 with Two pairs : Kings and 3


Winamax Poker - Tournament "Freeroll" buyIn: 0€ + 0€ level: 1 - HandId: #2910493697760034995-9-1691519113 - Holdem no limit (25/100/200) - 2023/08/08 18:25:13 UTC
Table: 'Freeroll(677652121)#0178' 8-max (real money) Seat #8 is the button
Seat 1: leon2.0 (10795)
Seat 2: DAFAV971 (59200)
Seat 3: OP-Chasseur6 (19300)
Seat 4: proko49 (14734)
Seat 6: P1xel7 (21040)
Seat 7: kifrandu29 (55481)
Seat 8: L.B.D.33 (19500)
*** ANTE/BLINDS ***
leon2.0 posts ante 25
DAFAV971 posts ante 25
OP-Chasseur6 posts ante 25
proko49 posts ante 25
P1xel7 posts ante 25
kifrandu29 posts ante 25
L.B.D.33 posts ante 25
leon2.0 posts small blind 100
DAFAV971 posts big blind 200
Dealt to P1xel7 [2c Ts]
*** PRE-FLOP *** 
OP-Chasseur6 folds
proko49 folds
P1xel7 folds
kifrandu29 raises 300 to 500
L.B.D.33 folds
leon2.0 folds
DAFAV971 calls 300
*** FLOP *** [8s 6c 4h]
DAFAV971 checks
kifrandu29 bets 829
DAFAV971 raises 1616 to 2445
kifrandu29 folds
DAFAV971 collected 4549 from pot
*** SUMMARY ***
Total pot 4549 | No rake
Board: [8s 6c 4h]
Seat 2: DAFAV971 (big blind) won 4549


Winamax Poker - Tournament "Freeroll" buyIn: 0€ + 0€ level: 1 - HandId: #2910493697760034995-10-1691519158 - Holdem no limit (25/100/200) - 2023/08/08 18:25:58 UTC
Table: 'Freeroll(677652121)#0178' 8-max (real money) Seat #1 is the button
Seat 1: leon2.0 (10670)
Seat 2: DAFAV971 (60779)
Seat 3: OP-Chasseur6 (19275)
Seat 4: proko49 (14709)
Seat 5: Adam76600 (20000)
Seat 6: P1xel7 (21015)
Seat 7: kifrandu29 (54127)
Seat 8: L.B.D.33 (19475)
*** ANTE/BLINDS ***
DAFAV971 posts ante 25
OP-Chasseur6 posts ante 25
leon2.0 posts ante 25
proko49 posts ante 25
Adam76600 posts ante 25
P1xel7 posts ante 25
kifrandu29 posts ante 25
L.B.D.33 posts ante 25
DAFAV971 posts small blind 100
OP-Chasseur6 posts big blind 200
Dealt to P1xel7 [4c Ad]
*** PRE-FLOP *** 
proko49 calls 200
Adam76600 raises 300 to 500
P1xel7 folds
kifrandu29 folds
L.B.D.33 folds
leon2.0 calls 500
DAFAV971 calls 400
OP-Chasseur6 calls 300
proko49 calls 300
*** FLOP *** [4s 3d 5h]
DAFAV971 bets 945
OP-Chasseur6 folds
proko49 folds
Adam76600 raises 1823 to 2768
leon2.0 folds
DAFAV971 raises 57486 to 60254 and is all-in
Adam76600 calls 16707 and is all-in
*** TURN *** [4s 3d 5h][4d]
*** RIVER *** [4s 3d 5h 4d][Ts]
*** SHOW DOWN ***
Adam76600 shows [As 7d] (One pair : 4)
DAFAV971 shows [7c 5c] (Two pairs : 5 and 4)
DAFAV971 collected 82429 from pot
*** SUMMARY ***
Total pot 82429 | No rake
Board: [4s 3d 5h 4d Ts]
Seat 2: DAFAV971 (small blind) showed [7c 5c] and won 82429 with Two pairs : 5 and 4
Seat 5: Adam76600 showed [As 7d] and lost with One pair : 4


Winamax Poker - Tournament "Freeroll" buyIn: 0€ + 0€ level: 1 - HandId: #2910493697760034995-11-1691519216 - Holdem no limit (25/100/200) - 2023/08/08 18:26:56 UTC
Table: 'Freeroll(677652121)#0178' 8-max (real money) Seat #2 is the button
Seat 1: leon2.0 (10145)
Seat 2: DAFAV971 (82429)
Seat 3: OP-Chasseur6 (18750)
Seat 4: proko49 (14184)
Seat 6: P1xel7 (20990)
Seat 7: kifrandu29 (54102)
Seat 8: L.B.D.33 (19450)
*** ANTE/BLINDS ***
OP-Chasseur6 posts ante 25
proko49 posts ante 25
leon2.0 posts ante 25
DAFAV971 posts ante 25
P1xel7 posts ante 25
kifrandu29 posts ante 25
L.B.D.33 posts ante 25
OP-Chasseur6 posts small blind 100
proko49 posts big blind 200
Dealt to P1xel7 [3s 9s]
*** PRE-FLOP *** 
P1xel7 folds
kifrandu29 calls 200
L.B.D.33 folds
leon2.0 folds
DAFAV971 calls 200
OP-Chasseur6 raises 975 to 1175
proko49 calls 975
kifrandu29 calls 975
DAFAV971 calls 975
*** FLOP *** [6d 7d 8s]
OP-Chasseur6 bets 1219
proko49 calls 1219
kifrandu29 calls 1219
DAFAV971 raises 80010 to 81229 and is all-in
OP-Chasseur6 calls 16331 and is all-in
proko49 calls 11765 and is all-in
kifrandu29 calls 51683 and is all-in
*** TURN *** [6d 7d 8s][2s]
*** RIVER *** [6d 7d 8s 2s][5d]
*** SHOW DOWN ***
OP-Chasseur6 shows [Ah Th] (High card : Ace)
proko49 shows [8c As] (One pair : 8)
kifrandu29 shows [5s 7s] (Two pairs : 7 and 5)
DAFAV971 shows [6s 4c] (Straight 8 high)
DAFAV971 collected 169540 from pot
*** SUMMARY ***
Total pot 169540 | No rake
Board: [6d 7d 8s 2s 5d]
Seat 2: DAFAV971 (button) showed [6s 4c] and won 169540 with Straight 8 high
Seat 3: OP-Chasseur6 (small blind) showed [Ah Th] and lost with High card : Ace
Seat 4: proko49 (big blind) showed [8c As] and lost with One pair : 8
Seat 7: kifrandu29 showed [5s 7s] and lost with Two pairs : 7 and 5


Winamax Poker - Tournament "Freeroll" buyIn: 0€ + 0€ level: 1 - HandId: #2910493697760034995-12-1691519269 - Holdem no limit (25/100/200) - 2023/08/08 18:27:49 UTC
Table: 'Freeroll(677652121)#0178' 8-max (real money) Seat #3 is the button
Seat 1: leon2.0 (10120)
Seat 2: DAFAV971 (169540)
Seat 5: HELMUT69 (20000)
Seat 6: P1xel7 (20965)
Seat 8: L.B.D.33 (19425)
*** ANTE/BLINDS ***
HELMUT69 posts ante 25
leon2.0 posts ante 25
DAFAV971 posts ante 25
P1xel7 posts ante 25
L.B.D.33 posts ante 25
HELMUT69 posts big blind 200
Dealt to P1xel7 [6d 9h]
*** PRE-FLOP *** 
P1xel7 folds
L.B.D.33 folds
leon2.0 folds
DAFAV971 raises 300 to 500
HELMUT69 calls 300
*** FLOP *** [3s Qc 7d]
HELMUT69 checks
DAFAV971 bets 394
HELMUT69 calls 394
*** TURN *** [3s Qc 7d][Ad]
HELMUT69 checks
DAFAV971 bets 1243
HELMUT69 raises 4399 to 5642
DAFAV971 folds
HELMUT69 collected 8798 from pot
*** SUMMARY ***
Total pot 8798 | No rake
Board: [3s Qc 7d Ad]
Seat 5: HELMUT69 (big blind) won 8798


Winamax Poker - Tournament "Freeroll" buyIn: 0€ + 0€ level: 2 - HandId: #2910493697760034995-13-1691519308 - Holdem no limit (30/125/250) - 2023/08/08 18:28:28 UTC
Table: 'Freeroll(677652121)#0178' 8-max (real money) Seat #4 is the button
Seat 1: leon2.0 (10095)
Seat 2: DAFAV971 (167378)
Seat 3: babouche80 (19450)
Seat 4: POKERMOTARD (19050)
Seat 5: HELMUT69 (22237)
Seat 6: P1xel7 (20940)
Seat 7: rifno (20000)
Seat 8: L.B.D.33 (19400)
*** ANTE/BLINDS ***
HELMUT69 posts ante 30
P1xel7 posts ante 30
leon2.0 posts ante 30
DAFAV971 posts ante 30
babouche80 posts ante 30
rifno posts ante 30
L.B.D.33 posts ante 30
HELMUT69 posts small blind 125
P1xel7 posts big blind 250
Dealt to P1xel7 [9h 6c]
*** PRE-FLOP *** 
rifno folds
L.B.D.33 folds
leon2.0 folds
DAFAV971 raises 500 to 750
babouche80 folds
HELMUT69 calls 625
P1xel7 folds
*** FLOP *** [Ad 8d 9c]
HELMUT69 checks
DAFAV971 bets 1274
HELMUT69 calls 1274
*** TURN *** [Ad 8d 9c][Js]
HELMUT69 checks
DAFAV971 bets 78125
HELMUT69 folds
DAFAV971 collected 82633 from pot
*** SUMMARY ***
Total pot 82633 | No rake
Board: [Ad 8d 9c Js]
Seat 2: DAFAV971 won 82633


Winamax Poker - Tournament "Freeroll" buyIn: 0€ + 0€ level: 2 - HandId: #2910493697760034995-14-1691519340 - Holdem no limit (30/125/250) - 2023/08/08 18:29:00 UTC
Table: 'Freeroll(677652121)#0178' 8-max (real money) Seat #5 is the button
Seat 1: leon2.0 (10065)
Seat 2: DAFAV971 (169832)
Seat 3: babouche80 (19420)
Seat 4: POKERMOTARD (19050)
Seat 5: HELMUT69 (20183)
Seat 6: P1xel7 (20660)
Seat 7: rifno (19970)
Seat 8: L.B.D.33 (19370)
*** ANTE/BLINDS ***
P1xel7 posts ante 30
rifno posts ante 30
leon2.0 posts ante 30
DAFAV971 posts ante 30
babouche80 posts ante 30
POKERMOTARD posts ante 30
HELMUT69 posts ante 30
L.B.D.33 posts ante 30
P1xel7 posts small blind 125
rifno posts big blind 250
Dealt to P1xel7 [9c Kc]
*** PRE-FLOP *** 
L.B.D.33 folds
leon2.0 folds
DAFAV971 folds
babouche80 folds
POKERMOTARD folds
HELMUT69 raises 3115 to 3365
P1xel7 folds
rifno calls 3115
*** FLOP *** [9s 8c Qs]
rifno checks
HELMUT69 bets 7095
rifno calls 7095
*** TURN *** [9s 8c Qs][3h]
rifno checks
HELMUT69 bets 9693 and is all-in
rifno calls 9480 and is all-in
*** RIVER *** [9s 8c Qs 3h][4c]
*** SHOW DOWN ***
HELMUT69 shows [5h Kd] (High card : King)
rifno shows [As 6d] (High card : Ace)
rifno collected 40245 from main pot
HELMUT69 collected 213 from side pot 1
*** SUMMARY ***
Total pot 40458 | No rake
Board: [9s 8c Qs 3h 4c]
Seat 5: HELMUT69 (button) showed [5h Kd] and won 213 with High card : King
Seat 7: rifno (big blind) showed [As 6d] and won 40245 with High card : Ace


Winamax Poker - Tournament "Freeroll" buyIn: 0€ + 0€ level: 2 - HandId: #2910493697760034995-15-1691519400 - Holdem no limit (30/125/250) - 2023/08/08 18:30:00 UTC
Table: 'Freeroll(677652121)#0178' 8-max (real money) Seat #6 is the button
Seat 1: leon2.0 (10035)
Seat 2: DAFAV971 (169802)
Seat 3: babouche80 (19390)
Seat 4: POKERMOTARD (19020)
Seat 5: HELMUT69 (213)
Seat 6: P1xel7 (20505)
Seat 7: rifno (40245)
Seat 8: L.B.D.33 (19340)
*** ANTE/BLINDS ***
rifno posts ante 30
L.B.D.33 posts ante 30
leon2.0 posts ante 30
DAFAV971 posts ante 30
babouche80 posts ante 30
POKERMOTARD posts ante 30
HELMUT69 posts ante 30
P1xel7 posts ante 30
rifno posts small blind 125
L.B.D.33 posts big blind 250
Dealt to P1xel7 [8c 8h]
*** PRE-FLOP *** 
leon2.0 raises 375 to 625
DAFAV971 folds
babouche80 folds
POKERMOTARD calls 625
HELMUT69 calls 183 and is all-in
P1xel7 raises 2673 to 3298
rifno folds
L.B.D.33 folds
leon2.0 calls 2673
POKERMOTARD folds
*** FLOP *** [As Js 6c]
leon2.0 bets 6707 and is all-in
P1xel7 folds
*** TURN *** [As Js 6c][Jd]
*** RIVER *** [As Js 6c Jd][Tc]
*** SHOW DOWN ***
HELMUT69 shows [5d 7c] (One pair : Jacks)
leon2.0 shows [9c Ks] (One pair : Jacks)
leon2.0 collected 14726 from pot
*** SUMMARY ***
Total pot 14726 | No rake
Board: [As Js 6c Jd Tc]
Seat 1: leon2.0 showed [9c Ks] and won 14726 with One pair : Jacks
Seat 5: HELMUT69 showed [5d 7c] and lost with One pair : Jacks


Winamax Poker - Tournament "Freeroll" buyIn: 0€ + 0€ level: 3 - HandId: #2910493697760034995-16-1691519485 - Holdem no limit (35/150/300) - 2023/08/08 18:31:25 UTC
Table: 'Freeroll(677652121)#0178' 8-max (real money) Seat #7 is the button
Seat 1: leon2.0 (14726)
Seat 2: DAFAV971 (169772)
Seat 3: babouche80 (19360)
Seat 4: POKERMOTARD (18365)
Seat 6: P1xel7 (17177)
Seat 7: rifno (40090)
Seat 8: L.B.D.33 (19060)
*** ANTE/BLINDS ***
L.B.D.33 posts ante 35
leon2.0 posts ante 35
DAFAV971 posts ante 35
babouche80 posts ante 35
POKERMOTARD posts ante 35
P1xel7 posts ante 35
rifno posts ante 35
L.B.D.33 posts small blind 150
leon2.0 posts big blind 300
Dealt to P1xel7 [5s 6s]
*** PRE-FLOP *** 
DAFAV971 folds
babouche80 folds
POKERMOTARD folds
P1xel7 folds
rifno folds
L.B.D.33 folds
leon2.0 collected 695 from pot
*** SUMMARY ***
Total pot 695 | No rake
Seat 1: leon2.0 (big blind) won 695


Winamax Poker - Tournament "Freeroll" buyIn: 0€ + 0€ level: 3 - HandId: #2910493697760034995-17-1691519499 - Holdem no limit (35/150/300) - 2023/08/08 18:31:39 UTC
Table: 'Freeroll(677652121)#0178' 8-max (real money) Seat #8 is the button
Seat 1: leon2.0 (15086)
Seat 2: DAFAV971 (169737)
Seat 3: babouche80 (19325)
Seat 4: POKERMOTARD (18330)
Seat 6: P1xel7 (17142)
Seat 7: rifno (40055)
Seat 8: L.B.D.33 (18875)
*** ANTE/BLINDS ***
leon2.0 posts ante 35
DAFAV971 posts ante 35
babouche80 posts ante 35
POKERMOTARD posts ante 35
P1xel7 posts ante 35
rifno posts ante 35
L.B.D.33 posts ante 35
leon2.0 posts small blind 150
DAFAV971 posts big blind 300
Dealt to P1xel7 [5c 5d]
*** PRE-FLOP *** 
babouche80 folds
POKERMOTARD calls 300
P1xel7 folds
rifno calls 300
L.B.D.33 folds
leon2.0 folds
DAFAV971 checks
*** FLOP *** [2s 6c 8h]
DAFAV971 checks
POKERMOTARD checks
rifno checks
*** TURN *** [2s 6c 8h][3c]
DAFAV971 bets 453
POKERMOTARD folds
rifno calls 453
*** RIVER *** [2s 6c 8h 3c][9d]
DAFAV971 bets 2201
rifno folds
DAFAV971 collected 4402 from pot
*** SUMMARY ***
Total pot 4402 | No rake
Board: [2s 6c 8h 3c 9d]
Seat 2: DAFAV971 (big blind) won 4402


Winamax Poker - Tournament "Freeroll" buyIn: 0€ + 0€ level: 3 - HandId: #2910493697760034995-18-1691519575 - Holdem no limit (35/150/300) - 2023/08/08 18:32:55 UTC
Table: 'Freeroll(677652121)#0178' 8-max (real money) Seat #1 is the button
Seat 1: leon2.0 (14901)
Seat 2: DAFAV971 (171150)
Seat 3: babouche80 (19290)
Seat 4: POKERMOTARD (17995)
Seat 5: CFeldspar (20000)
Seat 6: P1xel7 (17107)
Seat 7: rifno (39267)
Seat 8: L.B.D.33 (18840)
*** ANTE/BLINDS ***
DAFAV971 posts ante 35
babouche80 posts ante 35
leon2.0 posts ante 35
POKERMOTARD posts ante 35
CFeldspar posts ante 35
P1xel7 posts ante 35
rifno posts ante 35
L.B.D.33 posts ante 35
DAFAV971 posts small blind 150
babouche80 posts big blind 300
Dealt to P1xel7 [Ad 7c]
*** PRE-FLOP *** 
POKERMOTARD folds
CFeldspar raises 300 to 600
P1xel7 folds
rifno calls 600
L.B.D.33 folds
leon2.0 folds
DAFAV971 raises 1200 to 1800
babouche80 folds
CFeldspar calls 1200
rifno calls 1200
*** FLOP *** [6h 4d Ah]
DAFAV971 checks
CFeldspar checks
rifno bets 3887
DAFAV971 folds
CFeldspar folds
rifno collected 9867 from pot
*** SUMMARY ***
Total pot 9867 | No rake
Board: [6h 4d Ah]
Seat 7: rifno won 9867


Winamax Poker - Tournament "Freeroll" buyIn: 0€ + 0€ level: 4 - HandId: #2910493697760034995-19-1691519622 - Holdem no limit (40/175/350) - 2023/08/08 18:33:42 UTC
Table: 'Freeroll(677652121)#0178' 8-max (real money) Seat #2 is the button
Seat 1: leon2.0 (14866)
Seat 2: DAFAV971 (169315)
Seat 3: babouche80 (18955)
Seat 4: POKERMOTARD (17960)
Seat 6: P1xel7 (17072)
Seat 7: rifno (43412)
Seat 8: L.B.D.33 (18805)
*** ANTE/BLINDS ***
babouche80 posts ante 40
POKERMOTARD posts ante 40
leon2.0 posts ante 40
DAFAV971 posts ante 40
P1xel7 posts ante 40
rifno posts ante 40
L.B.D.33 posts ante 40
babouche80 posts small blind 175
POKERMOTARD posts big blind 350
Dealt to P1xel7 [Jh 3c]
*** PRE-FLOP *** 
P1xel7 folds
rifno folds
L.B.D.33 folds
leon2.0 raises 700 to 1050
DAFAV971 calls 1050
babouche80 folds
POKERMOTARD folds
*** FLOP *** [Ac 4h Ah]
leon2.0 checks
DAFAV971 bets 1017
leon2.0 calls 1017
*** TURN *** [Ac 4h Ah][9d]
leon2.0 checks
DAFAV971 checks
*** RIVER *** [Ac 4h Ah 9d][Kd]
leon2.0 bets 3210
DAFAV971 folds
leon2.0 collected 8149 from pot
*** SUMMARY ***
Total pot 8149 | No rake
Board: [Ac 4h Ah 9d Kd]
Seat 1: leon2.0 won 8149


Winamax Poker - Tournament "Freeroll" buyIn: 0€ + 0€ level: 4 - HandId: #2910493697760034995-20-1691519665 - Holdem no limit (40/175/350) - 2023/08/08 18:34:25 UTC
Table: 'Freeroll(677652121)#0178' 8-max (real money) Seat #3 is the button
Seat 1: leon2.0 (17698)
Seat 2: DAFAV971 (167208)
Seat 3: babouche80 (18740)
Seat 4: POKERMOTARD (17570)
Seat 5: Chapi38 (20000)
Seat 6: P1xel7 (17032)
Seat 7: rifno (43372)
Seat 8: L.B.D.33 (18765)
*** ANTE/BLINDS ***
POKERMOTARD posts ante 40
Chapi38 posts ante 40
leon2.0 posts ante 40
DAFAV971 posts ante 40
babouche80 posts ante 40
P1xel7 posts ante 40
rifno posts ante 40
L.B.D.33 posts ante 40
POKERMOTARD posts small blind 175
Chapi38 posts big blind 350
Dealt to P1xel7 [Kd Kh]
*** PRE-FLOP *** 
P1xel7 raises 16642 to 16992 and is all-in
rifno folds
L.B.D.33 folds
leon2.0 folds
DAFAV971 folds
babouche80 folds
POKERMOTARD folds
Chapi38 folds
P1xel7 collected 17837 from pot
*** SUMMARY ***
Total pot 17837 | No rake
Seat 6: P1xel7 won 17837


Winamax Poker - Tournament "Freeroll" buyIn: 0€ + 0€ level: 4 - HandId: #2910493697760034995-21-1691519692 - Holdem no limit (40/175/350) - 2023/08/08 18:34:52 UTC
Table: 'Freeroll(677652121)#0178' 8-max (real money) Seat #4 is the button
Seat 1: leon2.0 (17658)
Seat 2: DAFAV971 (167168)
Seat 3: babouche80 (18700)
Seat 4: POKERMOTARD (17355)
Seat 5: Chapi38 (19610)
Seat 6: P1xel7 (17837)
Seat 8: L.B.D.33 (18725)
*** ANTE/BLINDS ***
Chapi38 posts ante 40
P1xel7 posts ante 40
leon2.0 posts ante 40
DAFAV971 posts ante 40
babouche80 posts ante 40
POKERMOTARD posts ante 40
L.B.D.33 posts ante 40
Chapi38 posts small blind 175
P1xel7 posts big blind 350
Dealt to P1xel7 [7s Kh]
*** PRE-FLOP *** 
L.B.D.33 folds
leon2.0 folds
DAFAV971 calls 350
babouche80 calls 350
POKERMOTARD folds
Chapi38 calls 175
P1xel7 checks
*** FLOP *** [Js 5s 6h]
Chapi38 checks
P1xel7 checks
DAFAV971 bets 588
babouche80 calls 588
Chapi38 folds
P1xel7 folds
*** TURN *** [Js 5s 6h][6d]
DAFAV971 bets 1856
babouche80 calls 1856
*** RIVER *** [Js 5s 6h 6d][Jc]
DAFAV971 bets 164334 and is all-in
babouche80 calls 15866 and is all-in
*** SHOW DOWN ***
DAFAV971 shows [As 3s] (Two pairs : Jacks and 6)
babouche80 shows [Jh Ac] (Full of Jacks and 6)
babouche80 collected 38300 from main pot
DAFAV971 collected 148468 from side pot 1
*** SUMMARY ***
Total pot 186768 | No rake
Board: [Js 5s 6h 6d Jc]
Seat 2: DAFAV971 showed [As 3s] and won 148468 with Two pairs : Jacks and 6
Seat 3: babouche80 showed [Jh Ac] and won 38300 with Full of Jacks and 6


Winamax Poker - Tournament "Freeroll" buyIn: 0€ + 0€ level: 4 - HandId: #2910493697760034995-22-1691519749 - Holdem no limit (40/175/350) - 2023/08/08 18:35:49 UTC
Table: 'Freeroll(677652121)#0178' 8-max (real money) Seat #5 is the button
Seat 1: leon2.0 (17618)
Seat 2: DAFAV971 (148468)
Seat 3: babouche80 (38300)
Seat 4: POKERMOTARD (17315)
Seat 5: Chapi38 (19220)
Seat 6: P1xel7 (17447)
Seat 7: Barbara18 (20000)
Seat 8: L.B.D.33 (18685)
*** ANTE/BLINDS ***
P1xel7 posts ante 40
Barbara18 posts ante 40
leon2.0 posts ante 40
DAFAV971 posts ante 40
babouche80 posts ante 40
POKERMOTARD posts ante 40
Chapi38 posts ante 40
L.B.D.33 posts ante 40
P1xel7 posts small blind 175
Barbara18 posts big blind 350
Dealt to P1xel7 [2d Ac]
*** PRE-FLOP *** 
L.B.D.33 folds
leon2.0 folds
DAFAV971 calls 350
babouche80 folds
POKERMOTARD folds
Chapi38 calls 350
P1xel7 folds
Barbara18 checks
*** FLOP *** [8c Kc 3h]
Barbara18 checks
DAFAV971 checks
Chapi38 checks
*** TURN *** [8c Kc 3h][6c]
Barbara18 checks
DAFAV971 checks
Chapi38 bets 541
Barbara18 folds
DAFAV971 calls 541
*** RIVER *** [8c Kc 3h 6c][Ad]
DAFAV971 checks
Chapi38 bets 2627
DAFAV971 folds
Chapi38 collected 5254 from pot
*** SUMMARY ***
Total pot 5254 | No rake
Board: [8c Kc 3h 6c Ad]
Seat 5: Chapi38 (button) won 5254


Winamax Poker - Tournament "Freeroll" buyIn: 0€ + 0€ level: 5 - HandId: #2910493697760034995-23-1691519810 - Holdem no limit (50/200/400) - 2023/08/08 18:36:50 UTC
Table: 'Freeroll(677652121)#0178' 8-max (real money) Seat #6 is the button
Seat 1: leon2.0 (17578)
Seat 2: DAFAV971 (147537)
Seat 3: babouche80 (38260)
Seat 4: POKERMOTARD (17275)
Seat 5: Chapi38 (20916)
Seat 6: P1xel7 (17232)
Seat 7: Barbara18 (19610)
Seat 8: L.B.D.33 (18645)
*** ANTE/BLINDS ***
Barbara18 posts ante 50
L.B.D.33 posts ante 50
leon2.0 posts ante 50
DAFAV971 posts ante 50
babouche80 posts ante 50
POKERMOTARD posts ante 50
Chapi38 posts ante 50
P1xel7 posts ante 50
Barbara18 posts small blind 200
L.B.D.33 posts big blind 400
Dealt to P1xel7 [3h 3d]
*** PRE-FLOP *** 
leon2.0 raises 600 to 1000
DAFAV971 calls 1000
babouche80 folds
POKERMOTARD calls 1000
Chapi38 folds
P1xel7 calls 1000
Barbara18 calls 800
L.B.D.33 folds
*** FLOP *** [4s Js Ah]
Barbara18 checks
leon2.0 bets 3770
DAFAV971 raises 13340 to 17110
POKERMOTARD calls 16225 and is all-in
P1xel7 folds
Barbara18 folds
leon2.0 calls 12758 and is all-in
*** TURN *** [4s Js Ah][6s]
*** RIVER *** [4s Js Ah 6s][4c]
*** SHOW DOWN ***
leon2.0 shows [Jc Qh] (Two pairs : Jacks and 4)
DAFAV971 shows [Ad Th] (Two pairs : Aces and 4)
POKERMOTARD shows [Ac 8c] (Two pairs : Aces and 4)
POKERMOTARD collected 27238 from main pot
DAFAV971 collected 28425 from side pot 1
*** SUMMARY ***
Total pot 55663 | No rake
Board: [4s Js Ah 6s 4c]
Seat 1: leon2.0 showed [Jc Qh] and lost with Two pairs : Jacks and 4
Seat 2: DAFAV971 showed [Ad Th] and won 28425 with Two pairs : Aces and 4
Seat 4: POKERMOTARD showed [Ac 8c] and won 27238 with Two pairs : Aces and 4


Winamax Poker - Tournament "Freeroll" buyIn: 0€ + 0€ level: 5 - HandId: #2910493697760034995-24-1691519899 - Holdem no limit (50/200/400) - 2023/08/08 18:38:19 UTC
Table: 'Freeroll(677652121)#0178' 8-max (real money) Seat #7 is the button
Seat 2: DAFAV971 (157802)
Seat 3: babouche80 (38210)
Seat 4: POKERMOTARD (27238)
Seat 5: Chapi38 (20866)
Seat 6: P1xel7 (16182)
Seat 7: Barbara18 (18560)
Seat 8: L.B.D.33 (18195)
*** ANTE/BLINDS ***
L.B.D.33 posts ante 50
DAFAV971 posts ante 50
babouche80 posts ante 50
POKERMOTARD posts ante 50
Chapi38 posts ante 50
P1xel7 posts ante 50
Barbara18 posts ante 50
L.B.D.33 posts small blind 200
DAFAV971 posts big blind 400
Dealt to P1xel7 [Kc Qc]
*** PRE-FLOP *** 
babouche80 folds
POKERMOTARD calls 400
Chapi38 calls 400
P1xel7 raises 2400 to 2800
Barbara18 calls 2800
L.B.D.33 folds
DAFAV971 folds
POKERMOTARD calls 2400
Chapi38 folds
*** FLOP *** [Tc 4c As]
POKERMOTARD bets 9750
P1xel7 calls 9750
Barbara18 folds
*** TURN *** [Tc 4c As][7d]
POKERMOTARD bets 14638 and is all-in
P1xel7 calls 3582 and is all-in
*** RIVER *** [Tc 4c As 7d][3h]
*** SHOW DOWN ***
P1xel7 shows [Kc Qc] (High card : Ace)
POKERMOTARD shows [Ah Kh] (One pair : Aces)
POKERMOTARD collected 47470 from pot
*** SUMMARY ***
Total pot 47470 | No rake
Board: [Tc 4c As 7d 3h]
Seat 4: POKERMOTARD showed [Ah Kh] and won 47470 with One pair : Aces
Seat 6: P1xel7 showed [Kc Qc] and lost with High card : Ace


