Winamax Poker - Tournament "Super Freeroll Stade 1" buyIn: 0€ + 0€ level: 1 - HandId: #2963707139966631937-1-1692459783 - Holdem no limit (10/20) - 2023/08/19 15:43:03 UTC
Table: 'Super Freeroll Stade 1(690041841)#0' 6-max (real money) Seat #5 is the button
Seat 1: P1xel7 (1500)
Seat 2: Dorzebi (1500)
Seat 3: tonton frank (1500)
Seat 4: PiKA-Poo (1500)
Seat 5: papinou91 (1500)
Seat 6: Alvarito888 (1500)
*** ANTE/BLINDS ***
Alvarito888 posts small blind 10
P1xel7 posts big blind 20
Dealt to P1xel7 [6h 9d]
*** PRE-FLOP *** 
Dorzebi calls 20
tonton frank calls 20
PiKA-Poo raises 130 to 150
papinou91 folds
Alvarito888 folds
P1xel7 folds
Dorzebi folds
tonton frank calls 130
*** FLOP *** [4c Qd 3c]
tonton frank checks
PiKA-Poo bets 185
tonton frank folds
PiKA-Poo collected 535 from pot
*** SUMMARY ***
Total pot 535 | No rake
Board: [4c Qd 3c]
Seat 4: PiKA-Poo won 535


Winamax Poker - Tournament "Super Freeroll Stade 1" buyIn: 0€ + 0€ level: 1 - HandId: #2963707139966631937-2-1692459848 - Holdem no limit (10/20) - 2023/08/19 15:44:08 UTC
Table: 'Super Freeroll Stade 1(690041841)#0' 6-max (real money) Seat #6 is the button
Seat 1: P1xel7 (1480)
Seat 2: Dorzebi (1480)
Seat 3: tonton frank (1350)
Seat 4: PiKA-Poo (1700)
Seat 5: papinou91 (1500)
Seat 6: Alvarito888 (1490)
*** ANTE/BLINDS ***
P1xel7 posts small blind 10
Dorzebi posts big blind 20
Dealt to P1xel7 [As 6c]
*** PRE-FLOP *** 
tonton frank calls 20
PiKA-Poo raises 80 to 100
papinou91 calls 100
Alvarito888 folds
P1xel7 folds
Dorzebi raises 80 to 180
tonton frank calls 160
PiKA-Poo calls 80
papinou91 calls 80
*** FLOP *** [7h Jc 9h]
Dorzebi bets 98
tonton frank calls 98
PiKA-Poo folds
papinou91 calls 98
*** TURN *** [7h Jc 9h][Th]
Dorzebi bets 130
tonton frank calls 130
papinou91 calls 130
*** RIVER *** [7h Jc 9h Th][2h]
Dorzebi bets 397
tonton frank folds
papinou91 calls 397
*** SHOW DOWN ***
Dorzebi shows [Qc 6d] (High card : Queen)
papinou91 shows [8s 9s] (Straight Jack high)
papinou91 collected 2208 from pot
*** SUMMARY ***
Total pot 2208 | No rake
Board: [7h Jc 9h Th 2h]
Seat 2: Dorzebi (big blind) showed [Qc 6d] and lost with High card : Queen
Seat 5: papinou91 showed [8s 9s] and won 2208 with Straight Jack high


Winamax Poker - Tournament "Super Freeroll Stade 1" buyIn: 0€ + 0€ level: 2 - HandId: #2963707139966631937-3-1692460010 - Holdem no limit (15/30) - 2023/08/19 15:46:50 UTC
Table: 'Super Freeroll Stade 1(690041841)#0' 6-max (real money) Seat #1 is the button
Seat 1: P1xel7 (1470)
Seat 2: Dorzebi (675)
Seat 3: tonton frank (942)
Seat 4: PiKA-Poo (1520)
Seat 5: papinou91 (2903)
Seat 6: Alvarito888 (1490)
*** ANTE/BLINDS ***
Dorzebi posts small blind 15
tonton frank posts big blind 30
Dealt to P1xel7 [3d Td]
*** PRE-FLOP *** 
PiKA-Poo raises 165 to 195
papinou91 folds
Alvarito888 folds
P1xel7 folds
Dorzebi raises 293 to 488
tonton frank folds
PiKA-Poo calls 293
*** FLOP *** [Qs 5d Qc]
Dorzebi bets 187 and is all-in
PiKA-Poo calls 187
*** TURN *** [Qs 5d Qc][Tc]
*** RIVER *** [Qs 5d Qc Tc][7d]
*** SHOW DOWN ***
PiKA-Poo shows [Jd Ah] (One pair : Queens)
Dorzebi shows [7s 8c] (Two pairs : Queens and 7)
Dorzebi collected 1380 from pot
*** SUMMARY ***
Total pot 1380 | No rake
Board: [Qs 5d Qc Tc 7d]
Seat 2: Dorzebi (small blind) showed [7s 8c] and won 1380 with Two pairs : Queens and 7
Seat 4: PiKA-Poo showed [Jd Ah] and lost with One pair : Queens


Winamax Poker - Tournament "Super Freeroll Stade 1" buyIn: 0€ + 0€ level: 2 - HandId: #2963707139966631937-4-1692460052 - Holdem no limit (15/30) - 2023/08/19 15:47:32 UTC
Table: 'Super Freeroll Stade 1(690041841)#0' 6-max (real money) Seat #2 is the button
Seat 1: P1xel7 (1470)
Seat 2: Dorzebi (1380)
Seat 3: tonton frank (912)
Seat 4: PiKA-Poo (845)
Seat 5: papinou91 (2903)
Seat 6: Alvarito888 (1490)
*** ANTE/BLINDS ***
tonton frank posts small blind 15
PiKA-Poo posts big blind 30
Dealt to P1xel7 [7d 3s]
*** PRE-FLOP *** 
papinou91 calls 30
Alvarito888 raises 1460 to 1490 and is all-in
P1xel7 folds
Dorzebi folds
tonton frank folds
PiKA-Poo folds
papinou91 folds
Alvarito888 collected 1565 from pot
*** SUMMARY ***
Total pot 1565 | No rake
Seat 6: Alvarito888 won 1565


Winamax Poker - Tournament "Super Freeroll Stade 1" buyIn: 0€ + 0€ level: 2 - HandId: #2963707139966631937-5-1692460067 - Holdem no limit (15/30) - 2023/08/19 15:47:47 UTC
Table: 'Super Freeroll Stade 1(690041841)#0' 6-max (real money) Seat #3 is the button
Seat 1: P1xel7 (1470)
Seat 2: Dorzebi (1380)
Seat 3: tonton frank (897)
Seat 4: PiKA-Poo (815)
Seat 5: papinou91 (2873)
Seat 6: Alvarito888 (1565)
*** ANTE/BLINDS ***
PiKA-Poo posts small blind 15
papinou91 posts big blind 30
Dealt to P1xel7 [8s 6s]
*** PRE-FLOP *** 
Alvarito888 raises 1535 to 1565 and is all-in
P1xel7 folds
Dorzebi folds
tonton frank calls 897 and is all-in
PiKA-Poo calls 800 and is all-in
papinou91 calls 1535
*** FLOP *** [7d 3c 2c]
*** TURN *** [7d 3c 2c][Js]
*** RIVER *** [7d 3c 2c Js][Jc]
*** SHOW DOWN ***
PiKA-Poo shows [Kd Kh] (Two pairs : Kings and Jacks)
papinou91 shows [9h As] (One pair : Jacks)
tonton frank shows [4h Jh] (Trips of Jacks)
Alvarito888 shows [3d 7h] (Two pairs : Jacks and 7)
Alvarito888 collected 1336 from side pot 1
tonton frank collected 3506 from main pot
*** SUMMARY ***
Total pot 4842 | No rake
Board: [7d 3c 2c Js Jc]
Seat 3: tonton frank (button) showed [4h Jh] and won 3506 with Trips of Jacks
Seat 4: PiKA-Poo (small blind) showed [Kd Kh] and lost with Two pairs : Kings and Jacks
Seat 5: papinou91 (big blind) showed [9h As] and lost with One pair : Jacks
Seat 6: Alvarito888 showed [3d 7h] and won 1336 with Two pairs : Jacks and 7


Winamax Poker - Tournament "Super Freeroll Stade 1" buyIn: 0€ + 0€ level: 2 - HandId: #2963707139966631937-6-1692460090 - Holdem no limit (15/30) - 2023/08/19 15:48:10 UTC
Table: 'Super Freeroll Stade 1(690041841)#0' 6-max (real money) Seat #4 is the button
Seat 1: P1xel7 (1470)
Seat 2: Dorzebi (1380)
Seat 3: tonton frank (3506)
Seat 5: papinou91 (1308)
Seat 6: Alvarito888 (1336)
*** ANTE/BLINDS ***
papinou91 posts small blind 15
Alvarito888 posts big blind 30
Dealt to P1xel7 [Jc Jh]
*** PRE-FLOP *** 
P1xel7 raises 120 to 150
Dorzebi calls 150
tonton frank calls 150
papinou91 folds
Alvarito888 raises 1186 to 1336 and is all-in
P1xel7 raises 134 to 1470 and is all-in
Dorzebi calls 1230 and is all-in
tonton frank folds
*** FLOP *** [3d 2s Kc]
*** TURN *** [3d 2s Kc][Qh]
*** RIVER *** [3d 2s Kc Qh][Qs]
*** SHOW DOWN ***
Dorzebi shows [Ad 8d] (One pair : Queens)
Alvarito888 shows [As 3h] (Two pairs : Queens and 3)
P1xel7 shows [Jc Jh] (Two pairs : Queens and Jacks)
P1xel7 collected 4351 from pot
*** SUMMARY ***
Total pot 4351 | No rake
Board: [3d 2s Kc Qh Qs]
Seat 1: P1xel7 showed [Jc Jh] and won 4351 with Two pairs : Queens and Jacks
Seat 2: Dorzebi showed [Ad 8d] and lost with One pair : Queens
Seat 6: Alvarito888 (big blind) showed [As 3h] and lost with Two pairs : Queens and 3


Winamax Poker - Tournament "Super Freeroll Stade 1" buyIn: 0€ + 0€ level: 2 - HandId: #2963707139966631937-7-1692460120 - Holdem no limit (15/30) - 2023/08/19 15:48:40 UTC
Table: 'Super Freeroll Stade 1(690041841)#0' 6-max (real money) Seat #5 is the button
Seat 1: P1xel7 (4351)
Seat 3: tonton frank (3356)
Seat 5: papinou91 (1293)
*** ANTE/BLINDS ***
P1xel7 posts big blind 30
Dealt to P1xel7 [4h 7d]
*** PRE-FLOP *** 
tonton frank calls 30
papinou91 calls 30
P1xel7 checks
*** FLOP *** [Ts Qd 2c]
P1xel7 checks
tonton frank checks
papinou91 checks
*** TURN *** [Ts Qd 2c][7s]
P1xel7 bets 32
tonton frank calls 32
papinou91 folds
*** RIVER *** [Ts Qd 2c 7s][Jc]
P1xel7 bets 54
tonton frank calls 54
*** SHOW DOWN ***
P1xel7 shows [4h 7d] (One pair : 7)
tonton frank shows [8h Js] (One pair : Jacks)
tonton frank collected 262 from pot
*** SUMMARY ***
Total pot 262 | No rake
Board: [Ts Qd 2c 7s Jc]
Seat 1: P1xel7 (big blind) showed [4h 7d] and lost with One pair : 7
Seat 3: tonton frank showed [8h Js] and won 262 with One pair : Jacks


Winamax Poker - Tournament "Super Freeroll Stade 1" buyIn: 0€ + 0€ level: 3 - HandId: #2963707139966631937-8-1692460155 - Holdem no limit (20/40) - 2023/08/19 15:49:15 UTC
Table: 'Super Freeroll Stade 1(690041841)#0' 6-max (real money) Seat #6 is the button
Seat 1: P1xel7 (4235)
Seat 3: tonton frank (3502)
Seat 5: papinou91 (1263)
*** ANTE/BLINDS ***
P1xel7 posts small blind 20
tonton frank posts big blind 40
Dealt to P1xel7 [As Ks]
*** PRE-FLOP *** 
papinou91 folds
P1xel7 raises 80 to 120
tonton frank calls 80
*** FLOP *** [3h Th Ac]
P1xel7 bets 120
tonton frank folds
P1xel7 collected 360 from pot
*** SUMMARY ***
Total pot 360 | No rake
Board: [3h Th Ac]
Seat 1: P1xel7 (small blind) won 360


Winamax Poker - Tournament "Super Freeroll Stade 1" buyIn: 0€ + 0€ level: 3 - HandId: #2963707139966631937-9-1692460169 - Holdem no limit (20/40) - 2023/08/19 15:49:29 UTC
Table: 'Super Freeroll Stade 1(690041841)#0' 6-max (real money) Seat #1 is the button
Seat 1: P1xel7 (4355)
Seat 3: tonton frank (3382)
Seat 5: papinou91 (1263)
*** ANTE/BLINDS ***
tonton frank posts small blind 20
papinou91 posts big blind 40
Dealt to P1xel7 [Th 2s]
*** PRE-FLOP *** 
P1xel7 folds
tonton frank calls 20
papinou91 checks
*** FLOP *** [7d 4d 8d]
tonton frank bets 40
papinou91 calls 40
*** TURN *** [7d 4d 8d][8s]
tonton frank bets 40
papinou91 calls 40
*** RIVER *** [7d 4d 8d 8s][7c]
tonton frank bets 3262 and is all-in
papinou91 calls 1143 and is all-in
*** SHOW DOWN ***
papinou91 shows [7s 5d] (Full of 7 and 8)
tonton frank shows [4c 8c] (Full of 8 and 7)
tonton frank collected 4645 from pot
*** SUMMARY ***
Total pot 4645 | No rake
Board: [7d 4d 8d 8s 7c]
Seat 3: tonton frank (small blind) showed [4c 8c] and won 4645 with Full of 8 and 7
Seat 5: papinou91 (big blind) showed [7s 5d] and lost with Full of 7 and 8


Winamax Poker - Tournament "Super Freeroll Stade 1" buyIn: 0€ + 0€ level: 3 - HandId: #2963707139966631937-10-1692460198 - Holdem no limit (20/40) - 2023/08/19 15:49:58 UTC
Table: 'Super Freeroll Stade 1(690041841)#0' 6-max (real money) Seat #1 is the button
Seat 1: P1xel7 (4355)
Seat 3: tonton frank (4645)
*** ANTE/BLINDS ***
P1xel7 posts small blind 20
tonton frank posts big blind 40
Dealt to P1xel7 [9h 9c]
*** PRE-FLOP *** 
P1xel7 raises 60 to 100
tonton frank calls 60
*** FLOP *** [3d Qc 7d]
tonton frank checks
P1xel7 bets 130
tonton frank folds
P1xel7 collected 330 from pot
*** SUMMARY ***
Total pot 330 | No rake
Board: [3d Qc 7d]
Seat 1: P1xel7 (small blind) (button) won 330


Winamax Poker - Tournament "Super Freeroll Stade 1" buyIn: 0€ + 0€ level: 3 - HandId: #2963707139966631937-11-1692460211 - Holdem no limit (20/40) - 2023/08/19 15:50:11 UTC
Table: 'Super Freeroll Stade 1(690041841)#0' 6-max (real money) Seat #3 is the button
Seat 1: P1xel7 (4455)
Seat 3: tonton frank (4545)
*** ANTE/BLINDS ***
tonton frank posts small blind 20
P1xel7 posts big blind 40
Dealt to P1xel7 [7d 6d]
*** PRE-FLOP *** 
tonton frank calls 20
P1xel7 raises 80 to 120
tonton frank calls 80
*** FLOP *** [5h Jh 3h]
P1xel7 bets 156
tonton frank folds
P1xel7 collected 396 from pot
*** SUMMARY ***
Total pot 396 | No rake
Board: [5h Jh 3h]
Seat 1: P1xel7 (big blind) won 396


Winamax Poker - Tournament "Super Freeroll Stade 1" buyIn: 0€ + 0€ level: 3 - HandId: #2963707139966631937-12-1692460222 - Holdem no limit (20/40) - 2023/08/19 15:50:22 UTC
Table: 'Super Freeroll Stade 1(690041841)#0' 6-max (real money) Seat #1 is the button
Seat 1: P1xel7 (4575)
Seat 3: tonton frank (4425)
*** ANTE/BLINDS ***
P1xel7 posts small blind 20
tonton frank posts big blind 40
Dealt to P1xel7 [8c Kh]
*** PRE-FLOP *** 
P1xel7 raises 80 to 120
tonton frank calls 80
*** FLOP *** [7s Qh 8h]
tonton frank checks
P1xel7 bets 120
tonton frank folds
P1xel7 collected 360 from pot
*** SUMMARY ***
Total pot 360 | No rake
Board: [7s Qh 8h]
Seat 1: P1xel7 (small blind) (button) won 360


Winamax Poker - Tournament "Super Freeroll Stade 1" buyIn: 0€ + 0€ level: 3 - HandId: #2963707139966631937-13-1692460236 - Holdem no limit (20/40) - 2023/08/19 15:50:36 UTC
Table: 'Super Freeroll Stade 1(690041841)#0' 6-max (real money) Seat #3 is the button
Seat 1: P1xel7 (4695)
Seat 3: tonton frank (4305)
*** ANTE/BLINDS ***
tonton frank posts small blind 20
P1xel7 posts big blind 40
Dealt to P1xel7 [8s Jd]
*** PRE-FLOP *** 
tonton frank calls 20
P1xel7 checks
*** FLOP *** [Js 5c 2d]
P1xel7 checks
tonton frank checks
*** TURN *** [Js 5c 2d][4d]
P1xel7 bets 64
tonton frank calls 64
*** RIVER *** [Js 5c 2d 4d][Qs]
P1xel7 bets 166
tonton frank folds
P1xel7 collected 374 from pot
*** SUMMARY ***
Total pot 374 | No rake
Board: [Js 5c 2d 4d Qs]
Seat 1: P1xel7 (big blind) won 374


Winamax Poker - Tournament "Super Freeroll Stade 1" buyIn: 0€ + 0€ level: 3 - HandId: #2963707139966631937-14-1692460249 - Holdem no limit (20/40) - 2023/08/19 15:50:49 UTC
Table: 'Super Freeroll Stade 1(690041841)#0' 6-max (real money) Seat #1 is the button
Seat 1: P1xel7 (4799)
Seat 3: tonton frank (4201)
*** ANTE/BLINDS ***
P1xel7 posts small blind 20
tonton frank posts big blind 40
Dealt to P1xel7 [9c 8c]
*** PRE-FLOP *** 
P1xel7 raises 80 to 120
tonton frank calls 80
*** FLOP *** [Jh 5c 9d]
tonton frank checks
P1xel7 bets 120
tonton frank folds
P1xel7 collected 360 from pot
*** SUMMARY ***
Total pot 360 | No rake
Board: [Jh 5c 9d]
Seat 1: P1xel7 (small blind) (button) won 360


Winamax Poker - Tournament "Super Freeroll Stade 1" buyIn: 0€ + 0€ level: 3 - HandId: #2963707139966631937-15-1692460262 - Holdem no limit (20/40) - 2023/08/19 15:51:02 UTC
Table: 'Super Freeroll Stade 1(690041841)#0' 6-max (real money) Seat #3 is the button
Seat 1: P1xel7 (4919)
Seat 3: tonton frank (4081)
*** ANTE/BLINDS ***
tonton frank posts small blind 20
P1xel7 posts big blind 40
Dealt to P1xel7 [Jc 2d]
*** PRE-FLOP *** 
tonton frank calls 20
P1xel7 checks
*** FLOP *** [Kd 4d Ac]
P1xel7 checks
tonton frank checks
*** TURN *** [Kd 4d Ac][Ad]
P1xel7 checks
tonton frank checks
*** RIVER *** [Kd 4d Ac Ad][3c]
P1xel7 bets 40
tonton frank folds
P1xel7 collected 120 from pot
*** SUMMARY ***
Total pot 120 | No rake
Board: [Kd 4d Ac Ad 3c]
Seat 1: P1xel7 (big blind) won 120


Winamax Poker - Tournament "Super Freeroll Stade 1" buyIn: 0€ + 0€ level: 3 - HandId: #2963707139966631937-16-1692460276 - Holdem no limit (20/40) - 2023/08/19 15:51:16 UTC
Table: 'Super Freeroll Stade 1(690041841)#0' 6-max (real money) Seat #1 is the button
Seat 1: P1xel7 (4959)
Seat 3: tonton frank (4041)
*** ANTE/BLINDS ***
P1xel7 posts small blind 20
tonton frank posts big blind 40
Dealt to P1xel7 [9c Kh]
*** PRE-FLOP *** 
P1xel7 raises 80 to 120
tonton frank calls 80
*** FLOP *** [5s Jd 7c]
tonton frank checks
P1xel7 bets 120
tonton frank calls 120
*** TURN *** [5s Jd 7c][As]
tonton frank checks
P1xel7 checks
*** RIVER *** [5s Jd 7c As][Jh]
tonton frank checks
P1xel7 checks
*** SHOW DOWN ***
P1xel7 shows [9c Kh] (One pair : Jacks)
tonton frank shows [8d 7s] (Two pairs : Jacks and 7)
tonton frank collected 480 from pot
*** SUMMARY ***
Total pot 480 | No rake
Board: [5s Jd 7c As Jh]
Seat 1: P1xel7 (small blind) (button) showed [9c Kh] and lost with One pair : Jacks
Seat 3: tonton frank (big blind) showed [8d 7s] and won 480 with Two pairs : Jacks and 7


Winamax Poker - Tournament "Super Freeroll Stade 1" buyIn: 0€ + 0€ level: 3 - HandId: #2963707139966631937-17-1692460294 - Holdem no limit (20/40) - 2023/08/19 15:51:34 UTC
Table: 'Super Freeroll Stade 1(690041841)#0' 6-max (real money) Seat #3 is the button
Seat 1: P1xel7 (4719)
Seat 3: tonton frank (4281)
*** ANTE/BLINDS ***
tonton frank posts small blind 20
P1xel7 posts big blind 40
Dealt to P1xel7 [9c Tc]
*** PRE-FLOP *** 
tonton frank calls 20
P1xel7 checks
*** FLOP *** [5h 3h Ts]
P1xel7 checks
tonton frank checks
*** TURN *** [5h 3h Ts][Qs]
P1xel7 bets 40
tonton frank calls 40
*** RIVER *** [5h 3h Ts Qs][7d]
P1xel7 checks
tonton frank checks
*** SHOW DOWN ***
tonton frank shows [Ah 3d] (One pair : 3)
P1xel7 shows [9c Tc] (One pair : Tens)
P1xel7 collected 160 from pot
*** SUMMARY ***
Total pot 160 | No rake
Board: [5h 3h Ts Qs 7d]
Seat 1: P1xel7 (big blind) showed [9c Tc] and won 160 with One pair : Tens
Seat 3: tonton frank (small blind) (button) showed [Ah 3d] and lost with One pair : 3


Winamax Poker - Tournament "Super Freeroll Stade 1" buyIn: 0€ + 0€ level: 3 - HandId: #2963707139966631937-18-1692460308 - Holdem no limit (20/40) - 2023/08/19 15:51:48 UTC
Table: 'Super Freeroll Stade 1(690041841)#0' 6-max (real money) Seat #1 is the button
Seat 1: P1xel7 (4799)
Seat 3: tonton frank (4201)
*** ANTE/BLINDS ***
P1xel7 posts small blind 20
tonton frank posts big blind 40
Dealt to P1xel7 [Jh Ac]
*** PRE-FLOP *** 
P1xel7 raises 80 to 120
tonton frank calls 80
*** FLOP *** [9c 4s 6c]
tonton frank checks
P1xel7 bets 120
tonton frank folds
P1xel7 collected 360 from pot
*** SUMMARY ***
Total pot 360 | No rake
Board: [9c 4s 6c]
Seat 1: P1xel7 (small blind) (button) won 360


Winamax Poker - Tournament "Super Freeroll Stade 1" buyIn: 0€ + 0€ level: 3 - HandId: #2963707139966631937-19-1692460319 - Holdem no limit (20/40) - 2023/08/19 15:51:59 UTC
Table: 'Super Freeroll Stade 1(690041841)#0' 6-max (real money) Seat #3 is the button
Seat 1: P1xel7 (4919)
Seat 3: tonton frank (4081)
*** ANTE/BLINDS ***
tonton frank posts small blind 20
P1xel7 posts big blind 40
Dealt to P1xel7 [Kd Ah]
*** PRE-FLOP *** 
tonton frank calls 20
P1xel7 raises 160 to 200
tonton frank folds
P1xel7 collected 240 from pot
*** SUMMARY ***
Total pot 240 | No rake
Seat 1: P1xel7 (big blind) won 240


Winamax Poker - Tournament "Super Freeroll Stade 1" buyIn: 0€ + 0€ level: 4 - HandId: #2963707139966631937-20-1692460331 - Holdem no limit (30/60) - 2023/08/19 15:52:11 UTC
Table: 'Super Freeroll Stade 1(690041841)#0' 6-max (real money) Seat #1 is the button
Seat 1: P1xel7 (4959)
Seat 3: tonton frank (4041)
*** ANTE/BLINDS ***
P1xel7 posts small blind 30
tonton frank posts big blind 60
Dealt to P1xel7 [9h Ac]
*** PRE-FLOP *** 
P1xel7 raises 180 to 240
tonton frank calls 180
*** FLOP *** [4d 6s 8c]
tonton frank checks
P1xel7 bets 168
tonton frank calls 168
*** TURN *** [4d 6s 8c][8h]
tonton frank checks
P1xel7 checks
*** RIVER *** [4d 6s 8c 8h][Tc]
tonton frank checks
P1xel7 checks
*** SHOW DOWN ***
tonton frank shows [3s 2d] (One pair : 8)
P1xel7 shows [9h Ac] (One pair : 8)
P1xel7 collected 816 from pot
*** SUMMARY ***
Total pot 816 | No rake
Board: [4d 6s 8c 8h Tc]
Seat 1: P1xel7 (small blind) (button) showed [9h Ac] and won 816 with One pair : 8
Seat 3: tonton frank (big blind) showed [3s 2d] and lost with One pair : 8


Winamax Poker - Tournament "Super Freeroll Stade 1" buyIn: 0€ + 0€ level: 4 - HandId: #2963707139966631937-21-1692460348 - Holdem no limit (30/60) - 2023/08/19 15:52:28 UTC
Table: 'Super Freeroll Stade 1(690041841)#0' 6-max (real money) Seat #3 is the button
Seat 1: P1xel7 (5367)
Seat 3: tonton frank (3633)
*** ANTE/BLINDS ***
tonton frank posts small blind 30
P1xel7 posts big blind 60
Dealt to P1xel7 [7s Td]
*** PRE-FLOP *** 
tonton frank calls 30
P1xel7 checks
*** FLOP *** [3c 8d 7d]
P1xel7 checks
tonton frank checks
*** TURN *** [3c 8d 7d][Tc]
P1xel7 checks
tonton frank checks
*** RIVER *** [3c 8d 7d Tc][5s]
P1xel7 bets 300
tonton frank calls 300
*** SHOW DOWN ***
tonton frank shows [Qs 5h] (One pair : 5)
P1xel7 shows [7s Td] (Two pairs : Tens and 7)
P1xel7 collected 720 from pot
*** SUMMARY ***
Total pot 720 | No rake
Board: [3c 8d 7d Tc 5s]
Seat 1: P1xel7 (big blind) showed [7s Td] and won 720 with Two pairs : Tens and 7
Seat 3: tonton frank (small blind) (button) showed [Qs 5h] and lost with One pair : 5


Winamax Poker - Tournament "Super Freeroll Stade 1" buyIn: 0€ + 0€ level: 4 - HandId: #2963707139966631937-22-1692460371 - Holdem no limit (30/60) - 2023/08/19 15:52:51 UTC
Table: 'Super Freeroll Stade 1(690041841)#0' 6-max (real money) Seat #1 is the button
Seat 1: P1xel7 (5727)
Seat 3: tonton frank (3273)
*** ANTE/BLINDS ***
P1xel7 posts small blind 30
tonton frank posts big blind 60
Dealt to P1xel7 [3d 8d]
*** PRE-FLOP *** 
P1xel7 folds
tonton frank collected 90 from pot
*** SUMMARY ***
Total pot 90 | No rake
Seat 3: tonton frank (big blind) won 90


Winamax Poker - Tournament "Super Freeroll Stade 1" buyIn: 0€ + 0€ level: 4 - HandId: #2963707139966631937-23-1692460375 - Holdem no limit (30/60) - 2023/08/19 15:52:55 UTC
Table: 'Super Freeroll Stade 1(690041841)#0' 6-max (real money) Seat #3 is the button
Seat 1: P1xel7 (5697)
Seat 3: tonton frank (3303)
*** ANTE/BLINDS ***
tonton frank posts small blind 30
P1xel7 posts big blind 60
Dealt to P1xel7 [3d 5h]
*** PRE-FLOP *** 
tonton frank calls 30
P1xel7 checks
*** FLOP *** [6s 8h Qs]
P1xel7 checks
tonton frank checks
*** TURN *** [6s 8h Qs][Ah]
P1xel7 bets 78
tonton frank folds
P1xel7 collected 198 from pot
*** SUMMARY ***
Total pot 198 | No rake
Board: [6s 8h Qs Ah]
Seat 1: P1xel7 (big blind) won 198


Winamax Poker - Tournament "Super Freeroll Stade 1" buyIn: 0€ + 0€ level: 4 - HandId: #2963707139966631937-24-1692460388 - Holdem no limit (30/60) - 2023/08/19 15:53:08 UTC
Table: 'Super Freeroll Stade 1(690041841)#0' 6-max (real money) Seat #1 is the button
Seat 1: P1xel7 (5757)
Seat 3: tonton frank (3243)
*** ANTE/BLINDS ***
P1xel7 posts small blind 30
tonton frank posts big blind 60
Dealt to P1xel7 [9d Qh]
*** PRE-FLOP *** 
P1xel7 raises 120 to 180
tonton frank calls 120
*** FLOP *** [6d 3c Ks]
tonton frank checks
P1xel7 bets 180
tonton frank folds
P1xel7 collected 540 from pot
*** SUMMARY ***
Total pot 540 | No rake
Board: [6d 3c Ks]
Seat 1: P1xel7 (small blind) (button) won 540


Winamax Poker - Tournament "Super Freeroll Stade 1" buyIn: 0€ + 0€ level: 4 - HandId: #2963707139966631937-25-1692460401 - Holdem no limit (30/60) - 2023/08/19 15:53:21 UTC
Table: 'Super Freeroll Stade 1(690041841)#0' 6-max (real money) Seat #3 is the button
Seat 1: P1xel7 (5937)
Seat 3: tonton frank (3063)
*** ANTE/BLINDS ***
tonton frank posts small blind 30
P1xel7 posts big blind 60
Dealt to P1xel7 [8c Th]
*** PRE-FLOP *** 
tonton frank calls 30
P1xel7 checks
*** FLOP *** [2c 9c Td]
P1xel7 checks
tonton frank checks
*** TURN *** [2c 9c Td][9h]
P1xel7 bets 78
tonton frank folds
P1xel7 collected 198 from pot
*** SUMMARY ***
Total pot 198 | No rake
Board: [2c 9c Td 9h]
Seat 1: P1xel7 (big blind) won 198


Winamax Poker - Tournament "Super Freeroll Stade 1" buyIn: 0€ + 0€ level: 4 - HandId: #2963707139966631937-26-1692460413 - Holdem no limit (30/60) - 2023/08/19 15:53:33 UTC
Table: 'Super Freeroll Stade 1(690041841)#0' 6-max (real money) Seat #1 is the button
Seat 1: P1xel7 (5997)
Seat 3: tonton frank (3003)
*** ANTE/BLINDS ***
P1xel7 posts small blind 30
tonton frank posts big blind 60
Dealt to P1xel7 [6h 5s]
*** PRE-FLOP *** 
P1xel7 folds
tonton frank collected 90 from pot
*** SUMMARY ***
Total pot 90 | No rake
Seat 3: tonton frank (big blind) won 90


Winamax Poker - Tournament "Super Freeroll Stade 1" buyIn: 0€ + 0€ level: 4 - HandId: #2963707139966631937-27-1692460417 - Holdem no limit (30/60) - 2023/08/19 15:53:37 UTC
Table: 'Super Freeroll Stade 1(690041841)#0' 6-max (real money) Seat #3 is the button
Seat 1: P1xel7 (5967)
Seat 3: tonton frank (3033)
*** ANTE/BLINDS ***
tonton frank posts small blind 30
P1xel7 posts big blind 60
Dealt to P1xel7 [9h Jh]
*** PRE-FLOP *** 
tonton frank calls 30
P1xel7 raises 180 to 240
tonton frank calls 180
*** FLOP *** [8d Js 2s]
P1xel7 bets 300
tonton frank calls 300
*** TURN *** [8d Js 2s][Td]
P1xel7 bets 240
tonton frank folds
P1xel7 collected 1320 from pot
*** SUMMARY ***
Total pot 1320 | No rake
Board: [8d Js 2s Td]
Seat 1: P1xel7 (big blind) won 1320


Winamax Poker - Tournament "Super Freeroll Stade 1" buyIn: 0€ + 0€ level: 4 - HandId: #2963707139966631937-28-1692460433 - Holdem no limit (30/60) - 2023/08/19 15:53:53 UTC
Table: 'Super Freeroll Stade 1(690041841)#0' 6-max (real money) Seat #1 is the button
Seat 1: P1xel7 (6507)
Seat 3: tonton frank (2493)
*** ANTE/BLINDS ***
P1xel7 posts small blind 30
tonton frank posts big blind 60
Dealt to P1xel7 [7s Jc]
*** PRE-FLOP *** 
P1xel7 folds
tonton frank collected 90 from pot
*** SUMMARY ***
Total pot 90 | No rake
Seat 3: tonton frank (big blind) won 90


Winamax Poker - Tournament "Super Freeroll Stade 1" buyIn: 0€ + 0€ level: 4 - HandId: #2963707139966631937-29-1692460438 - Holdem no limit (30/60) - 2023/08/19 15:53:58 UTC
Table: 'Super Freeroll Stade 1(690041841)#0' 6-max (real money) Seat #3 is the button
Seat 1: P1xel7 (6477)
Seat 3: tonton frank (2523)
*** ANTE/BLINDS ***
tonton frank posts small blind 30
P1xel7 posts big blind 60
Dealt to P1xel7 [Qd 5h]
*** PRE-FLOP *** 
tonton frank raises 60 to 120
P1xel7 folds
tonton frank collected 180 from pot
*** SUMMARY ***
Total pot 180 | No rake
Seat 3: tonton frank (small blind) (button) won 180


Winamax Poker - Tournament "Super Freeroll Stade 1" buyIn: 0€ + 0€ level: 4 - HandId: #2963707139966631937-30-1692460444 - Holdem no limit (30/60) - 2023/08/19 15:54:04 UTC
Table: 'Super Freeroll Stade 1(690041841)#0' 6-max (real money) Seat #1 is the button
Seat 1: P1xel7 (6417)
Seat 3: tonton frank (2583)
*** ANTE/BLINDS ***
P1xel7 posts small blind 30
tonton frank posts big blind 60
Dealt to P1xel7 [4c Th]
*** PRE-FLOP *** 
P1xel7 folds
tonton frank collected 90 from pot
*** SUMMARY ***
Total pot 90 | No rake
Seat 3: tonton frank (big blind) won 90


Winamax Poker - Tournament "Super Freeroll Stade 1" buyIn: 0€ + 0€ level: 4 - HandId: #2963707139966631937-31-1692460448 - Holdem no limit (30/60) - 2023/08/19 15:54:08 UTC
Table: 'Super Freeroll Stade 1(690041841)#0' 6-max (real money) Seat #3 is the button
Seat 1: P1xel7 (6387)
Seat 3: tonton frank (2613)
*** ANTE/BLINDS ***
tonton frank posts small blind 30
P1xel7 posts big blind 60
Dealt to P1xel7 [5c 5h]
*** PRE-FLOP *** 
tonton frank calls 30
P1xel7 raises 120 to 180
tonton frank calls 120
*** FLOP *** [Tc Js 6c]
P1xel7 bets 234
tonton frank folds
P1xel7 collected 594 from pot
*** SUMMARY ***
Total pot 594 | No rake
Board: [Tc Js 6c]
Seat 1: P1xel7 (big blind) won 594


Winamax Poker - Tournament "Super Freeroll Stade 1" buyIn: 0€ + 0€ level: 4 - HandId: #2963707139966631937-32-1692460460 - Holdem no limit (30/60) - 2023/08/19 15:54:20 UTC
Table: 'Super Freeroll Stade 1(690041841)#0' 6-max (real money) Seat #1 is the button
Seat 1: P1xel7 (6567)
Seat 3: tonton frank (2433)
*** ANTE/BLINDS ***
P1xel7 posts small blind 30
tonton frank posts big blind 60
Dealt to P1xel7 [4h 8c]
*** PRE-FLOP *** 
P1xel7 folds
tonton frank collected 90 from pot
*** SUMMARY ***
Total pot 90 | No rake
Seat 3: tonton frank (big blind) won 90


Winamax Poker - Tournament "Super Freeroll Stade 1" buyIn: 0€ + 0€ level: 4 - HandId: #2963707139966631937-33-1692460464 - Holdem no limit (30/60) - 2023/08/19 15:54:24 UTC
Table: 'Super Freeroll Stade 1(690041841)#0' 6-max (real money) Seat #3 is the button
Seat 1: P1xel7 (6537)
Seat 3: tonton frank (2463)
*** ANTE/BLINDS ***
tonton frank posts small blind 30
P1xel7 posts big blind 60
Dealt to P1xel7 [7d 5c]
*** PRE-FLOP *** 
tonton frank raises 60 to 120
P1xel7 folds
tonton frank collected 180 from pot
*** SUMMARY ***
Total pot 180 | No rake
Seat 3: tonton frank (small blind) (button) won 180


Winamax Poker - Tournament "Super Freeroll Stade 1" buyIn: 0€ + 0€ level: 4 - HandId: #2963707139966631937-34-1692460470 - Holdem no limit (30/60) - 2023/08/19 15:54:30 UTC
Table: 'Super Freeroll Stade 1(690041841)#0' 6-max (real money) Seat #1 is the button
Seat 1: P1xel7 (6477)
Seat 3: tonton frank (2523)
*** ANTE/BLINDS ***
P1xel7 posts small blind 30
tonton frank posts big blind 60
Dealt to P1xel7 [Ah Ad]
*** PRE-FLOP *** 
P1xel7 raises 120 to 180
tonton frank calls 120
*** FLOP *** [Jd 2h Kh]
tonton frank checks
P1xel7 bets 126
tonton frank folds
P1xel7 collected 486 from pot
*** SUMMARY ***
Total pot 486 | No rake
Board: [Jd 2h Kh]
Seat 1: P1xel7 (small blind) (button) won 486


Winamax Poker - Tournament "Super Freeroll Stade 1" buyIn: 0€ + 0€ level: 4 - HandId: #2963707139966631937-35-1692460482 - Holdem no limit (30/60) - 2023/08/19 15:54:42 UTC
Table: 'Super Freeroll Stade 1(690041841)#0' 6-max (real money) Seat #3 is the button
Seat 1: P1xel7 (6657)
Seat 3: tonton frank (2343)
*** ANTE/BLINDS ***
tonton frank posts small blind 30
P1xel7 posts big blind 60
Dealt to P1xel7 [2h 2d]
*** PRE-FLOP *** 
tonton frank raises 120 to 180
P1xel7 folds
tonton frank collected 240 from pot
*** SUMMARY ***
Total pot 240 | No rake
Seat 3: tonton frank (small blind) (button) won 240


Winamax Poker - Tournament "Super Freeroll Stade 1" buyIn: 0€ + 0€ level: 4 - HandId: #2963707139966631937-36-1692460487 - Holdem no limit (30/60) - 2023/08/19 15:54:47 UTC
Table: 'Super Freeroll Stade 1(690041841)#0' 6-max (real money) Seat #1 is the button
Seat 1: P1xel7 (6597)
Seat 3: tonton frank (2403)
*** ANTE/BLINDS ***
P1xel7 posts small blind 30
tonton frank posts big blind 60
Dealt to P1xel7 [9h Ah]
*** PRE-FLOP *** 
P1xel7 raises 120 to 180
tonton frank raises 120 to 300
P1xel7 calls 120
*** FLOP *** [Kh 9c 3c]
tonton frank bets 2103 and is all-in
P1xel7 folds
tonton frank collected 2703 from pot
*** SUMMARY ***
Total pot 2703 | No rake
Board: [Kh 9c 3c]
Seat 3: tonton frank (big blind) won 2703


Winamax Poker - Tournament "Super Freeroll Stade 1" buyIn: 0€ + 0€ level: 4 - HandId: #2963707139966631937-37-1692460498 - Holdem no limit (30/60) - 2023/08/19 15:54:58 UTC
Table: 'Super Freeroll Stade 1(690041841)#0' 6-max (real money) Seat #3 is the button
Seat 1: P1xel7 (6297)
Seat 3: tonton frank (2703)
*** ANTE/BLINDS ***
tonton frank posts small blind 30
P1xel7 posts big blind 60
Dealt to P1xel7 [As 7c]
*** PRE-FLOP *** 
tonton frank raises 60 to 120
P1xel7 calls 60
*** FLOP *** [Tc 6c 7s]
P1xel7 checks
tonton frank bets 240
P1xel7 calls 240
*** TURN *** [Tc 6c 7s][8c]
P1xel7 checks
tonton frank bets 720
P1xel7 folds
tonton frank collected 1440 from pot
*** SUMMARY ***
Total pot 1440 | No rake
Board: [Tc 6c 7s 8c]
Seat 3: tonton frank (small blind) (button) won 1440


Winamax Poker - Tournament "Super Freeroll Stade 1" buyIn: 0€ + 0€ level: 5 - HandId: #2963707139966631937-38-1692460530 - Holdem no limit (40/80) - 2023/08/19 15:55:30 UTC
Table: 'Super Freeroll Stade 1(690041841)#0' 6-max (real money) Seat #1 is the button
Seat 1: P1xel7 (5937)
Seat 3: tonton frank (3063)
*** ANTE/BLINDS ***
P1xel7 posts small blind 40
tonton frank posts big blind 80
Dealt to P1xel7 [5d 6h]
*** PRE-FLOP *** 
P1xel7 folds
tonton frank collected 120 from pot
*** SUMMARY ***
Total pot 120 | No rake
Seat 3: tonton frank (big blind) won 120


Winamax Poker - Tournament "Super Freeroll Stade 1" buyIn: 0€ + 0€ level: 5 - HandId: #2963707139966631937-39-1692460534 - Holdem no limit (40/80) - 2023/08/19 15:55:34 UTC
Table: 'Super Freeroll Stade 1(690041841)#0' 6-max (real money) Seat #3 is the button
Seat 1: P1xel7 (5897)
Seat 3: tonton frank (3103)
*** ANTE/BLINDS ***
tonton frank posts small blind 40
P1xel7 posts big blind 80
Dealt to P1xel7 [7h 7d]
*** PRE-FLOP *** 
tonton frank folds
P1xel7 collected 120 from pot
*** SUMMARY ***
Total pot 120 | No rake
Seat 1: P1xel7 (big blind) won 120


Winamax Poker - Tournament "Super Freeroll Stade 1" buyIn: 0€ + 0€ level: 5 - HandId: #2963707139966631937-40-1692460538 - Holdem no limit (40/80) - 2023/08/19 15:55:38 UTC
Table: 'Super Freeroll Stade 1(690041841)#0' 6-max (real money) Seat #1 is the button
Seat 1: P1xel7 (5937)
Seat 3: tonton frank (3063)
*** ANTE/BLINDS ***
P1xel7 posts small blind 40
tonton frank posts big blind 80
Dealt to P1xel7 [2d 4c]
*** PRE-FLOP *** 
P1xel7 folds
tonton frank collected 120 from pot
*** SUMMARY ***
Total pot 120 | No rake
Seat 3: tonton frank (big blind) won 120


Winamax Poker - Tournament "Super Freeroll Stade 1" buyIn: 0€ + 0€ level: 5 - HandId: #2963707139966631937-41-1692460541 - Holdem no limit (40/80) - 2023/08/19 15:55:41 UTC
Table: 'Super Freeroll Stade 1(690041841)#0' 6-max (real money) Seat #3 is the button
Seat 1: P1xel7 (5897)
Seat 3: tonton frank (3103)
*** ANTE/BLINDS ***
tonton frank posts small blind 40
P1xel7 posts big blind 80
Dealt to P1xel7 [6d Jd]
*** PRE-FLOP *** 
tonton frank folds
P1xel7 collected 120 from pot
*** SUMMARY ***
Total pot 120 | No rake
Seat 1: P1xel7 (big blind) won 120


Winamax Poker - Tournament "Super Freeroll Stade 1" buyIn: 0€ + 0€ level: 5 - HandId: #2963707139966631937-42-1692460546 - Holdem no limit (40/80) - 2023/08/19 15:55:46 UTC
Table: 'Super Freeroll Stade 1(690041841)#0' 6-max (real money) Seat #1 is the button
Seat 1: P1xel7 (5937)
Seat 3: tonton frank (3063)
*** ANTE/BLINDS ***
P1xel7 posts small blind 40
tonton frank posts big blind 80
Dealt to P1xel7 [Jc Kh]
*** PRE-FLOP *** 
P1xel7 raises 160 to 240
tonton frank folds
P1xel7 collected 320 from pot
*** SUMMARY ***
Total pot 320 | No rake
Seat 1: P1xel7 (small blind) (button) won 320


Winamax Poker - Tournament "Super Freeroll Stade 1" buyIn: 0€ + 0€ level: 5 - HandId: #2963707139966631937-43-1692460552 - Holdem no limit (40/80) - 2023/08/19 15:55:52 UTC
Table: 'Super Freeroll Stade 1(690041841)#0' 6-max (real money) Seat #3 is the button
Seat 1: P1xel7 (6017)
Seat 3: tonton frank (2983)
*** ANTE/BLINDS ***
tonton frank posts small blind 40
P1xel7 posts big blind 80
Dealt to P1xel7 [7c Th]
*** PRE-FLOP *** 
tonton frank folds
P1xel7 collected 120 from pot
*** SUMMARY ***
Total pot 120 | No rake
Seat 1: P1xel7 (big blind) won 120


Winamax Poker - Tournament "Super Freeroll Stade 1" buyIn: 0€ + 0€ level: 5 - HandId: #2963707139966631937-44-1692460557 - Holdem no limit (40/80) - 2023/08/19 15:55:57 UTC
Table: 'Super Freeroll Stade 1(690041841)#0' 6-max (real money) Seat #1 is the button
Seat 1: P1xel7 (6057)
Seat 3: tonton frank (2943)
*** ANTE/BLINDS ***
P1xel7 posts small blind 40
tonton frank posts big blind 80
Dealt to P1xel7 [2c 9s]
*** PRE-FLOP *** 
P1xel7 folds
tonton frank collected 120 from pot
*** SUMMARY ***
Total pot 120 | No rake
Seat 3: tonton frank (big blind) won 120


Winamax Poker - Tournament "Super Freeroll Stade 1" buyIn: 0€ + 0€ level: 5 - HandId: #2963707139966631937-45-1692460561 - Holdem no limit (40/80) - 2023/08/19 15:56:01 UTC
Table: 'Super Freeroll Stade 1(690041841)#0' 6-max (real money) Seat #3 is the button
Seat 1: P1xel7 (6017)
Seat 3: tonton frank (2983)
*** ANTE/BLINDS ***
tonton frank posts small blind 40
P1xel7 posts big blind 80
Dealt to P1xel7 [2s 6s]
*** PRE-FLOP *** 
tonton frank calls 40
P1xel7 checks
*** FLOP *** [As 9c Kd]
P1xel7 checks
tonton frank bets 80
P1xel7 folds
tonton frank collected 240 from pot
*** SUMMARY ***
Total pot 240 | No rake
Board: [As 9c Kd]
Seat 3: tonton frank (small blind) (button) won 240


Winamax Poker - Tournament "Super Freeroll Stade 1" buyIn: 0€ + 0€ level: 5 - HandId: #2963707139966631937-46-1692460569 - Holdem no limit (40/80) - 2023/08/19 15:56:09 UTC
Table: 'Super Freeroll Stade 1(690041841)#0' 6-max (real money) Seat #1 is the button
Seat 1: P1xel7 (5937)
Seat 3: tonton frank (3063)
*** ANTE/BLINDS ***
P1xel7 posts small blind 40
tonton frank posts big blind 80
Dealt to P1xel7 [2h Ad]
*** PRE-FLOP *** 
P1xel7 folds
tonton frank collected 120 from pot
*** SUMMARY ***
Total pot 120 | No rake
Seat 3: tonton frank (big blind) won 120


Winamax Poker - Tournament "Super Freeroll Stade 1" buyIn: 0€ + 0€ level: 5 - HandId: #2963707139966631937-47-1692460573 - Holdem no limit (40/80) - 2023/08/19 15:56:13 UTC
Table: 'Super Freeroll Stade 1(690041841)#0' 6-max (real money) Seat #3 is the button
Seat 1: P1xel7 (5897)
Seat 3: tonton frank (3103)
*** ANTE/BLINDS ***
tonton frank posts small blind 40
P1xel7 posts big blind 80
Dealt to P1xel7 [8s 4d]
*** PRE-FLOP *** 
tonton frank calls 40
P1xel7 checks
*** FLOP *** [Jc 3d 5s]
P1xel7 checks
tonton frank checks
*** TURN *** [Jc 3d 5s][6d]
P1xel7 checks
tonton frank checks
*** RIVER *** [Jc 3d 5s 6d][7d]
P1xel7 bets 400
tonton frank folds
P1xel7 collected 560 from pot
*** SUMMARY ***
Total pot 560 | No rake
Board: [Jc 3d 5s 6d 7d]
Seat 1: P1xel7 (big blind) won 560


Winamax Poker - Tournament "Super Freeroll Stade 1" buyIn: 0€ + 0€ level: 5 - HandId: #2963707139966631937-48-1692460588 - Holdem no limit (40/80) - 2023/08/19 15:56:28 UTC
Table: 'Super Freeroll Stade 1(690041841)#0' 6-max (real money) Seat #1 is the button
Seat 1: P1xel7 (5977)
Seat 3: tonton frank (3023)
*** ANTE/BLINDS ***
P1xel7 posts small blind 40
tonton frank posts big blind 80
Dealt to P1xel7 [7s 5c]
*** PRE-FLOP *** 
P1xel7 folds
tonton frank collected 120 from pot
*** SUMMARY ***
Total pot 120 | No rake
Seat 3: tonton frank (big blind) won 120


Winamax Poker - Tournament "Super Freeroll Stade 1" buyIn: 0€ + 0€ level: 5 - HandId: #2963707139966631937-49-1692460592 - Holdem no limit (40/80) - 2023/08/19 15:56:32 UTC
Table: 'Super Freeroll Stade 1(690041841)#0' 6-max (real money) Seat #3 is the button
Seat 1: P1xel7 (5937)
Seat 3: tonton frank (3063)
*** ANTE/BLINDS ***
tonton frank posts small blind 40
P1xel7 posts big blind 80
Dealt to P1xel7 [9c 3c]
*** PRE-FLOP *** 
tonton frank calls 40
P1xel7 checks
*** FLOP *** [Ks 2c 8h]
P1xel7 checks
tonton frank bets 80
P1xel7 calls 80
*** TURN *** [Ks 2c 8h][Qh]
P1xel7 checks
tonton frank bets 80
P1xel7 folds
tonton frank collected 400 from pot
*** SUMMARY ***
Total pot 400 | No rake
Board: [Ks 2c 8h Qh]
Seat 3: tonton frank (small blind) (button) won 400


Winamax Poker - Tournament "Super Freeroll Stade 1" buyIn: 0€ + 0€ level: 5 - HandId: #2963707139966631937-50-1692460602 - Holdem no limit (40/80) - 2023/08/19 15:56:42 UTC
Table: 'Super Freeroll Stade 1(690041841)#0' 6-max (real money) Seat #1 is the button
Seat 1: P1xel7 (5777)
Seat 3: tonton frank (3223)
*** ANTE/BLINDS ***
P1xel7 posts small blind 40
tonton frank posts big blind 80
Dealt to P1xel7 [8s 6c]
*** PRE-FLOP *** 
P1xel7 folds
tonton frank collected 120 from pot
*** SUMMARY ***
Total pot 120 | No rake
Seat 3: tonton frank (big blind) won 120


Winamax Poker - Tournament "Super Freeroll Stade 1" buyIn: 0€ + 0€ level: 5 - HandId: #2963707139966631937-51-1692460607 - Holdem no limit (40/80) - 2023/08/19 15:56:47 UTC
Table: 'Super Freeroll Stade 1(690041841)#0' 6-max (real money) Seat #3 is the button
Seat 1: P1xel7 (5737)
Seat 3: tonton frank (3263)
*** ANTE/BLINDS ***
tonton frank posts small blind 40
P1xel7 posts big blind 80
Dealt to P1xel7 [7s Th]
*** PRE-FLOP *** 
tonton frank calls 40
P1xel7 checks
*** FLOP *** [4d 7c 5s]
P1xel7 checks
tonton frank checks
*** TURN *** [4d 7c 5s][Td]
P1xel7 bets 104
tonton frank calls 104
*** RIVER *** [4d 7c 5s Td][Jh]
P1xel7 bets 400
tonton frank calls 400
*** SHOW DOWN ***
tonton frank shows [Tc Kh] (One pair : Tens)
P1xel7 shows [7s Th] (Two pairs : Tens and 7)
P1xel7 collected 1168 from pot
*** SUMMARY ***
Total pot 1168 | No rake
Board: [4d 7c 5s Td Jh]
Seat 1: P1xel7 (big blind) showed [7s Th] and won 1168 with Two pairs : Tens and 7
Seat 3: tonton frank (small blind) (button) showed [Tc Kh] and lost with One pair : Tens


Winamax Poker - Tournament "Super Freeroll Stade 1" buyIn: 0€ + 0€ level: 5 - HandId: #2963707139966631937-52-1692460630 - Holdem no limit (40/80) - 2023/08/19 15:57:10 UTC
Table: 'Super Freeroll Stade 1(690041841)#0' 6-max (real money) Seat #1 is the button
Seat 1: P1xel7 (6321)
Seat 3: tonton frank (2679)
*** ANTE/BLINDS ***
P1xel7 posts small blind 40
tonton frank posts big blind 80
Dealt to P1xel7 [Jh 7d]
*** PRE-FLOP *** 
P1xel7 folds
tonton frank collected 120 from pot
*** SUMMARY ***
Total pot 120 | No rake
Seat 3: tonton frank (big blind) won 120


Winamax Poker - Tournament "Super Freeroll Stade 1" buyIn: 0€ + 0€ level: 5 - HandId: #2963707139966631937-53-1692460634 - Holdem no limit (40/80) - 2023/08/19 15:57:14 UTC
Table: 'Super Freeroll Stade 1(690041841)#0' 6-max (real money) Seat #3 is the button
Seat 1: P1xel7 (6281)
Seat 3: tonton frank (2719)
*** ANTE/BLINDS ***
tonton frank posts small blind 40
P1xel7 posts big blind 80
Dealt to P1xel7 [Qh 5s]
*** PRE-FLOP *** 
tonton frank calls 40
P1xel7 checks
*** FLOP *** [4d 3h Kc]
P1xel7 checks
tonton frank checks
*** TURN *** [4d 3h Kc][4c]
P1xel7 checks
tonton frank checks
*** RIVER *** [4d 3h Kc 4c][2c]
P1xel7 bets 104
tonton frank folds
P1xel7 collected 264 from pot
*** SUMMARY ***
Total pot 264 | No rake
Board: [4d 3h Kc 4c 2c]
Seat 1: P1xel7 (big blind) won 264


Winamax Poker - Tournament "Super Freeroll Stade 1" buyIn: 0€ + 0€ level: 5 - HandId: #2963707139966631937-54-1692460647 - Holdem no limit (40/80) - 2023/08/19 15:57:27 UTC
Table: 'Super Freeroll Stade 1(690041841)#0' 6-max (real money) Seat #1 is the button
Seat 1: P1xel7 (6361)
Seat 3: tonton frank (2639)
*** ANTE/BLINDS ***
P1xel7 posts small blind 40
tonton frank posts big blind 80
Dealt to P1xel7 [3h 2h]
*** PRE-FLOP *** 
P1xel7 folds
tonton frank collected 120 from pot
*** SUMMARY ***
Total pot 120 | No rake
Seat 3: tonton frank (big blind) won 120


Winamax Poker - Tournament "Super Freeroll Stade 1" buyIn: 0€ + 0€ level: 5 - HandId: #2963707139966631937-55-1692460651 - Holdem no limit (40/80) - 2023/08/19 15:57:31 UTC
Table: 'Super Freeroll Stade 1(690041841)#0' 6-max (real money) Seat #3 is the button
Seat 1: P1xel7 (6321)
Seat 3: tonton frank (2679)
*** ANTE/BLINDS ***
tonton frank posts small blind 40
P1xel7 posts big blind 80
Dealt to P1xel7 [Kh Jc]
*** PRE-FLOP *** 
tonton frank calls 40
P1xel7 raises 160 to 240
tonton frank calls 160
*** FLOP *** [9c 7c 7s]
P1xel7 bets 240
tonton frank folds
P1xel7 collected 720 from pot
*** SUMMARY ***
Total pot 720 | No rake
Board: [9c 7c 7s]
Seat 1: P1xel7 (big blind) won 720


Winamax Poker - Tournament "Super Freeroll Stade 1" buyIn: 0€ + 0€ level: 5 - HandId: #2963707139966631937-56-1692460666 - Holdem no limit (40/80) - 2023/08/19 15:57:46 UTC
Table: 'Super Freeroll Stade 1(690041841)#0' 6-max (real money) Seat #1 is the button
Seat 1: P1xel7 (6561)
Seat 3: tonton frank (2439)
*** ANTE/BLINDS ***
P1xel7 posts small blind 40
tonton frank posts big blind 80
Dealt to P1xel7 [4c 8d]
*** PRE-FLOP *** 
P1xel7 folds
tonton frank collected 120 from pot
*** SUMMARY ***
Total pot 120 | No rake
Seat 3: tonton frank (big blind) won 120


Winamax Poker - Tournament "Super Freeroll Stade 1" buyIn: 0€ + 0€ level: 5 - HandId: #2963707139966631937-57-1692460670 - Holdem no limit (40/80) - 2023/08/19 15:57:50 UTC
Table: 'Super Freeroll Stade 1(690041841)#0' 6-max (real money) Seat #3 is the button
Seat 1: P1xel7 (6521)
Seat 3: tonton frank (2479)
*** ANTE/BLINDS ***
tonton frank posts small blind 40
P1xel7 posts big blind 80
Dealt to P1xel7 [2c Ks]
*** PRE-FLOP *** 
tonton frank calls 40
P1xel7 checks
*** FLOP *** [Kh 9c As]
P1xel7 bets 104
tonton frank calls 104
*** TURN *** [Kh 9c As][7h]
P1xel7 checks
tonton frank checks
*** RIVER *** [Kh 9c As 7h][Kd]
P1xel7 bets 400
tonton frank folds
P1xel7 collected 768 from pot
*** SUMMARY ***
Total pot 768 | No rake
Board: [Kh 9c As 7h Kd]
Seat 1: P1xel7 (big blind) won 768


Winamax Poker - Tournament "Super Freeroll Stade 1" buyIn: 0€ + 0€ level: 6 - HandId: #2963707139966631937-58-1692460686 - Holdem no limit (60/120) - 2023/08/19 15:58:06 UTC
Table: 'Super Freeroll Stade 1(690041841)#0' 6-max (real money) Seat #1 is the button
Seat 1: P1xel7 (6705)
Seat 3: tonton frank (2295)
*** ANTE/BLINDS ***
P1xel7 posts small blind 60
tonton frank posts big blind 120
Dealt to P1xel7 [2d 5s]
*** PRE-FLOP *** 
P1xel7 folds
tonton frank collected 180 from pot
*** SUMMARY ***
Total pot 180 | No rake
Seat 3: tonton frank (big blind) won 180


Winamax Poker - Tournament "Super Freeroll Stade 1" buyIn: 0€ + 0€ level: 6 - HandId: #2963707139966631937-59-1692460689 - Holdem no limit (60/120) - 2023/08/19 15:58:09 UTC
Table: 'Super Freeroll Stade 1(690041841)#0' 6-max (real money) Seat #3 is the button
Seat 1: P1xel7 (6645)
Seat 3: tonton frank (2355)
*** ANTE/BLINDS ***
tonton frank posts small blind 60
P1xel7 posts big blind 120
Dealt to P1xel7 [Kc Jd]
*** PRE-FLOP *** 
tonton frank calls 60
P1xel7 raises 240 to 360
tonton frank raises 240 to 600
P1xel7 calls 240
*** FLOP *** [As 5s 7d]
P1xel7 checks
tonton frank bets 1755 and is all-in
P1xel7 folds
tonton frank collected 2955 from pot
*** SUMMARY ***
Total pot 2955 | No rake
Board: [As 5s 7d]
Seat 3: tonton frank (small blind) (button) won 2955


Winamax Poker - Tournament "Super Freeroll Stade 1" buyIn: 0€ + 0€ level: 6 - HandId: #2963707139966631937-60-1692460702 - Holdem no limit (60/120) - 2023/08/19 15:58:22 UTC
Table: 'Super Freeroll Stade 1(690041841)#0' 6-max (real money) Seat #1 is the button
Seat 1: P1xel7 (6045)
Seat 3: tonton frank (2955)
*** ANTE/BLINDS ***
P1xel7 posts small blind 60
tonton frank posts big blind 120
Dealt to P1xel7 [4h 8c]
*** PRE-FLOP *** 
P1xel7 folds
tonton frank collected 180 from pot
*** SUMMARY ***
Total pot 180 | No rake
Seat 3: tonton frank (big blind) won 180


Winamax Poker - Tournament "Super Freeroll Stade 1" buyIn: 0€ + 0€ level: 6 - HandId: #2963707139966631937-61-1692460706 - Holdem no limit (60/120) - 2023/08/19 15:58:26 UTC
Table: 'Super Freeroll Stade 1(690041841)#0' 6-max (real money) Seat #3 is the button
Seat 1: P1xel7 (5985)
Seat 3: tonton frank (3015)
*** ANTE/BLINDS ***
tonton frank posts small blind 60
P1xel7 posts big blind 120
Dealt to P1xel7 [Ac 5c]
*** PRE-FLOP *** 
tonton frank calls 60
P1xel7 checks
*** FLOP *** [6h 2h 9h]
P1xel7 checks
tonton frank checks
*** TURN *** [6h 2h 9h][9d]
P1xel7 bets 156
tonton frank calls 156
*** RIVER *** [6h 2h 9h 9d][Ts]
P1xel7 checks
tonton frank checks
*** SHOW DOWN ***
P1xel7 shows [Ac 5c] (One pair : 9)
tonton frank shows [Kc 2s] (Two pairs : 9 and 2)
tonton frank collected 552 from pot
*** SUMMARY ***
Total pot 552 | No rake
Board: [6h 2h 9h 9d Ts]
Seat 1: P1xel7 (big blind) showed [Ac 5c] and lost with One pair : 9
Seat 3: tonton frank (small blind) (button) showed [Kc 2s] and won 552 with Two pairs : 9 and 2


Winamax Poker - Tournament "Super Freeroll Stade 1" buyIn: 0€ + 0€ level: 6 - HandId: #2963707139966631937-62-1692460719 - Holdem no limit (60/120) - 2023/08/19 15:58:39 UTC
Table: 'Super Freeroll Stade 1(690041841)#0' 6-max (real money) Seat #1 is the button
Seat 1: P1xel7 (5709)
Seat 3: tonton frank (3291)
*** ANTE/BLINDS ***
P1xel7 posts small blind 60
tonton frank posts big blind 120
Dealt to P1xel7 [5d Jc]
*** PRE-FLOP *** 
P1xel7 folds
tonton frank collected 180 from pot
*** SUMMARY ***
Total pot 180 | No rake
Seat 3: tonton frank (big blind) won 180


Winamax Poker - Tournament "Super Freeroll Stade 1" buyIn: 0€ + 0€ level: 6 - HandId: #2963707139966631937-63-1692460722 - Holdem no limit (60/120) - 2023/08/19 15:58:42 UTC
Table: 'Super Freeroll Stade 1(690041841)#0' 6-max (real money) Seat #3 is the button
Seat 1: P1xel7 (5649)
Seat 3: tonton frank (3351)
*** ANTE/BLINDS ***
tonton frank posts small blind 60
P1xel7 posts big blind 120
Dealt to P1xel7 [Kh 7s]
*** PRE-FLOP *** 
tonton frank calls 60
P1xel7 checks
*** FLOP *** [Kc Tc 3s]
P1xel7 bets 192
tonton frank folds
P1xel7 collected 432 from pot
*** SUMMARY ***
Total pot 432 | No rake
Board: [Kc Tc 3s]
Seat 1: P1xel7 (big blind) won 432


Winamax Poker - Tournament "Super Freeroll Stade 1" buyIn: 0€ + 0€ level: 6 - HandId: #2963707139966631937-64-1692460733 - Holdem no limit (60/120) - 2023/08/19 15:58:53 UTC
Table: 'Super Freeroll Stade 1(690041841)#0' 6-max (real money) Seat #1 is the button
Seat 1: P1xel7 (5769)
Seat 3: tonton frank (3231)
*** ANTE/BLINDS ***
P1xel7 posts small blind 60
tonton frank posts big blind 120
Dealt to P1xel7 [8h 9s]
*** PRE-FLOP *** 
P1xel7 raises 240 to 360
tonton frank folds
P1xel7 collected 480 from pot
*** SUMMARY ***
Total pot 480 | No rake
Seat 1: P1xel7 (small blind) (button) won 480


Winamax Poker - Tournament "Super Freeroll Stade 1" buyIn: 0€ + 0€ level: 6 - HandId: #2963707139966631937-65-1692460739 - Holdem no limit (60/120) - 2023/08/19 15:58:59 UTC
Table: 'Super Freeroll Stade 1(690041841)#0' 6-max (real money) Seat #3 is the button
Seat 1: P1xel7 (5889)
Seat 3: tonton frank (3111)
*** ANTE/BLINDS ***
tonton frank posts small blind 60
P1xel7 posts big blind 120
Dealt to P1xel7 [8s 8c]
*** PRE-FLOP *** 
tonton frank folds
P1xel7 collected 180 from pot
*** SUMMARY ***
Total pot 180 | No rake
Seat 1: P1xel7 (big blind) won 180


Winamax Poker - Tournament "Super Freeroll Stade 1" buyIn: 0€ + 0€ level: 6 - HandId: #2963707139966631937-66-1692460745 - Holdem no limit (60/120) - 2023/08/19 15:59:05 UTC
Table: 'Super Freeroll Stade 1(690041841)#0' 6-max (real money) Seat #1 is the button
Seat 1: P1xel7 (5949)
Seat 3: tonton frank (3051)
*** ANTE/BLINDS ***
P1xel7 posts small blind 60
tonton frank posts big blind 120
Dealt to P1xel7 [Jc 4s]
*** PRE-FLOP *** 
P1xel7 folds
tonton frank collected 180 from pot
*** SUMMARY ***
Total pot 180 | No rake
Seat 3: tonton frank (big blind) won 180


Winamax Poker - Tournament "Super Freeroll Stade 1" buyIn: 0€ + 0€ level: 6 - HandId: #2963707139966631937-67-1692460749 - Holdem no limit (60/120) - 2023/08/19 15:59:09 UTC
Table: 'Super Freeroll Stade 1(690041841)#0' 6-max (real money) Seat #3 is the button
Seat 1: P1xel7 (5889)
Seat 3: tonton frank (3111)
*** ANTE/BLINDS ***
tonton frank posts small blind 60
P1xel7 posts big blind 120
Dealt to P1xel7 [As Jd]
*** PRE-FLOP *** 
tonton frank calls 60
P1xel7 raises 240 to 360
tonton frank calls 240
*** FLOP *** [8h 9d 5h]
P1xel7 bets 360
tonton frank calls 360
*** TURN *** [8h 9d 5h][Ad]
P1xel7 bets 936
tonton frank calls 936
*** RIVER *** [8h 9d 5h Ad][7h]
P1xel7 bets 4233 and is all-in
tonton frank calls 1455 and is all-in
*** SHOW DOWN ***
P1xel7 shows [As Jd] (One pair : Aces)
tonton frank shows [Ac 7c] (Two pairs : Aces and 7)
tonton frank collected 6222 from main pot
P1xel7 collected 2778 from side pot 1
*** SUMMARY ***
Total pot 9000 | No rake
Board: [8h 9d 5h Ad 7h]
Seat 1: P1xel7 (big blind) showed [As Jd] and won 2778 with One pair : Aces
Seat 3: tonton frank (small blind) (button) showed [Ac 7c] and won 6222 with Two pairs : Aces and 7


Winamax Poker - Tournament "Super Freeroll Stade 1" buyIn: 0€ + 0€ level: 6 - HandId: #2963707139966631937-68-1692460767 - Holdem no limit (60/120) - 2023/08/19 15:59:27 UTC
Table: 'Super Freeroll Stade 1(690041841)#0' 6-max (real money) Seat #1 is the button
Seat 1: P1xel7 (2778)
Seat 3: tonton frank (6222)
*** ANTE/BLINDS ***
P1xel7 posts small blind 60
tonton frank posts big blind 120
Dealt to P1xel7 [As 9c]
*** PRE-FLOP *** 
P1xel7 raises 240 to 360
tonton frank folds
P1xel7 collected 480 from pot
*** SUMMARY ***
Total pot 480 | No rake
Seat 1: P1xel7 (small blind) (button) won 480


Winamax Poker - Tournament "Super Freeroll Stade 1" buyIn: 0€ + 0€ level: 6 - HandId: #2963707139966631937-69-1692460773 - Holdem no limit (60/120) - 2023/08/19 15:59:33 UTC
Table: 'Super Freeroll Stade 1(690041841)#0' 6-max (real money) Seat #3 is the button
Seat 1: P1xel7 (2898)
Seat 3: tonton frank (6102)
*** ANTE/BLINDS ***
tonton frank posts small blind 60
P1xel7 posts big blind 120
Dealt to P1xel7 [9h 2s]
*** PRE-FLOP *** 
tonton frank folds
P1xel7 collected 180 from pot
*** SUMMARY ***
Total pot 180 | No rake
Seat 1: P1xel7 (big blind) won 180


Winamax Poker - Tournament "Super Freeroll Stade 1" buyIn: 0€ + 0€ level: 6 - HandId: #2963707139966631937-70-1692460780 - Holdem no limit (60/120) - 2023/08/19 15:59:40 UTC
Table: 'Super Freeroll Stade 1(690041841)#0' 6-max (real money) Seat #1 is the button
Seat 1: P1xel7 (2958)
Seat 3: tonton frank (6042)
*** ANTE/BLINDS ***
P1xel7 posts small blind 60
tonton frank posts big blind 120
Dealt to P1xel7 [Jd 5h]
*** PRE-FLOP *** 
P1xel7 folds
tonton frank collected 180 from pot
*** SUMMARY ***
Total pot 180 | No rake
Seat 3: tonton frank (big blind) won 180


Winamax Poker - Tournament "Super Freeroll Stade 1" buyIn: 0€ + 0€ level: 6 - HandId: #2963707139966631937-71-1692460784 - Holdem no limit (60/120) - 2023/08/19 15:59:44 UTC
Table: 'Super Freeroll Stade 1(690041841)#0' 6-max (real money) Seat #3 is the button
Seat 1: P1xel7 (2898)
Seat 3: tonton frank (6102)
*** ANTE/BLINDS ***
tonton frank posts small blind 60
P1xel7 posts big blind 120
Dealt to P1xel7 [Ad 3h]
*** PRE-FLOP *** 
tonton frank calls 60
P1xel7 checks
*** FLOP *** [Jd 7h 2h]
P1xel7 bets 120
tonton frank folds
P1xel7 collected 360 from pot
*** SUMMARY ***
Total pot 360 | No rake
Board: [Jd 7h 2h]
Seat 1: P1xel7 (big blind) won 360


Winamax Poker - Tournament "Super Freeroll Stade 1" buyIn: 0€ + 0€ level: 6 - HandId: #2963707139966631937-72-1692460793 - Holdem no limit (60/120) - 2023/08/19 15:59:53 UTC
Table: 'Super Freeroll Stade 1(690041841)#0' 6-max (real money) Seat #1 is the button
Seat 1: P1xel7 (3018)
Seat 3: tonton frank (5982)
*** ANTE/BLINDS ***
P1xel7 posts small blind 60
tonton frank posts big blind 120
Dealt to P1xel7 [8d 7s]
*** PRE-FLOP *** 
P1xel7 folds
tonton frank collected 180 from pot
*** SUMMARY ***
Total pot 180 | No rake
Seat 3: tonton frank (big blind) won 180


Winamax Poker - Tournament "Super Freeroll Stade 1" buyIn: 0€ + 0€ level: 6 - HandId: #2963707139966631937-73-1692460797 - Holdem no limit (60/120) - 2023/08/19 15:59:57 UTC
Table: 'Super Freeroll Stade 1(690041841)#0' 6-max (real money) Seat #3 is the button
Seat 1: P1xel7 (2958)
Seat 3: tonton frank (6042)
*** ANTE/BLINDS ***
tonton frank posts small blind 60
P1xel7 posts big blind 120
Dealt to P1xel7 [Qc Th]
*** PRE-FLOP *** 
tonton frank calls 60
P1xel7 raises 240 to 360
tonton frank calls 240
*** FLOP *** [8h 9d Ac]
P1xel7 bets 360
tonton frank calls 360
*** TURN *** [8h 9d Ac][6d]
P1xel7 bets 936
tonton frank calls 936
*** RIVER *** [8h 9d Ac 6d][9s]
P1xel7 checks
tonton frank checks
*** SHOW DOWN ***
P1xel7 shows [Qc Th] (One pair : 9)
tonton frank shows [As 4s] (Two pairs : Aces and 9)
tonton frank collected 3312 from pot
*** SUMMARY ***
Total pot 3312 | No rake
Board: [8h 9d Ac 6d 9s]
Seat 1: P1xel7 (big blind) showed [Qc Th] and lost with One pair : 9
Seat 3: tonton frank (small blind) (button) showed [As 4s] and won 3312 with Two pairs : Aces and 9


Winamax Poker - Tournament "Super Freeroll Stade 1" buyIn: 0€ + 0€ level: 6 - HandId: #2963707139966631937-74-1692460819 - Holdem no limit (60/120) - 2023/08/19 16:00:19 UTC
Table: 'Super Freeroll Stade 1(690041841)#0' 6-max (real money) Seat #1 is the button
Seat 1: P1xel7 (1302)
Seat 3: tonton frank (7698)
*** ANTE/BLINDS ***
P1xel7 posts small blind 60
tonton frank posts big blind 120
Dealt to P1xel7 [7h Qc]
*** PRE-FLOP *** 
P1xel7 folds
tonton frank collected 180 from pot
*** SUMMARY ***
Total pot 180 | No rake
Seat 3: tonton frank (big blind) won 180


Winamax Poker - Tournament "Super Freeroll Stade 1" buyIn: 0€ + 0€ level: 6 - HandId: #2963707139966631937-75-1692460823 - Holdem no limit (60/120) - 2023/08/19 16:00:23 UTC
Table: 'Super Freeroll Stade 1(690041841)#0' 6-max (real money) Seat #3 is the button
Seat 1: P1xel7 (1242)
Seat 3: tonton frank (7758)
*** ANTE/BLINDS ***
tonton frank posts small blind 60
P1xel7 posts big blind 120
Dealt to P1xel7 [8h 2s]
*** PRE-FLOP *** 
tonton frank calls 60
P1xel7 checks
*** FLOP *** [Jh 3c 2d]
P1xel7 bets 1122 and is all-in
tonton frank folds
P1xel7 collected 1362 from pot
*** SUMMARY ***
Total pot 1362 | No rake
Board: [Jh 3c 2d]
Seat 1: P1xel7 (big blind) won 1362


Winamax Poker - Tournament "Super Freeroll Stade 1" buyIn: 0€ + 0€ level: 6 - HandId: #2963707139966631937-76-1692460831 - Holdem no limit (60/120) - 2023/08/19 16:00:31 UTC
Table: 'Super Freeroll Stade 1(690041841)#0' 6-max (real money) Seat #1 is the button
Seat 1: P1xel7 (1362)
Seat 3: tonton frank (7638)
*** ANTE/BLINDS ***
P1xel7 posts small blind 60
tonton frank posts big blind 120
Dealt to P1xel7 [Ah 7s]
*** PRE-FLOP *** 
P1xel7 raises 1242 to 1362 and is all-in
tonton frank folds
P1xel7 collected 1482 from pot
*** SUMMARY ***
Total pot 1482 | No rake
Seat 1: P1xel7 (small blind) (button) won 1482


Winamax Poker - Tournament "Super Freeroll Stade 1" buyIn: 0€ + 0€ level: 6 - HandId: #2963707139966631937-77-1692460837 - Holdem no limit (60/120) - 2023/08/19 16:00:37 UTC
Table: 'Super Freeroll Stade 1(690041841)#0' 6-max (real money) Seat #3 is the button
Seat 1: P1xel7 (1482)
Seat 3: tonton frank (7518)
*** ANTE/BLINDS ***
tonton frank posts small blind 60
P1xel7 posts big blind 120
Dealt to P1xel7 [Ah 2c]
*** PRE-FLOP *** 
tonton frank folds
P1xel7 collected 180 from pot
*** SUMMARY ***
Total pot 180 | No rake
Seat 1: P1xel7 (big blind) won 180


Winamax Poker - Tournament "Super Freeroll Stade 1" buyIn: 0€ + 0€ level: 6 - HandId: #2963707139966631937-78-1692460841 - Holdem no limit (60/120) - 2023/08/19 16:00:41 UTC
Table: 'Super Freeroll Stade 1(690041841)#0' 6-max (real money) Seat #1 is the button
Seat 1: P1xel7 (1542)
Seat 3: tonton frank (7458)
*** ANTE/BLINDS ***
P1xel7 posts small blind 60
tonton frank posts big blind 120
Dealt to P1xel7 [4d 9d]
*** PRE-FLOP *** 
P1xel7 folds
tonton frank collected 180 from pot
*** SUMMARY ***
Total pot 180 | No rake
Seat 3: tonton frank (big blind) won 180


Winamax Poker - Tournament "Super Freeroll Stade 1" buyIn: 0€ + 0€ level: 6 - HandId: #2963707139966631937-79-1692460845 - Holdem no limit (60/120) - 2023/08/19 16:00:45 UTC
Table: 'Super Freeroll Stade 1(690041841)#0' 6-max (real money) Seat #3 is the button
Seat 1: P1xel7 (1482)
Seat 3: tonton frank (7518)
*** ANTE/BLINDS ***
tonton frank posts small blind 60
P1xel7 posts big blind 120
Dealt to P1xel7 [3h 6s]
*** PRE-FLOP *** 
tonton frank calls 60
P1xel7 checks
*** FLOP *** [9d 9h Tc]
P1xel7 checks
tonton frank checks
*** TURN *** [9d 9h Tc][8s]
P1xel7 checks
tonton frank checks
*** RIVER *** [9d 9h Tc 8s][5c]
P1xel7 checks
tonton frank checks
*** SHOW DOWN ***
P1xel7 shows [3h 6s] (One pair : 9)
tonton frank shows [Qs 2h] (One pair : 9)
tonton frank collected 240 from pot
*** SUMMARY ***
Total pot 240 | No rake
Board: [9d 9h Tc 8s 5c]
Seat 1: P1xel7 (big blind) showed [3h 6s] and lost with One pair : 9
Seat 3: tonton frank (small blind) (button) showed [Qs 2h] and won 240 with One pair : 9


Winamax Poker - Tournament "Super Freeroll Stade 1" buyIn: 0€ + 0€ level: 6 - HandId: #2963707139966631937-80-1692460856 - Holdem no limit (60/120) - 2023/08/19 16:00:56 UTC
Table: 'Super Freeroll Stade 1(690041841)#0' 6-max (real money) Seat #1 is the button
Seat 1: P1xel7 (1362)
Seat 3: tonton frank (7638)
*** ANTE/BLINDS ***
P1xel7 posts small blind 60
tonton frank posts big blind 120
Dealt to P1xel7 [7h 2c]
*** PRE-FLOP *** 
P1xel7 folds
tonton frank collected 180 from pot
*** SUMMARY ***
Total pot 180 | No rake
Seat 3: tonton frank (big blind) won 180


Winamax Poker - Tournament "Super Freeroll Stade 1" buyIn: 0€ + 0€ level: 6 - HandId: #2963707139966631937-81-1692460860 - Holdem no limit (60/120) - 2023/08/19 16:01:00 UTC
Table: 'Super Freeroll Stade 1(690041841)#0' 6-max (real money) Seat #3 is the button
Seat 1: P1xel7 (1302)
Seat 3: tonton frank (7698)
*** ANTE/BLINDS ***
tonton frank posts small blind 60
P1xel7 posts big blind 120
Dealt to P1xel7 [8h 4s]
*** PRE-FLOP *** 
tonton frank calls 60
P1xel7 checks
*** FLOP *** [4d Th 7d]
P1xel7 checks
tonton frank checks
*** TURN *** [4d Th 7d][2h]
P1xel7 bets 1182 and is all-in
tonton frank calls 1182
*** RIVER *** [4d Th 7d 2h][Qs]
*** SHOW DOWN ***
P1xel7 shows [8h 4s] (One pair : 4)
tonton frank shows [Qc Jh] (One pair : Queens)
tonton frank collected 2604 from pot
*** SUMMARY ***
Total pot 2604 | No rake
Board: [4d Th 7d 2h Qs]
Seat 1: P1xel7 (big blind) showed [8h 4s] and lost with One pair : 4
Seat 3: tonton frank (small blind) (button) showed [Qc Jh] and won 2604 with One pair : Queens


