Winamax Poker - Tournament "Trident" buyIn: 0.45€ + 0.05€ level: 1 - HandId: #2934412920387272735-1-1693077744 - Holdem no limit (4/15/30) - 2023/08/26 19:22:24 UTC
Table: 'Trident(683221249)#0030' 3-max (real money) Seat #2 is the button
Seat 1: Arcegatron (1011, 0.33€ bounty)
Seat 2: P1xel7 (500, 0.22€ bounty)
*** ANTE/BLINDS ***
P1xel7 posts ante 4
Arcegatron posts ante 4
P1xel7 posts small blind 15
Arcegatron posts big blind 30
Dealt to P1xel7 [8d Ah]
*** PRE-FLOP *** 
P1xel7 raises 466 to 496 and is all-in
Arcegatron folds
P1xel7 collected 534 from pot
*** SUMMARY ***
Total pot 534 | No rake
Seat 2: P1xel7 (small blind) (button) won 534


Winamax Poker - Tournament "Trident" buyIn: 0.45€ + 0.05€ level: 4 - HandId: #2934412920387272735-2-1693077754 - Holdem no limit (4/17/35) - 2023/08/26 19:22:34 UTC
Table: 'Trident(683221249)#0030' 3-max (real money) Seat #1 is the button
Seat 1: Arcegatron (977, 0.33€ bounty)
Seat 2: P1xel7 (534, 0.22€ bounty)
*** ANTE/BLINDS ***
Arcegatron posts ante 4
P1xel7 posts ante 4
Arcegatron posts small blind 17
P1xel7 posts big blind 35
Dealt to P1xel7 [8s 9c]
*** PRE-FLOP *** 
Arcegatron folds
P1xel7 collected 60 from pot
*** SUMMARY ***
Total pot 60 | No rake
Seat 2: P1xel7 (big blind) won 60


Winamax Poker - Tournament "Trident" buyIn: 0.45€ + 0.05€ level: 4 - HandId: #2934412920387272735-3-1693077757 - Holdem no limit (4/17/35) - 2023/08/26 19:22:37 UTC
Table: 'Trident(683221249)#0030' 3-max (real money) Seat #2 is the button
Seat 1: Arcegatron (956, 0.33€ bounty)
Seat 2: P1xel7 (555, 0.22€ bounty)
*** ANTE/BLINDS ***
P1xel7 posts ante 4
Arcegatron posts ante 4
P1xel7 posts small blind 17
Arcegatron posts big blind 35
Dealt to P1xel7 [4c Ah]
*** PRE-FLOP *** 
P1xel7 raises 53 to 88
Arcegatron folds
P1xel7 collected 131 from pot
*** SUMMARY ***
Total pot 131 | No rake
Seat 2: P1xel7 (small blind) (button) won 131


Winamax Poker - Tournament "Trident" buyIn: 0.45€ + 0.05€ level: 4 - HandId: #2934412920387272735-4-1693077764 - Holdem no limit (4/17/35) - 2023/08/26 19:22:44 UTC
Table: 'Trident(683221249)#0030' 3-max (real money) Seat #1 is the button
Seat 1: Arcegatron (917, 0.33€ bounty)
Seat 2: P1xel7 (594, 0.22€ bounty)
*** ANTE/BLINDS ***
Arcegatron posts ante 4
P1xel7 posts ante 4
Arcegatron posts small blind 17
P1xel7 posts big blind 35
Dealt to P1xel7 [6c 3c]
*** PRE-FLOP *** 
Arcegatron raises 35 to 70
P1xel7 folds
Arcegatron collected 113 from pot
*** SUMMARY ***
Total pot 113 | No rake
Seat 1: Arcegatron (small blind) (button) won 113


Winamax Poker - Tournament "Trident" buyIn: 0.45€ + 0.05€ level: 4 - HandId: #2934412920387272735-5-1693077770 - Holdem no limit (4/17/35) - 2023/08/26 19:22:50 UTC
Table: 'Trident(683221249)#0030' 3-max (real money) Seat #2 is the button
Seat 1: Arcegatron (956, 0.33€ bounty)
Seat 2: P1xel7 (555, 0.22€ bounty)
*** ANTE/BLINDS ***
P1xel7 posts ante 4
Arcegatron posts ante 4
P1xel7 posts small blind 17
Arcegatron posts big blind 35
Dealt to P1xel7 [Qd Ah]
*** PRE-FLOP *** 
P1xel7 raises 70 to 105
Arcegatron calls 70
*** FLOP *** [5d 6c 5s]
Arcegatron checks
P1xel7 bets 446 and is all-in
Arcegatron folds
P1xel7 collected 664 from pot
*** SUMMARY ***
Total pot 664 | No rake
Board: [5d 6c 5s]
Seat 2: P1xel7 (small blind) (button) won 664


Winamax Poker - Tournament "Trident" buyIn: 0.45€ + 0.05€ level: 4 - HandId: #2934412920387272735-6-1693077780 - Holdem no limit (4/17/35) - 2023/08/26 19:23:00 UTC
Table: 'Trident(683221249)#0030' 3-max (real money) Seat #1 is the button
Seat 1: Arcegatron (847, 0.33€ bounty)
Seat 2: P1xel7 (664, 0.22€ bounty)
Seat 3: Casper 007 (500, 0.22€ bounty)
*** ANTE/BLINDS ***
Arcegatron posts ante 4
P1xel7 posts ante 4
Arcegatron posts small blind 17
P1xel7 posts big blind 35
Dealt to P1xel7 [5c 6c]
*** PRE-FLOP *** 
Arcegatron raises 35 to 70
P1xel7 calls 35
*** FLOP *** [Kh 7c Ah]
P1xel7 checks
Arcegatron bets 118
P1xel7 folds
Arcegatron collected 266 from pot
*** SUMMARY ***
Total pot 266 | No rake
Board: [Kh 7c Ah]
Seat 1: Arcegatron (small blind) (button) won 266


Winamax Poker - Tournament "Trident" buyIn: 0.45€ + 0.05€ level: 4 - HandId: #2934412920387272735-7-1693077789 - Holdem no limit (4/17/35) - 2023/08/26 19:23:09 UTC
Table: 'Trident(683221249)#0030' 3-max (real money) Seat #1 is the button
Seat 1: Arcegatron (921, 0.33€ bounty)
Seat 2: P1xel7 (590, 0.22€ bounty)
Seat 3: Casper 007 (500, 0.22€ bounty)
*** ANTE/BLINDS ***
P1xel7 posts ante 4
Casper 007 posts ante 4
Arcegatron posts ante 4
P1xel7 posts small blind 17
Casper 007 posts big blind 35
Dealt to P1xel7 [Ah 6h]
*** PRE-FLOP *** 
Arcegatron folds
P1xel7 raises 70 to 105
Casper 007 folds
P1xel7 collected 152 from pot
*** SUMMARY ***
Total pot 152 | No rake
Seat 2: P1xel7 (small blind) won 152


Winamax Poker - Tournament "Trident" buyIn: 0.45€ + 0.05€ level: 4 - HandId: #2934412920387272708-23-1693077807 - Holdem no limit (4/17/35) - 2023/08/26 19:23:27 UTC
Table: 'Trident(683221249)#0003' 3-max (real money) Seat #1 is the button
Seat 1: KrotoQQ (953, 0.22€ bounty)
Seat 2: sambotte78 (1047, 0.44€ bounty)
Seat 3: P1xel7 (633, 0.22€ bounty)
*** ANTE/BLINDS ***
sambotte78 posts ante 4
P1xel7 posts ante 4
KrotoQQ posts ante 4
sambotte78 posts small blind 17
P1xel7 posts big blind 35
Dealt to P1xel7 [Kc Jc]
*** PRE-FLOP *** 
KrotoQQ folds
sambotte78 calls 18
P1xel7 raises 53 to 88
sambotte78 calls 53
*** FLOP *** [2c Ks 9s]
sambotte78 bets 955 and is all-in
P1xel7 calls 541 and is all-in
*** TURN *** [2c Ks 9s][Qh]
*** RIVER *** [2c Ks 9s Qh][3d]
*** SHOW DOWN ***
sambotte78 shows [7c 9h] (One pair : 9)
P1xel7 shows [Kc Jc] (One pair : Kings)
P1xel7 collected 1270 from main pot
sambotte78 collected 414 from side pot 1
*** SUMMARY ***
Total pot 1684 | No rake
Board: [2c Ks 9s Qh 3d]
Seat 2: sambotte78 (small blind) showed [7c 9h] and won 414 with One pair : 9
Seat 3: P1xel7 (big blind) showed [Kc Jc] and won 1270 with One pair : Kings


Winamax Poker - Tournament "Trident" buyIn: 0.45€ + 0.05€ level: 4 - HandId: #2934412920387272708-24-1693077834 - Holdem no limit (4/17/35) - 2023/08/26 19:23:54 UTC
Table: 'Trident(683221249)#0003' 3-max (real money) Seat #2 is the button
Seat 1: KrotoQQ (949, 0.22€ bounty)
Seat 2: sambotte78 (414, 0.44€ bounty)
Seat 3: P1xel7 (1270, 0.22€ bounty)
*** ANTE/BLINDS ***
P1xel7 posts ante 4
KrotoQQ posts ante 4
sambotte78 posts ante 4
P1xel7 posts small blind 17
KrotoQQ posts big blind 35
Dealt to P1xel7 [6c 2c]
*** PRE-FLOP *** 
sambotte78 raises 375 to 410 and is all-in
P1xel7 folds
KrotoQQ folds
sambotte78 collected 474 from pot
*** SUMMARY ***
Total pot 474 | No rake
Seat 2: sambotte78 (button) won 474


Winamax Poker - Tournament "Trident" buyIn: 0.45€ + 0.05€ level: 4 - HandId: #2934412920387272708-25-1693077847 - Holdem no limit (4/17/35) - 2023/08/26 19:24:07 UTC
Table: 'Trident(683221249)#0003' 3-max (real money) Seat #3 is the button
Seat 1: KrotoQQ (910, 0.22€ bounty)
Seat 2: sambotte78 (474, 0.44€ bounty)
Seat 3: P1xel7 (1249, 0.22€ bounty)
*** ANTE/BLINDS ***
KrotoQQ posts ante 4
sambotte78 posts ante 4
P1xel7 posts ante 4
KrotoQQ posts small blind 17
sambotte78 posts big blind 35
Dealt to P1xel7 [Ts Ac]
*** PRE-FLOP *** 
P1xel7 raises 70 to 105
KrotoQQ folds
sambotte78 folds
P1xel7 collected 169 from pot
*** SUMMARY ***
Total pot 169 | No rake
Seat 3: P1xel7 (button) won 169


Winamax Poker - Tournament "Trident" buyIn: 0.45€ + 0.05€ level: 4 - HandId: #2934412920387272708-26-1693077860 - Holdem no limit (4/17/35) - 2023/08/26 19:24:20 UTC
Table: 'Trident(683221249)#0003' 3-max (real money) Seat #1 is the button
Seat 1: KrotoQQ (889, 0.22€ bounty)
Seat 2: sambotte78 (435, 0.44€ bounty)
Seat 3: P1xel7 (1309, 0.22€ bounty)
*** ANTE/BLINDS ***
sambotte78 posts ante 4
P1xel7 posts ante 4
KrotoQQ posts ante 4
sambotte78 posts small blind 17
P1xel7 posts big blind 35
Dealt to P1xel7 [9h Qh]
*** PRE-FLOP *** 
KrotoQQ folds
sambotte78 folds
P1xel7 collected 64 from pot
*** SUMMARY ***
Total pot 64 | No rake
Seat 3: P1xel7 (big blind) won 64


Winamax Poker - Tournament "Trident" buyIn: 0.45€ + 0.05€ level: 4 - HandId: #2934412920387272708-27-1693077880 - Holdem no limit (4/17/35) - 2023/08/26 19:24:40 UTC
Table: 'Trident(683221249)#0003' 3-max (real money) Seat #2 is the button
Seat 1: KrotoQQ (885, 0.22€ bounty)
Seat 2: sambotte78 (414, 0.44€ bounty)
Seat 3: P1xel7 (1334, 0.22€ bounty)
*** ANTE/BLINDS ***
P1xel7 posts ante 4
KrotoQQ posts ante 4
sambotte78 posts ante 4
P1xel7 posts small blind 17
KrotoQQ posts big blind 35
Dealt to P1xel7 [2c 8s]
*** PRE-FLOP *** 
sambotte78 folds
P1xel7 folds
KrotoQQ collected 64 from pot
*** SUMMARY ***
Total pot 64 | No rake
Seat 1: KrotoQQ (big blind) won 64


Winamax Poker - Tournament "Trident" buyIn: 0.45€ + 0.05€ level: 4 - HandId: #2934412920387272708-28-1693077885 - Holdem no limit (4/17/35) - 2023/08/26 19:24:45 UTC
Table: 'Trident(683221249)#0003' 3-max (real money) Seat #3 is the button
Seat 1: KrotoQQ (910, 0.22€ bounty)
Seat 2: sambotte78 (410, 0.44€ bounty)
Seat 3: P1xel7 (1313, 0.22€ bounty)
*** ANTE/BLINDS ***
KrotoQQ posts ante 4
sambotte78 posts ante 4
P1xel7 posts ante 4
KrotoQQ posts small blind 17
sambotte78 posts big blind 35
Dealt to P1xel7 [8c Th]
*** PRE-FLOP *** 
P1xel7 folds
KrotoQQ calls 18
sambotte78 raises 371 to 406 and is all-in
KrotoQQ calls 371
*** FLOP *** [Kh 3s Js]
*** TURN *** [Kh 3s Js][4h]
*** RIVER *** [Kh 3s Js 4h][4d]
*** SHOW DOWN ***
sambotte78 shows [Qd 9c] (One pair : 4)
KrotoQQ shows [4c As] (Trips of 4)
KrotoQQ collected 824 from pot
*** SUMMARY ***
Total pot 824 | No rake
Board: [Kh 3s Js 4h 4d]
Seat 1: KrotoQQ (small blind) showed [4c As] and won 824 with Trips of 4
Seat 2: sambotte78 (big blind) showed [Qd 9c] and lost with One pair : 4


Winamax Poker - Tournament "Trident" buyIn: 0.45€ + 0.05€ level: 5 - HandId: #2934412920387272708-29-1693077905 - Holdem no limit (5/20/40) - 2023/08/26 19:25:05 UTC
Table: 'Trident(683221249)#0003' 3-max (real money) Seat #3 is the button
Seat 1: KrotoQQ (1324, 0.44€ bounty)
Seat 3: P1xel7 (1309, 0.22€ bounty)
*** ANTE/BLINDS ***
P1xel7 posts ante 5
KrotoQQ posts ante 5
P1xel7 posts small blind 20
KrotoQQ posts big blind 40
Dealt to P1xel7 [7s Ac]
*** PRE-FLOP *** 
P1xel7 raises 60 to 100
KrotoQQ calls 60
*** FLOP *** [Td 6s 9h]
KrotoQQ checks
P1xel7 bets 74
KrotoQQ folds
P1xel7 collected 284 from pot
*** SUMMARY ***
Total pot 284 | No rake
Board: [Td 6s 9h]
Seat 3: P1xel7 (small blind) (button) won 284


Winamax Poker - Tournament "Trident" buyIn: 0.45€ + 0.05€ level: 5 - HandId: #2934412920387272708-30-1693077937 - Holdem no limit (5/20/40) - 2023/08/26 19:25:37 UTC
Table: 'Trident(683221249)#0003' 3-max (real money) Seat #3 is the button
Seat 1: KrotoQQ (1219, 0.44€ bounty)
Seat 2: henzia (500, 0.22€ bounty)
Seat 3: P1xel7 (1414, 0.22€ bounty)
*** ANTE/BLINDS ***
KrotoQQ posts ante 5
henzia posts ante 5
P1xel7 posts ante 5
KrotoQQ posts small blind 20
henzia posts big blind 40
Dealt to P1xel7 [2d As]
*** PRE-FLOP *** 
P1xel7 folds
KrotoQQ folds
henzia collected 75 from pot
*** SUMMARY ***
Total pot 75 | No rake
Seat 2: henzia (big blind) won 75


Winamax Poker - Tournament "Trident" buyIn: 0.45€ + 0.05€ level: 5 - HandId: #2934412920387272708-31-1693077942 - Holdem no limit (5/20/40) - 2023/08/26 19:25:42 UTC
Table: 'Trident(683221249)#0003' 3-max (real money) Seat #1 is the button
Seat 1: KrotoQQ (1194, 0.44€ bounty)
Seat 2: henzia (530, 0.22€ bounty)
Seat 3: P1xel7 (1409, 0.22€ bounty)
*** ANTE/BLINDS ***
henzia posts ante 5
P1xel7 posts ante 5
KrotoQQ posts ante 5
henzia posts small blind 20
P1xel7 posts big blind 40
Dealt to P1xel7 [5s Jh]
*** PRE-FLOP *** 
KrotoQQ folds
henzia calls 20
P1xel7 checks
*** FLOP *** [7d Jc Kd]
henzia checks
P1xel7 bets 62
henzia calls 62
*** TURN *** [7d Jc Kd][Ad]
henzia checks
P1xel7 bets 110
henzia calls 110
*** RIVER *** [7d Jc Kd Ad][8c]
henzia checks
P1xel7 checks
*** SHOW DOWN ***
henzia shows [3c Jd] (One pair : Jacks)
P1xel7 shows [5s Jh] (One pair : Jacks)
P1xel7 collected 220 from pot
henzia collected 219 from pot
*** SUMMARY ***
Total pot 439 | No rake
Board: [7d Jc Kd Ad 8c]
Seat 2: henzia (small blind) showed [3c Jd] and won 219 with One pair : Jacks
Seat 3: P1xel7 (big blind) showed [5s Jh] and won 220 with One pair : Jacks


Winamax Poker - Tournament "Trident" buyIn: 0.45€ + 0.05€ level: 5 - HandId: #2934412920387272708-32-1693077958 - Holdem no limit (5/20/40) - 2023/08/26 19:25:58 UTC
Table: 'Trident(683221249)#0003' 3-max (real money) Seat #2 is the button
Seat 1: KrotoQQ (1189, 0.44€ bounty)
Seat 2: henzia (532, 0.22€ bounty)
Seat 3: P1xel7 (1412, 0.22€ bounty)
*** ANTE/BLINDS ***
P1xel7 posts ante 5
KrotoQQ posts ante 5
henzia posts ante 5
P1xel7 posts small blind 20
KrotoQQ posts big blind 40
Dealt to P1xel7 [6c Ac]
*** PRE-FLOP *** 
henzia folds
P1xel7 raises 60 to 100
KrotoQQ calls 60
*** FLOP *** [Qs 8h 3c]
P1xel7 checks
KrotoQQ checks
*** TURN *** [Qs 8h 3c][6d]
P1xel7 bets 75
KrotoQQ calls 75
*** RIVER *** [Qs 8h 3c 6d][3d]
P1xel7 checks
KrotoQQ checks
*** SHOW DOWN ***
P1xel7 shows [6c Ac] (Two pairs : 6 and 3)
KrotoQQ shows [8c 7c] (Two pairs : 8 and 3)
KrotoQQ collected 365 from pot
*** SUMMARY ***
Total pot 365 | No rake
Board: [Qs 8h 3c 6d 3d]
Seat 1: KrotoQQ (big blind) showed [8c 7c] and won 365 with Two pairs : 8 and 3
Seat 3: P1xel7 (small blind) showed [6c Ac] and lost with Two pairs : 6 and 3


Winamax Poker - Tournament "Trident" buyIn: 0.45€ + 0.05€ level: 5 - HandId: #2934412920387272708-33-1693077976 - Holdem no limit (5/20/40) - 2023/08/26 19:26:16 UTC
Table: 'Trident(683221249)#0003' 3-max (real money) Seat #3 is the button
Seat 1: KrotoQQ (1374, 0.44€ bounty)
Seat 2: henzia (527, 0.22€ bounty)
Seat 3: P1xel7 (1232, 0.22€ bounty)
*** ANTE/BLINDS ***
KrotoQQ posts ante 5
henzia posts ante 5
P1xel7 posts ante 5
KrotoQQ posts small blind 20
henzia posts big blind 40
Dealt to P1xel7 [6h 3d]
*** PRE-FLOP *** 
P1xel7 folds
KrotoQQ folds
henzia collected 75 from pot
*** SUMMARY ***
Total pot 75 | No rake
Seat 2: henzia (big blind) won 75


Winamax Poker - Tournament "Trident" buyIn: 0.45€ + 0.05€ level: 5 - HandId: #2934412920387272708-34-1693077983 - Holdem no limit (5/20/40) - 2023/08/26 19:26:23 UTC
Table: 'Trident(683221249)#0003' 3-max (real money) Seat #1 is the button
Seat 1: KrotoQQ (1349, 0.44€ bounty)
Seat 2: henzia (557, 0.22€ bounty)
Seat 3: P1xel7 (1227, 0.22€ bounty)
*** ANTE/BLINDS ***
henzia posts ante 5
P1xel7 posts ante 5
KrotoQQ posts ante 5
henzia posts small blind 20
P1xel7 posts big blind 40
Dealt to P1xel7 [4c 9d]
*** PRE-FLOP *** 
KrotoQQ folds
henzia calls 20
P1xel7 checks
*** FLOP *** [2c Th 3d]
henzia bets 40
P1xel7 folds
henzia collected 135 from pot
*** SUMMARY ***
Total pot 135 | No rake
Board: [2c Th 3d]
Seat 2: henzia (small blind) won 135


Winamax Poker - Tournament "Trident" buyIn: 0.45€ + 0.05€ level: 5 - HandId: #2934412920387272708-35-1693077997 - Holdem no limit (5/20/40) - 2023/08/26 19:26:37 UTC
Table: 'Trident(683221249)#0003' 3-max (real money) Seat #2 is the button
Seat 1: KrotoQQ (1344, 0.44€ bounty)
Seat 2: henzia (607, 0.22€ bounty)
Seat 3: P1xel7 (1182, 0.22€ bounty)
*** ANTE/BLINDS ***
P1xel7 posts ante 5
KrotoQQ posts ante 5
henzia posts ante 5
P1xel7 posts small blind 20
KrotoQQ posts big blind 40
Dealt to P1xel7 [2c As]
*** PRE-FLOP *** 
henzia raises 562 to 602 and is all-in
P1xel7 folds
KrotoQQ folds
henzia collected 677 from pot
*** SUMMARY ***
Total pot 677 | No rake
Seat 2: henzia (button) won 677


Winamax Poker - Tournament "Trident" buyIn: 0.45€ + 0.05€ level: 5 - HandId: #2934412920387272708-36-1693078005 - Holdem no limit (5/20/40) - 2023/08/26 19:26:45 UTC
Table: 'Trident(683221249)#0003' 3-max (real money) Seat #3 is the button
Seat 1: KrotoQQ (1299, 0.44€ bounty)
Seat 2: henzia (677, 0.22€ bounty)
Seat 3: P1xel7 (1157, 0.22€ bounty)
*** ANTE/BLINDS ***
KrotoQQ posts ante 5
henzia posts ante 5
P1xel7 posts ante 5
KrotoQQ posts small blind 20
henzia posts big blind 40
Dealt to P1xel7 [Jh 7d]
*** PRE-FLOP *** 
P1xel7 folds
KrotoQQ calls 20
henzia checks
*** FLOP *** [Qc As Qs]
KrotoQQ checks
henzia checks
*** TURN *** [Qc As Qs][5c]
KrotoQQ bets 40
henzia calls 40
*** RIVER *** [Qc As Qs 5c][6d]
KrotoQQ bets 131
henzia folds
KrotoQQ collected 306 from pot
*** SUMMARY ***
Total pot 306 | No rake
Board: [Qc As Qs 5c 6d]
Seat 1: KrotoQQ (small blind) won 306


Winamax Poker - Tournament "Trident" buyIn: 0.45€ + 0.05€ level: 5 - HandId: #2934412920387272708-37-1693078029 - Holdem no limit (5/20/40) - 2023/08/26 19:27:09 UTC
Table: 'Trident(683221249)#0003' 3-max (real money) Seat #1 is the button
Seat 1: KrotoQQ (1389, 0.44€ bounty)
Seat 2: henzia (592, 0.22€ bounty)
Seat 3: P1xel7 (1152, 0.22€ bounty)
*** ANTE/BLINDS ***
henzia posts ante 5
P1xel7 posts ante 5
KrotoQQ posts ante 5
henzia posts small blind 20
P1xel7 posts big blind 40
Dealt to P1xel7 [9d 7d]
*** PRE-FLOP *** 
KrotoQQ raises 40 to 80
henzia calls 60
P1xel7 calls 40
*** FLOP *** [3d 5h Th]
henzia checks
P1xel7 checks
KrotoQQ checks
*** TURN *** [3d 5h Th][2h]
henzia checks
P1xel7 checks
KrotoQQ bets 128
henzia folds
P1xel7 folds
KrotoQQ collected 383 from pot
*** SUMMARY ***
Total pot 383 | No rake
Board: [3d 5h Th 2h]
Seat 1: KrotoQQ (button) won 383


Winamax Poker - Tournament "Trident" buyIn: 0.45€ + 0.05€ level: 6 - HandId: #2934412920387272708-38-1693078055 - Holdem no limit (6/25/50) - 2023/08/26 19:27:35 UTC
Table: 'Trident(683221249)#0003' 3-max (real money) Seat #2 is the button
Seat 1: KrotoQQ (1559, 0.44€ bounty)
Seat 2: henzia (507, 0.22€ bounty)
Seat 3: P1xel7 (1067, 0.22€ bounty)
*** ANTE/BLINDS ***
P1xel7 posts ante 6
KrotoQQ posts ante 6
henzia posts ante 6
P1xel7 posts small blind 25
KrotoQQ posts big blind 50
Dealt to P1xel7 [5d 7s]
*** PRE-FLOP *** 
henzia folds
P1xel7 folds
KrotoQQ collected 93 from pot
*** SUMMARY ***
Total pot 93 | No rake
Seat 1: KrotoQQ (big blind) won 93


Winamax Poker - Tournament "Trident" buyIn: 0.45€ + 0.05€ level: 6 - HandId: #2934412920387272708-39-1693078060 - Holdem no limit (6/25/50) - 2023/08/26 19:27:40 UTC
Table: 'Trident(683221249)#0003' 3-max (real money) Seat #3 is the button
Seat 1: KrotoQQ (1596, 0.44€ bounty)
Seat 2: henzia (501, 0.22€ bounty)
Seat 3: P1xel7 (1036, 0.22€ bounty)
*** ANTE/BLINDS ***
KrotoQQ posts ante 6
henzia posts ante 6
P1xel7 posts ante 6
KrotoQQ posts small blind 25
henzia posts big blind 50
Dealt to P1xel7 [3d Jh]
*** PRE-FLOP *** 
P1xel7 folds
KrotoQQ raises 1540 to 1590 and is all-in
henzia folds
KrotoQQ collected 1658 from pot
*** SUMMARY ***
Total pot 1658 | No rake
Seat 1: KrotoQQ (small blind) won 1658


Winamax Poker - Tournament "Trident" buyIn: 0.45€ + 0.05€ level: 6 - HandId: #2934412920387272708-40-1693078069 - Holdem no limit (6/25/50) - 2023/08/26 19:27:49 UTC
Table: 'Trident(683221249)#0003' 3-max (real money) Seat #1 is the button
Seat 1: KrotoQQ (1658, 0.44€ bounty)
Seat 2: henzia (445, 0.22€ bounty)
Seat 3: P1xel7 (1030, 0.22€ bounty)
*** ANTE/BLINDS ***
henzia posts ante 6
P1xel7 posts ante 6
KrotoQQ posts ante 6
henzia posts small blind 25
P1xel7 posts big blind 50
Dealt to P1xel7 [3c Ts]
*** PRE-FLOP *** 
KrotoQQ raises 50 to 100
henzia folds
P1xel7 folds
KrotoQQ collected 193 from pot
*** SUMMARY ***
Total pot 193 | No rake
Seat 1: KrotoQQ (button) won 193


Winamax Poker - Tournament "Trident" buyIn: 0.45€ + 0.05€ level: 6 - HandId: #2934412920387272708-41-1693078077 - Holdem no limit (6/25/50) - 2023/08/26 19:27:57 UTC
Table: 'Trident(683221249)#0003' 3-max (real money) Seat #2 is the button
Seat 1: KrotoQQ (1745, 0.44€ bounty)
Seat 2: henzia (414, 0.22€ bounty)
Seat 3: P1xel7 (974, 0.22€ bounty)
*** ANTE/BLINDS ***
P1xel7 posts ante 6
KrotoQQ posts ante 6
henzia posts ante 6
P1xel7 posts small blind 25
KrotoQQ posts big blind 50
Dealt to P1xel7 [Qd 9d]
*** PRE-FLOP *** 
henzia folds
P1xel7 raises 75 to 125
KrotoQQ calls 75
*** FLOP *** [9h 4c Kd]
P1xel7 bets 94
KrotoQQ folds
P1xel7 collected 362 from pot
*** SUMMARY ***
Total pot 362 | No rake
Board: [9h 4c Kd]
Seat 3: P1xel7 (small blind) won 362


Winamax Poker - Tournament "Trident" buyIn: 0.45€ + 0.05€ level: 6 - HandId: #2934412920387272708-42-1693078089 - Holdem no limit (6/25/50) - 2023/08/26 19:28:09 UTC
Table: 'Trident(683221249)#0003' 3-max (real money) Seat #3 is the button
Seat 1: KrotoQQ (1614, 0.44€ bounty)
Seat 2: henzia (408, 0.22€ bounty)
Seat 3: P1xel7 (1111, 0.22€ bounty)
*** ANTE/BLINDS ***
KrotoQQ posts ante 6
henzia posts ante 6
P1xel7 posts ante 6
KrotoQQ posts small blind 25
henzia posts big blind 50
Dealt to P1xel7 [Ac Jc]
*** PRE-FLOP *** 
P1xel7 raises 75 to 125
KrotoQQ folds
henzia folds
P1xel7 collected 218 from pot
*** SUMMARY ***
Total pot 218 | No rake
Seat 3: P1xel7 (button) won 218


Winamax Poker - Tournament "Trident" buyIn: 0.45€ + 0.05€ level: 6 - HandId: #2934412920387272708-43-1693078101 - Holdem no limit (6/25/50) - 2023/08/26 19:28:21 UTC
Table: 'Trident(683221249)#0003' 3-max (real money) Seat #1 is the button
Seat 1: KrotoQQ (1583, 0.44€ bounty)
Seat 2: henzia (352, 0.22€ bounty)
Seat 3: P1xel7 (1198, 0.22€ bounty)
*** ANTE/BLINDS ***
henzia posts ante 6
P1xel7 posts ante 6
KrotoQQ posts ante 6
henzia posts small blind 25
P1xel7 posts big blind 50
Dealt to P1xel7 [7h Tc]
*** PRE-FLOP *** 
KrotoQQ raises 50 to 100
henzia raises 246 to 346 and is all-in
P1xel7 folds
KrotoQQ calls 246
*** FLOP *** [3c 6d Td]
*** TURN *** [3c 6d Td][Jc]
*** RIVER *** [3c 6d Td Jc][Qd]
*** SHOW DOWN ***
KrotoQQ shows [Ah 4c] (High card : Ace)
henzia shows [5s 5d] (One pair : 5)
henzia collected 760 from pot
*** SUMMARY ***
Total pot 760 | No rake
Board: [3c 6d Td Jc Qd]
Seat 1: KrotoQQ (button) showed [Ah 4c] and lost with High card : Ace
Seat 2: henzia (small blind) showed [5s 5d] and won 760 with One pair : 5


Winamax Poker - Tournament "Trident" buyIn: 0.45€ + 0.05€ level: 6 - HandId: #2934412920387272708-44-1693078119 - Holdem no limit (6/25/50) - 2023/08/26 19:28:39 UTC
Table: 'Trident(683221249)#0003' 3-max (real money) Seat #2 is the button
Seat 1: KrotoQQ (1231, 0.44€ bounty)
Seat 2: henzia (760, 0.22€ bounty)
Seat 3: P1xel7 (1142, 0.22€ bounty)
*** ANTE/BLINDS ***
P1xel7 posts ante 6
KrotoQQ posts ante 6
henzia posts ante 6
P1xel7 posts small blind 25
KrotoQQ posts big blind 50
Dealt to P1xel7 [Ac Ks]
*** PRE-FLOP *** 
henzia calls 50
P1xel7 raises 100 to 150
KrotoQQ folds
henzia calls 100
*** FLOP *** [Qh 4h Qc]
P1xel7 checks
henzia checks
*** TURN *** [Qh 4h Qc][9d]
P1xel7 bets 184
henzia calls 184
*** RIVER *** [Qh 4h Qc 9d][4c]
P1xel7 bets 258
henzia folds
P1xel7 collected 994 from pot
*** SUMMARY ***
Total pot 994 | No rake
Board: [Qh 4h Qc 9d 4c]
Seat 3: P1xel7 (small blind) won 994


Winamax Poker - Tournament "Trident" buyIn: 0.45€ + 0.05€ level: 6 - HandId: #2934412920387272708-45-1693078143 - Holdem no limit (6/25/50) - 2023/08/26 19:29:03 UTC
Table: 'Trident(683221249)#0003' 3-max (real money) Seat #3 is the button
Seat 1: KrotoQQ (1175, 0.44€ bounty)
Seat 2: henzia (420, 0.22€ bounty)
Seat 3: P1xel7 (1538, 0.22€ bounty)
*** ANTE/BLINDS ***
KrotoQQ posts ante 6
henzia posts ante 6
P1xel7 posts ante 6
KrotoQQ posts small blind 25
henzia posts big blind 50
Dealt to P1xel7 [5d Ks]
*** PRE-FLOP *** 
P1xel7 folds
KrotoQQ calls 25
henzia checks
*** FLOP *** [8s 4h Ah]
KrotoQQ bets 50
henzia folds
KrotoQQ collected 168 from pot
*** SUMMARY ***
Total pot 168 | No rake
Board: [8s 4h Ah]
Seat 1: KrotoQQ (small blind) won 168


Winamax Poker - Tournament "Trident" buyIn: 0.45€ + 0.05€ level: 6 - HandId: #2934412920387272708-46-1693078153 - Holdem no limit (6/25/50) - 2023/08/26 19:29:13 UTC
Table: 'Trident(683221249)#0003' 3-max (real money) Seat #1 is the button
Seat 1: KrotoQQ (1237, 0.44€ bounty)
Seat 2: henzia (364, 0.22€ bounty)
Seat 3: P1xel7 (1532, 0.22€ bounty)
*** ANTE/BLINDS ***
henzia posts ante 6
P1xel7 posts ante 6
KrotoQQ posts ante 6
henzia posts small blind 25
P1xel7 posts big blind 50
Dealt to P1xel7 [9s 3h]
*** PRE-FLOP *** 
KrotoQQ folds
henzia folds
P1xel7 collected 93 from pot
*** SUMMARY ***
Total pot 93 | No rake
Seat 3: P1xel7 (big blind) won 93


Winamax Poker - Tournament "Trident" buyIn: 0.45€ + 0.05€ level: 6 - HandId: #2934412920387272708-47-1693078165 - Holdem no limit (6/25/50) - 2023/08/26 19:29:25 UTC
Table: 'Trident(683221249)#0003' 3-max (real money) Seat #2 is the button
Seat 1: KrotoQQ (1231, 0.44€ bounty)
Seat 2: henzia (333, 0.22€ bounty)
Seat 3: P1xel7 (1569, 0.22€ bounty)
*** ANTE/BLINDS ***
P1xel7 posts ante 6
KrotoQQ posts ante 6
henzia posts ante 6
P1xel7 posts small blind 25
KrotoQQ posts big blind 50
Dealt to P1xel7 [7s 6c]
*** PRE-FLOP *** 
henzia raises 277 to 327 and is all-in
P1xel7 folds
KrotoQQ folds
henzia collected 420 from pot
*** SUMMARY ***
Total pot 420 | No rake
Seat 2: henzia (button) won 420


Winamax Poker - Tournament "Trident" buyIn: 0.45€ + 0.05€ level: 6 - HandId: #2934412920387272708-48-1693078173 - Holdem no limit (6/25/50) - 2023/08/26 19:29:33 UTC
Table: 'Trident(683221249)#0003' 3-max (real money) Seat #3 is the button
Seat 1: KrotoQQ (1175, 0.44€ bounty)
Seat 2: henzia (420, 0.22€ bounty)
Seat 3: P1xel7 (1538, 0.22€ bounty)
*** ANTE/BLINDS ***
KrotoQQ posts ante 6
henzia posts ante 6
P1xel7 posts ante 6
KrotoQQ posts small blind 25
henzia posts big blind 50
Dealt to P1xel7 [8h Qc]
*** PRE-FLOP *** 
P1xel7 folds
KrotoQQ calls 25
henzia checks
*** FLOP *** [6c 8d 5s]
KrotoQQ bets 50
henzia folds
KrotoQQ collected 168 from pot
*** SUMMARY ***
Total pot 168 | No rake
Board: [6c 8d 5s]
Seat 1: KrotoQQ (small blind) won 168


Winamax Poker - Tournament "Trident" buyIn: 0.45€ + 0.05€ level: 6 - HandId: #2934412920387272708-49-1693078187 - Holdem no limit (6/25/50) - 2023/08/26 19:29:47 UTC
Table: 'Trident(683221249)#0003' 3-max (real money) Seat #1 is the button
Seat 1: KrotoQQ (1237, 0.44€ bounty)
Seat 2: henzia (364, 0.22€ bounty)
Seat 3: P1xel7 (1532, 0.22€ bounty)
*** ANTE/BLINDS ***
henzia posts ante 6
P1xel7 posts ante 6
KrotoQQ posts ante 6
henzia posts small blind 25
P1xel7 posts big blind 50
Dealt to P1xel7 [9d Jd]
*** PRE-FLOP *** 
KrotoQQ folds
henzia calls 25
P1xel7 checks
*** FLOP *** [7c 2d Ac]
henzia checks
P1xel7 bets 118
henzia folds
P1xel7 collected 236 from pot
*** SUMMARY ***
Total pot 236 | No rake
Board: [7c 2d Ac]
Seat 3: P1xel7 (big blind) won 236


Winamax Poker - Tournament "Trident" buyIn: 0.45€ + 0.05€ level: 7 - HandId: #2934412920387272708-50-1693078208 - Holdem no limit (7/30/60) - 2023/08/26 19:30:08 UTC
Table: 'Trident(683221249)#0003' 3-max (real money) Seat #2 is the button
Seat 1: KrotoQQ (1231, 0.44€ bounty)
Seat 2: henzia (308, 0.22€ bounty)
Seat 3: P1xel7 (1594, 0.22€ bounty)
*** ANTE/BLINDS ***
P1xel7 posts ante 7
KrotoQQ posts ante 7
henzia posts ante 7
P1xel7 posts small blind 30
KrotoQQ posts big blind 60
Dealt to P1xel7 [Jd Tc]
*** PRE-FLOP *** 
henzia raises 241 to 301 and is all-in
P1xel7 folds
KrotoQQ calls 241
*** FLOP *** [2h 5c 2c]
*** TURN *** [2h 5c 2c][8s]
*** RIVER *** [2h 5c 2c 8s][5s]
*** SHOW DOWN ***
KrotoQQ shows [9s Qh] (Two pairs : 5 and 2)
henzia shows [Ac 6c] (Two pairs : 5 and 2)
henzia collected 653 from pot
*** SUMMARY ***
Total pot 653 | No rake
Board: [2h 5c 2c 8s 5s]
Seat 1: KrotoQQ (big blind) showed [9s Qh] and lost with Two pairs : 5 and 2
Seat 2: henzia (button) showed [Ac 6c] and won 653 with Two pairs : 5 and 2


Winamax Poker - Tournament "Trident" buyIn: 0.45€ + 0.05€ level: 7 - HandId: #2934412920387272708-51-1693078224 - Holdem no limit (7/30/60) - 2023/08/26 19:30:24 UTC
Table: 'Trident(683221249)#0003' 3-max (real money) Seat #3 is the button
Seat 1: KrotoQQ (923, 0.44€ bounty)
Seat 2: henzia (653, 0.22€ bounty)
Seat 3: P1xel7 (1557, 0.22€ bounty)
*** ANTE/BLINDS ***
KrotoQQ posts ante 7
henzia posts ante 7
P1xel7 posts ante 7
KrotoQQ posts small blind 30
henzia posts big blind 60
Dealt to P1xel7 [9h 7d]
*** PRE-FLOP *** 
P1xel7 folds
KrotoQQ raises 856 to 916 and is all-in
henzia calls 586 and is all-in
*** FLOP *** [9s 3h 2d]
*** TURN *** [9s 3h 2d][3d]
*** RIVER *** [9s 3h 2d 3d][Jd]
*** SHOW DOWN ***
henzia shows [Ad 8h] (One pair : 3)
KrotoQQ shows [Tc Ac] (One pair : 3)
KrotoQQ collected 1583 from pot
*** SUMMARY ***
Total pot 1583 | No rake
Board: [9s 3h 2d 3d Jd]
Seat 1: KrotoQQ (small blind) showed [Tc Ac] and won 1583 with One pair : 3
Seat 2: henzia (big blind) showed [Ad 8h] and lost with One pair : 3


Winamax Poker - Tournament "Trident" buyIn: 0.45€ + 0.05€ level: 7 - HandId: #2934412920387272708-52-1693078240 - Holdem no limit (7/30/60) - 2023/08/26 19:30:40 UTC
Table: 'Trident(683221249)#0003' 3-max (real money) Seat #3 is the button
Seat 1: KrotoQQ (1583, 0.55€ bounty)
Seat 3: P1xel7 (1550, 0.22€ bounty)
*** ANTE/BLINDS ***
P1xel7 posts ante 7
KrotoQQ posts ante 7
P1xel7 posts small blind 30
KrotoQQ posts big blind 60
Dealt to P1xel7 [7d 6s]
*** PRE-FLOP *** 
P1xel7 folds
KrotoQQ collected 104 from pot
*** SUMMARY ***
Total pot 104 | No rake
Seat 1: KrotoQQ (big blind) won 104


Winamax Poker - Tournament "Trident" buyIn: 0.45€ + 0.05€ level: 7 - HandId: #2934412920387272708-53-1693078245 - Holdem no limit (7/30/60) - 2023/08/26 19:30:45 UTC
Table: 'Trident(683221249)#0003' 3-max (real money) Seat #1 is the button
Seat 1: KrotoQQ (1620, 0.55€ bounty)
Seat 3: P1xel7 (1513, 0.22€ bounty)
*** ANTE/BLINDS ***
KrotoQQ posts ante 7
P1xel7 posts ante 7
KrotoQQ posts small blind 30
P1xel7 posts big blind 60
Dealt to P1xel7 [8h Js]
*** PRE-FLOP *** 
KrotoQQ calls 30
P1xel7 checks
*** FLOP *** [4c 2h Ks]
P1xel7 checks
KrotoQQ bets 60
P1xel7 folds
KrotoQQ collected 194 from pot
*** SUMMARY ***
Total pot 194 | No rake
Board: [4c 2h Ks]
Seat 1: KrotoQQ (small blind) (button) won 194


Winamax Poker - Tournament "Trident" buyIn: 0.45€ + 0.05€ level: 7 - HandId: #2934412920387272708-54-1693078255 - Holdem no limit (7/30/60) - 2023/08/26 19:30:55 UTC
Table: 'Trident(683221249)#0003' 3-max (real money) Seat #3 is the button
Seat 1: KrotoQQ (1687, 0.55€ bounty)
Seat 2: RhoLaLaaaaaa (500, 0.22€ bounty)
Seat 3: P1xel7 (1446, 0.22€ bounty)
*** ANTE/BLINDS ***
P1xel7 posts ante 7
KrotoQQ posts ante 7
P1xel7 posts small blind 30
KrotoQQ posts big blind 60
Dealt to P1xel7 [Ts 5s]
*** PRE-FLOP *** 
P1xel7 folds
KrotoQQ collected 104 from pot
*** SUMMARY ***
Total pot 104 | No rake
Seat 1: KrotoQQ (big blind) won 104


Winamax Poker - Tournament "Trident" buyIn: 0.45€ + 0.05€ level: 7 - HandId: #2934412920387272708-55-1693078259 - Holdem no limit (7/30/60) - 2023/08/26 19:30:59 UTC
Table: 'Trident(683221249)#0003' 3-max (real money) Seat #3 is the button
Seat 1: KrotoQQ (1724, 0.55€ bounty)
Seat 2: RhoLaLaaaaaa (500, 0.22€ bounty)
Seat 3: P1xel7 (1409, 0.22€ bounty)
*** ANTE/BLINDS ***
KrotoQQ posts ante 7
RhoLaLaaaaaa posts ante 7
P1xel7 posts ante 7
KrotoQQ posts small blind 30
RhoLaLaaaaaa posts big blind 60
Dealt to P1xel7 [Js 8h]
*** PRE-FLOP *** 
P1xel7 folds
KrotoQQ folds
RhoLaLaaaaaa collected 111 from pot
*** SUMMARY ***
Total pot 111 | No rake
Seat 2: RhoLaLaaaaaa (big blind) won 111


Winamax Poker - Tournament "Trident" buyIn: 0.45€ + 0.05€ level: 7 - HandId: #2934412920387272708-56-1693078266 - Holdem no limit (7/30/60) - 2023/08/26 19:31:06 UTC
Table: 'Trident(683221249)#0003' 3-max (real money) Seat #1 is the button
Seat 1: KrotoQQ (1687, 0.55€ bounty)
Seat 2: RhoLaLaaaaaa (544, 0.22€ bounty)
Seat 3: P1xel7 (1402, 0.22€ bounty)
*** ANTE/BLINDS ***
RhoLaLaaaaaa posts ante 7
P1xel7 posts ante 7
KrotoQQ posts ante 7
RhoLaLaaaaaa posts small blind 30
P1xel7 posts big blind 60
Dealt to P1xel7 [2s Ks]
*** PRE-FLOP *** 
KrotoQQ folds
RhoLaLaaaaaa raises 477 to 537 and is all-in
P1xel7 folds
RhoLaLaaaaaa collected 618 from pot
*** SUMMARY ***
Total pot 618 | No rake
Seat 2: RhoLaLaaaaaa (small blind) won 618


Winamax Poker - Tournament "Trident" buyIn: 0.45€ + 0.05€ level: 7 - HandId: #2934412920387272708-57-1693078285 - Holdem no limit (7/30/60) - 2023/08/26 19:31:25 UTC
Table: 'Trident(683221249)#0003' 3-max (real money) Seat #2 is the button
Seat 1: KrotoQQ (1680, 0.55€ bounty)
Seat 2: RhoLaLaaaaaa (618, 0.22€ bounty)
Seat 3: P1xel7 (1335, 0.22€ bounty)
*** ANTE/BLINDS ***
P1xel7 posts ante 7
KrotoQQ posts ante 7
RhoLaLaaaaaa posts ante 7
P1xel7 posts small blind 30
KrotoQQ posts big blind 60
Dealt to P1xel7 [5c 4s]
*** PRE-FLOP *** 
RhoLaLaaaaaa folds
P1xel7 folds
KrotoQQ collected 111 from pot
*** SUMMARY ***
Total pot 111 | No rake
Seat 1: KrotoQQ (big blind) won 111


Winamax Poker - Tournament "Trident" buyIn: 0.45€ + 0.05€ level: 7 - HandId: #2934412920387272708-58-1693078290 - Holdem no limit (7/30/60) - 2023/08/26 19:31:30 UTC
Table: 'Trident(683221249)#0003' 3-max (real money) Seat #3 is the button
Seat 1: KrotoQQ (1724, 0.55€ bounty)
Seat 2: RhoLaLaaaaaa (611, 0.22€ bounty)
Seat 3: P1xel7 (1298, 0.22€ bounty)
*** ANTE/BLINDS ***
KrotoQQ posts ante 7
RhoLaLaaaaaa posts ante 7
P1xel7 posts ante 7
KrotoQQ posts small blind 30
RhoLaLaaaaaa posts big blind 60
Dealt to P1xel7 [7s Ah]
*** PRE-FLOP *** 
P1xel7 raises 90 to 150
KrotoQQ folds
RhoLaLaaaaaa folds
P1xel7 collected 261 from pot
*** SUMMARY ***
Total pot 261 | No rake
Seat 3: P1xel7 (button) won 261


Winamax Poker - Tournament "Trident" buyIn: 0.45€ + 0.05€ level: 7 - HandId: #2934412920387272708-59-1693078298 - Holdem no limit (7/30/60) - 2023/08/26 19:31:38 UTC
Table: 'Trident(683221249)#0003' 3-max (real money) Seat #1 is the button
Seat 1: KrotoQQ (1687, 0.55€ bounty)
Seat 2: RhoLaLaaaaaa (544, 0.22€ bounty)
Seat 3: P1xel7 (1402, 0.22€ bounty)
*** ANTE/BLINDS ***
RhoLaLaaaaaa posts ante 7
P1xel7 posts ante 7
KrotoQQ posts ante 7
RhoLaLaaaaaa posts small blind 30
P1xel7 posts big blind 60
Dealt to P1xel7 [Qs 6d]
*** PRE-FLOP *** 
KrotoQQ folds
RhoLaLaaaaaa folds
P1xel7 collected 111 from pot
*** SUMMARY ***
Total pot 111 | No rake
Seat 3: P1xel7 (big blind) won 111


Winamax Poker - Tournament "Trident" buyIn: 0.45€ + 0.05€ level: 7 - HandId: #2934412920387272708-60-1693078304 - Holdem no limit (7/30/60) - 2023/08/26 19:31:44 UTC
Table: 'Trident(683221249)#0003' 3-max (real money) Seat #2 is the button
Seat 1: KrotoQQ (1680, 0.55€ bounty)
Seat 2: RhoLaLaaaaaa (507, 0.22€ bounty)
Seat 3: P1xel7 (1446, 0.22€ bounty)
*** ANTE/BLINDS ***
P1xel7 posts ante 7
KrotoQQ posts ante 7
RhoLaLaaaaaa posts ante 7
P1xel7 posts small blind 30
KrotoQQ posts big blind 60
Dealt to P1xel7 [8c Ah]
*** PRE-FLOP *** 
RhoLaLaaaaaa folds
P1xel7 raises 90 to 150
KrotoQQ calls 90
*** FLOP *** [Kc 2s 3d]
P1xel7 bets 112
KrotoQQ folds
P1xel7 collected 433 from pot
*** SUMMARY ***
Total pot 433 | No rake
Board: [Kc 2s 3d]
Seat 3: P1xel7 (small blind) won 433


Winamax Poker - Tournament "Trident" buyIn: 0.45€ + 0.05€ level: 7 - HandId: #2934412920387272708-61-1693078320 - Holdem no limit (7/30/60) - 2023/08/26 19:32:00 UTC
Table: 'Trident(683221249)#0003' 3-max (real money) Seat #3 is the button
Seat 1: KrotoQQ (1523, 0.55€ bounty)
Seat 2: RhoLaLaaaaaa (500, 0.22€ bounty)
Seat 3: P1xel7 (1610, 0.22€ bounty)
*** ANTE/BLINDS ***
KrotoQQ posts ante 7
RhoLaLaaaaaa posts ante 7
P1xel7 posts ante 7
KrotoQQ posts small blind 30
RhoLaLaaaaaa posts big blind 60
Dealt to P1xel7 [6s Jc]
*** PRE-FLOP *** 
P1xel7 folds
KrotoQQ calls 30
RhoLaLaaaaaa checks
*** FLOP *** [Qs 4d Ks]
KrotoQQ checks
RhoLaLaaaaaa bets 71
KrotoQQ calls 71
*** TURN *** [Qs 4d Ks][5h]
KrotoQQ checks
RhoLaLaaaaaa bets 142
KrotoQQ calls 142
*** RIVER *** [Qs 4d Ks 5h][6c]
KrotoQQ checks
RhoLaLaaaaaa bets 220 and is all-in
KrotoQQ calls 220
*** SHOW DOWN ***
KrotoQQ shows [7s Qd] (One pair : Queens)
RhoLaLaaaaaa shows [5d Qh] (Two pairs : Queens and 5)
RhoLaLaaaaaa collected 1007 from pot
*** SUMMARY ***
Total pot 1007 | No rake
Board: [Qs 4d Ks 5h 6c]
Seat 1: KrotoQQ (small blind) showed [7s Qd] and lost with One pair : Queens
Seat 2: RhoLaLaaaaaa (big blind) showed [5d Qh] and won 1007 with Two pairs : Queens and 5


Winamax Poker - Tournament "Trident" buyIn: 0.45€ + 0.05€ level: 8 - HandId: #2934412920387272708-62-1693078352 - Holdem no limit (8/35/70) - 2023/08/26 19:32:32 UTC
Table: 'Trident(683221249)#0003' 3-max (real money) Seat #1 is the button
Seat 1: KrotoQQ (1023, 0.55€ bounty)
Seat 2: RhoLaLaaaaaa (1007, 0.22€ bounty)
Seat 3: P1xel7 (1603, 0.22€ bounty)
*** ANTE/BLINDS ***
RhoLaLaaaaaa posts ante 8
P1xel7 posts ante 8
KrotoQQ posts ante 8
RhoLaLaaaaaa posts small blind 35
P1xel7 posts big blind 70
Dealt to P1xel7 [Kh 9d]
*** PRE-FLOP *** 
KrotoQQ folds
RhoLaLaaaaaa raises 123 to 193
P1xel7 calls 123
*** FLOP *** [Kd Kc 3s]
RhoLaLaaaaaa bets 103
P1xel7 calls 103
*** TURN *** [Kd Kc 3s][2c]
RhoLaLaaaaaa checks
P1xel7 checks
*** RIVER *** [Kd Kc 3s 2c][4h]
RhoLaLaaaaaa checks
P1xel7 bets 400
RhoLaLaaaaaa folds
P1xel7 collected 1016 from pot
*** SUMMARY ***
Total pot 1016 | No rake
Board: [Kd Kc 3s 2c 4h]
Seat 3: P1xel7 (big blind) won 1016


Winamax Poker - Tournament "Trident" buyIn: 0.45€ + 0.05€ level: 8 - HandId: #2934412920387272708-63-1693078376 - Holdem no limit (8/35/70) - 2023/08/26 19:32:56 UTC
Table: 'Trident(683221249)#0003' 3-max (real money) Seat #2 is the button
Seat 1: KrotoQQ (1015, 0.55€ bounty)
Seat 2: RhoLaLaaaaaa (703, 0.22€ bounty)
Seat 3: P1xel7 (1915, 0.22€ bounty)
*** ANTE/BLINDS ***
P1xel7 posts ante 8
KrotoQQ posts ante 8
RhoLaLaaaaaa posts ante 8
P1xel7 posts small blind 35
KrotoQQ posts big blind 70
Dealt to P1xel7 [5c Td]
*** PRE-FLOP *** 
RhoLaLaaaaaa calls 70
P1xel7 folds
KrotoQQ checks
*** FLOP *** [Kh Qc 3c]
KrotoQQ checks
RhoLaLaaaaaa checks
*** TURN *** [Kh Qc 3c][5h]
KrotoQQ checks
RhoLaLaaaaaa bets 100
KrotoQQ folds
RhoLaLaaaaaa collected 299 from pot
*** SUMMARY ***
Total pot 299 | No rake
Board: [Kh Qc 3c 5h]
Seat 2: RhoLaLaaaaaa (button) won 299


Winamax Poker - Tournament "Trident" buyIn: 0.45€ + 0.05€ level: 8 - HandId: #2934412920387272708-64-1693078392 - Holdem no limit (8/35/70) - 2023/08/26 19:33:12 UTC
Table: 'Trident(683221249)#0003' 3-max (real money) Seat #3 is the button
Seat 1: KrotoQQ (937, 0.55€ bounty)
Seat 2: RhoLaLaaaaaa (824, 0.22€ bounty)
Seat 3: P1xel7 (1872, 0.22€ bounty)
*** ANTE/BLINDS ***
KrotoQQ posts ante 8
RhoLaLaaaaaa posts ante 8
P1xel7 posts ante 8
KrotoQQ posts small blind 35
RhoLaLaaaaaa posts big blind 70
Dealt to P1xel7 [Kh As]
*** PRE-FLOP *** 
P1xel7 raises 140 to 210
KrotoQQ raises 719 to 929 and is all-in
RhoLaLaaaaaa folds
P1xel7 calls 719
*** FLOP *** [3c 5s Kc]
*** TURN *** [3c 5s Kc][Ah]
*** RIVER *** [3c 5s Kc Ah][Qh]
*** SHOW DOWN ***
KrotoQQ shows [7d Qd] (One pair : Queens)
P1xel7 shows [Kh As] (Two pairs : Aces and Kings)
P1xel7 collected 1952 from pot
*** SUMMARY ***
Total pot 1952 | No rake
Board: [3c 5s Kc Ah Qh]
Seat 1: KrotoQQ (small blind) showed [7d Qd] and lost with One pair : Queens
Seat 3: P1xel7 (button) showed [Kh As] and won 1952 with Two pairs : Aces and Kings


Winamax Poker - Tournament "Trident" buyIn: 0.45€ + 0.05€ level: 8 - HandId: #2934412920387272708-65-1693078410 - Holdem no limit (8/35/70) - 2023/08/26 19:33:30 UTC
Table: 'Trident(683221249)#0003' 3-max (real money) Seat #2 is the button
Seat 2: RhoLaLaaaaaa (746, 0.22€ bounty)
Seat 3: P1xel7 (2887, 0.49€ bounty)
*** ANTE/BLINDS ***
RhoLaLaaaaaa posts ante 8
P1xel7 posts ante 8
RhoLaLaaaaaa posts small blind 35
P1xel7 posts big blind 70
Dealt to P1xel7 [Qd 2c]
*** PRE-FLOP *** 
RhoLaLaaaaaa raises 668 to 738 and is all-in
P1xel7 folds
RhoLaLaaaaaa collected 824 from pot
*** SUMMARY ***
Total pot 824 | No rake
Seat 2: RhoLaLaaaaaa (small blind) (button) won 824


Winamax Poker - Tournament "Trident" buyIn: 0.45€ + 0.05€ level: 8 - HandId: #2934412920387272708-66-1693078417 - Holdem no limit (8/35/70) - 2023/08/26 19:33:37 UTC
Table: 'Trident(683221249)#0003' 3-max (real money) Seat #3 is the button
Seat 2: RhoLaLaaaaaa (824, 0.22€ bounty)
Seat 3: P1xel7 (2809, 0.49€ bounty)
*** ANTE/BLINDS ***
P1xel7 posts ante 8
RhoLaLaaaaaa posts ante 8
P1xel7 posts small blind 35
RhoLaLaaaaaa posts big blind 70
Dealt to P1xel7 [5d 2d]
*** PRE-FLOP *** 
P1xel7 raises 105 to 175
RhoLaLaaaaaa folds
P1xel7 collected 261 from pot
*** SUMMARY ***
Total pot 261 | No rake
Seat 3: P1xel7 (small blind) (button) won 261


Winamax Poker - Tournament "Trident" buyIn: 0.45€ + 0.05€ level: 8 - HandId: #2934412920387272708-67-1693078425 - Holdem no limit (8/35/70) - 2023/08/26 19:33:45 UTC
Table: 'Trident(683221249)#0003' 3-max (real money) Seat #2 is the button
Seat 2: RhoLaLaaaaaa (746, 0.22€ bounty)
Seat 3: P1xel7 (2887, 0.49€ bounty)
*** ANTE/BLINDS ***
RhoLaLaaaaaa posts ante 8
P1xel7 posts ante 8
RhoLaLaaaaaa posts small blind 35
P1xel7 posts big blind 70
Dealt to P1xel7 [Qs 3d]
*** PRE-FLOP *** 
RhoLaLaaaaaa folds
P1xel7 collected 121 from pot
*** SUMMARY ***
Total pot 121 | No rake
Seat 3: P1xel7 (big blind) won 121


Winamax Poker - Tournament "Trident" buyIn: 0.45€ + 0.05€ level: 8 - HandId: #2934412920387272708-68-1693078431 - Holdem no limit (8/35/70) - 2023/08/26 19:33:51 UTC
Table: 'Trident(683221249)#0003' 3-max (real money) Seat #3 is the button
Seat 2: RhoLaLaaaaaa (703, 0.22€ bounty)
Seat 3: P1xel7 (2930, 0.49€ bounty)
*** ANTE/BLINDS ***
P1xel7 posts ante 8
RhoLaLaaaaaa posts ante 8
P1xel7 posts small blind 35
RhoLaLaaaaaa posts big blind 70
Dealt to P1xel7 [2d 5c]
*** PRE-FLOP *** 
P1xel7 folds
RhoLaLaaaaaa collected 121 from pot
*** SUMMARY ***
Total pot 121 | No rake
Seat 2: RhoLaLaaaaaa (big blind) won 121


Winamax Poker - Tournament "Trident" buyIn: 0.45€ + 0.05€ level: 8 - HandId: #2934412920387272708-69-1693078434 - Holdem no limit (8/35/70) - 2023/08/26 19:33:54 UTC
Table: 'Trident(683221249)#0003' 3-max (real money) Seat #2 is the button
Seat 2: RhoLaLaaaaaa (746, 0.22€ bounty)
Seat 3: P1xel7 (2887, 0.49€ bounty)
*** ANTE/BLINDS ***
RhoLaLaaaaaa posts ante 8
P1xel7 posts ante 8
RhoLaLaaaaaa posts small blind 35
P1xel7 posts big blind 70
Dealt to P1xel7 [4d 3h]
*** PRE-FLOP *** 
RhoLaLaaaaaa folds
P1xel7 collected 121 from pot
*** SUMMARY ***
Total pot 121 | No rake
Seat 3: P1xel7 (big blind) won 121


Winamax Poker - Tournament "Trident" buyIn: 0.45€ + 0.05€ level: 8 - HandId: #2934412920387272708-70-1693078441 - Holdem no limit (8/35/70) - 2023/08/26 19:34:01 UTC
Table: 'Trident(683221249)#0003' 3-max (real money) Seat #2 is the button
Seat 1: Plumixx (500, 0.22€ bounty)
Seat 2: RhoLaLaaaaaa (703, 0.22€ bounty)
Seat 3: P1xel7 (2930, 0.49€ bounty)
*** ANTE/BLINDS ***
P1xel7 posts ante 8
Plumixx posts ante 8
RhoLaLaaaaaa posts ante 8
P1xel7 posts small blind 35
Plumixx posts big blind 70
Dealt to P1xel7 [Jd 3h]
*** PRE-FLOP *** 
RhoLaLaaaaaa folds
P1xel7 raises 105 to 175
Plumixx folds
P1xel7 collected 269 from pot
*** SUMMARY ***
Total pot 269 | No rake
Seat 3: P1xel7 (small blind) won 269


Winamax Poker - Tournament "Trident" buyIn: 0.45€ + 0.05€ level: 8 - HandId: #2934412920387272708-71-1693078452 - Holdem no limit (8/35/70) - 2023/08/26 19:34:12 UTC
Table: 'Trident(683221249)#0003' 3-max (real money) Seat #3 is the button
Seat 1: Plumixx (422, 0.22€ bounty)
Seat 2: RhoLaLaaaaaa (695, 0.22€ bounty)
Seat 3: P1xel7 (3016, 0.49€ bounty)
*** ANTE/BLINDS ***
Plumixx posts ante 8
RhoLaLaaaaaa posts ante 8
P1xel7 posts ante 8
Plumixx posts small blind 35
RhoLaLaaaaaa posts big blind 70
Dealt to P1xel7 [8c 8s]
*** PRE-FLOP *** 
P1xel7 raises 105 to 175
Plumixx folds
RhoLaLaaaaaa folds
P1xel7 collected 304 from pot
*** SUMMARY ***
Total pot 304 | No rake
Seat 3: P1xel7 (button) won 304


Winamax Poker - Tournament "Trident" buyIn: 0.45€ + 0.05€ level: 8 - HandId: #2934412920387272708-72-1693078470 - Holdem no limit (8/35/70) - 2023/08/26 19:34:30 UTC
Table: 'Trident(683221249)#0003' 3-max (real money) Seat #1 is the button
Seat 1: Plumixx (379, 0.22€ bounty)
Seat 2: RhoLaLaaaaaa (617, 0.22€ bounty)
Seat 3: P1xel7 (3137, 0.49€ bounty)
*** ANTE/BLINDS ***
RhoLaLaaaaaa posts ante 8
P1xel7 posts ante 8
Plumixx posts ante 8
RhoLaLaaaaaa posts small blind 35
P1xel7 posts big blind 70
Dealt to P1xel7 [7s 9c]
*** PRE-FLOP *** 
Plumixx folds
RhoLaLaaaaaa calls 35
P1xel7 checks
*** FLOP *** [9d Js Jd]
RhoLaLaaaaaa checks
P1xel7 bets 82
RhoLaLaaaaaa calls 82
*** TURN *** [9d Js Jd][5d]
RhoLaLaaaaaa checks
P1xel7 bets 164
RhoLaLaaaaaa calls 164
*** RIVER *** [9d Js Jd 5d][Kc]
RhoLaLaaaaaa bets 230
P1xel7 folds
RhoLaLaaaaaa collected 886 from pot
*** SUMMARY ***
Total pot 886 | No rake
Board: [9d Js Jd 5d Kc]
Seat 2: RhoLaLaaaaaa (small blind) won 886


Winamax Poker - Tournament "Trident" buyIn: 0.45€ + 0.05€ level: 9 - HandId: #2934412920387272708-73-1693078545 - Holdem no limit (10/40/80) - 2023/08/26 19:35:45 UTC
Table: 'Trident(683221249)#0003' 3-max (real money) Seat #2 is the button
Seat 1: Plumixx (371, 0.22€ bounty)
Seat 2: RhoLaLaaaaaa (949, 0.22€ bounty)
Seat 3: P1xel7 (2813, 0.49€ bounty)
*** ANTE/BLINDS ***
P1xel7 posts ante 10
Plumixx posts ante 10
RhoLaLaaaaaa posts ante 10
P1xel7 posts small blind 40
Plumixx posts big blind 80
Dealt to P1xel7 [3s Qs]
*** PRE-FLOP *** 
RhoLaLaaaaaa folds
P1xel7 raises 120 to 200
Plumixx raises 161 to 361 and is all-in
P1xel7 calls 161
*** FLOP *** [9c Jh Qd]
*** TURN *** [9c Jh Qd][2d]
*** RIVER *** [9c Jh Qd 2d][5s]
*** SHOW DOWN ***
Plumixx shows [As 4c] (High card : Ace)
P1xel7 shows [3s Qs] (One pair : Queens)
P1xel7 collected 752 from pot
*** SUMMARY ***
Total pot 752 | No rake
Board: [9c Jh Qd 2d 5s]
Seat 1: Plumixx (big blind) showed [As 4c] and lost with High card : Ace
Seat 3: P1xel7 (small blind) showed [3s Qs] and won 752 with One pair : Queens


Winamax Poker - Tournament "Trident" buyIn: 0.45€ + 0.05€ level: 9 - HandId: #2934412920387272708-74-1693078571 - Holdem no limit (10/40/80) - 2023/08/26 19:36:11 UTC
Table: 'Trident(683221249)#0003' 3-max (real money) Seat #2 is the button
Seat 2: RhoLaLaaaaaa (939, 0.22€ bounty)
Seat 3: P1xel7 (3194, 0.60€ bounty)
*** ANTE/BLINDS ***
RhoLaLaaaaaa posts ante 10
P1xel7 posts ante 10
RhoLaLaaaaaa posts small blind 40
P1xel7 posts big blind 80
Dealt to P1xel7 [7d 4h]
*** PRE-FLOP *** 
RhoLaLaaaaaa folds
P1xel7 collected 140 from pot
*** SUMMARY ***
Total pot 140 | No rake
Seat 3: P1xel7 (big blind) won 140


Winamax Poker - Tournament "Trident" buyIn: 0.45€ + 0.05€ level: 9 - HandId: #2934412920387272708-75-1693078575 - Holdem no limit (10/40/80) - 2023/08/26 19:36:15 UTC
Table: 'Trident(683221249)#0003' 3-max (real money) Seat #3 is the button
Seat 2: RhoLaLaaaaaa (889, 0.22€ bounty)
Seat 3: P1xel7 (3244, 0.60€ bounty)
*** ANTE/BLINDS ***
P1xel7 posts ante 10
RhoLaLaaaaaa posts ante 10
P1xel7 posts small blind 40
RhoLaLaaaaaa posts big blind 80
Dealt to P1xel7 [5d Jd]
*** PRE-FLOP *** 
P1xel7 folds
RhoLaLaaaaaa collected 140 from pot
*** SUMMARY ***
Total pot 140 | No rake
Seat 2: RhoLaLaaaaaa (big blind) won 140


Winamax Poker - Tournament "Trident" buyIn: 0.45€ + 0.05€ level: 9 - HandId: #2934412920387272708-76-1693078580 - Holdem no limit (10/40/80) - 2023/08/26 19:36:20 UTC
Table: 'Trident(683221249)#0003' 3-max (real money) Seat #2 is the button
Seat 2: RhoLaLaaaaaa (939, 0.22€ bounty)
Seat 3: P1xel7 (3194, 0.60€ bounty)
*** ANTE/BLINDS ***
RhoLaLaaaaaa posts ante 10
P1xel7 posts ante 10
RhoLaLaaaaaa posts small blind 40
P1xel7 posts big blind 80
Dealt to P1xel7 [3d Js]
*** PRE-FLOP *** 
RhoLaLaaaaaa calls 40
P1xel7 checks
*** FLOP *** [As Kd Ad]
P1xel7 checks
RhoLaLaaaaaa checks
*** TURN *** [As Kd Ad][6s]
P1xel7 checks
RhoLaLaaaaaa checks
*** RIVER *** [As Kd Ad 6s][6h]
P1xel7 bets 90
RhoLaLaaaaaa calls 90
*** SHOW DOWN ***
RhoLaLaaaaaa shows [Qc 8s] (Two pairs : Aces and 6)
P1xel7 shows [3d Js] (Two pairs : Aces and 6)
P1xel7 collected 180 from pot
RhoLaLaaaaaa collected 180 from pot
*** SUMMARY ***
Total pot 360 | No rake
Board: [As Kd Ad 6s 6h]
Seat 2: RhoLaLaaaaaa (small blind) (button) showed [Qc 8s] and won 180 with Two pairs : Aces and 6
Seat 3: P1xel7 (big blind) showed [3d Js] and won 180 with Two pairs : Aces and 6


Winamax Poker - Tournament "Trident" buyIn: 0.45€ + 0.05€ level: 9 - HandId: #2934412920387272708-77-1693078595 - Holdem no limit (10/40/80) - 2023/08/26 19:36:35 UTC
Table: 'Trident(683221249)#0003' 3-max (real money) Seat #2 is the button
Seat 1: The.Flow (500, 0.22€ bounty)
Seat 2: RhoLaLaaaaaa (939, 0.22€ bounty)
Seat 3: P1xel7 (3194, 0.60€ bounty)
*** ANTE/BLINDS ***
P1xel7 posts ante 10
The.Flow posts ante 10
RhoLaLaaaaaa posts ante 10
P1xel7 posts small blind 40
The.Flow posts big blind 80
Dealt to P1xel7 [Jd 2d]
*** PRE-FLOP *** 
RhoLaLaaaaaa folds
P1xel7 raises 120 to 200
The.Flow calls 120
*** FLOP *** [3c 2h 3s]
P1xel7 bets 151
The.Flow folds
P1xel7 collected 581 from pot
*** SUMMARY ***
Total pot 581 | No rake
Board: [3c 2h 3s]
Seat 3: P1xel7 (small blind) won 581


Winamax Poker - Tournament "Trident" buyIn: 0.45€ + 0.05€ level: 9 - HandId: #2934412920387272708-78-1693078611 - Holdem no limit (10/40/80) - 2023/08/26 19:36:51 UTC
Table: 'Trident(683221249)#0003' 3-max (real money) Seat #3 is the button
Seat 1: The.Flow (290, 0.22€ bounty)
Seat 2: RhoLaLaaaaaa (929, 0.22€ bounty)
Seat 3: P1xel7 (3414, 0.60€ bounty)
*** ANTE/BLINDS ***
The.Flow posts ante 10
RhoLaLaaaaaa posts ante 10
P1xel7 posts ante 10
The.Flow posts small blind 40
RhoLaLaaaaaa posts big blind 80
Dealt to P1xel7 [5c 6d]
*** PRE-FLOP *** 
P1xel7 folds
The.Flow raises 200 to 280 and is all-in
RhoLaLaaaaaa folds
The.Flow collected 390 from pot
*** SUMMARY ***
Total pot 390 | No rake
Seat 1: The.Flow (small blind) won 390


Winamax Poker - Tournament "Trident" buyIn: 0.45€ + 0.05€ level: 9 - HandId: #2934412920387272708-79-1693078620 - Holdem no limit (10/40/80) - 2023/08/26 19:37:00 UTC
Table: 'Trident(683221249)#0003' 3-max (real money) Seat #1 is the button
Seat 1: The.Flow (390, 0.22€ bounty)
Seat 2: RhoLaLaaaaaa (839, 0.22€ bounty)
Seat 3: P1xel7 (3404, 0.60€ bounty)
*** ANTE/BLINDS ***
RhoLaLaaaaaa posts ante 10
P1xel7 posts ante 10
The.Flow posts ante 10
RhoLaLaaaaaa posts small blind 40
P1xel7 posts big blind 80
Dealt to P1xel7 [5d 6s]
*** PRE-FLOP *** 
The.Flow folds
RhoLaLaaaaaa calls 40
P1xel7 checks
*** FLOP *** [7c 9s 8d]
RhoLaLaaaaaa bets 749 and is all-in
P1xel7 calls 749
*** TURN *** [7c 9s 8d][Ah]
*** RIVER *** [7c 9s 8d Ah][Qs]
*** SHOW DOWN ***
RhoLaLaaaaaa shows [Ks 9d] (One pair : 9)
P1xel7 shows [5d 6s] (Straight 9 high)
P1xel7 collected 1688 from pot
*** SUMMARY ***
Total pot 1688 | No rake
Board: [7c 9s 8d Ah Qs]
Seat 2: RhoLaLaaaaaa (small blind) showed [Ks 9d] and lost with One pair : 9
Seat 3: P1xel7 (big blind) showed [5d 6s] and won 1688 with Straight 9 high


Winamax Poker - Tournament "Trident" buyIn: 0.45€ + 0.05€ level: 9 - HandId: #2934412920387272708-80-1693078637 - Holdem no limit (10/40/80) - 2023/08/26 19:37:17 UTC
Table: 'Trident(683221249)#0003' 3-max (real money) Seat #3 is the button
Seat 1: The.Flow (380, 0.22€ bounty)
Seat 3: P1xel7 (4253, 0.71€ bounty)
*** ANTE/BLINDS ***
P1xel7 posts ante 10
The.Flow posts ante 10
P1xel7 posts small blind 40
The.Flow posts big blind 80
Dealt to P1xel7 [9c Td]
*** PRE-FLOP *** 
P1xel7 raises 96 to 176
The.Flow calls 96
*** FLOP *** [Ts Kd 2h]
The.Flow checks
P1xel7 bets 298
The.Flow folds
P1xel7 collected 670 from pot
*** SUMMARY ***
Total pot 670 | No rake
Board: [Ts Kd 2h]
Seat 3: P1xel7 (small blind) (button) won 670


Winamax Poker - Tournament "Trident" buyIn: 0.45€ + 0.05€ level: 10 - HandId: #2934412920387272708-81-1693078662 - Holdem no limit (12/50/100) - 2023/08/26 19:37:42 UTC
Table: 'Trident(683221249)#0003' 3-max (real money) Seat #3 is the button
Seat 1: The.Flow (194, 0.22€ bounty)
Seat 2: JACOMO64 (500, 0.22€ bounty)
Seat 3: P1xel7 (4439, 0.71€ bounty)
*** ANTE/BLINDS ***
The.Flow posts ante 12
JACOMO64 posts ante 12
P1xel7 posts ante 12
The.Flow posts small blind 50
JACOMO64 posts big blind 100
Dealt to P1xel7 [As 3s]
*** PRE-FLOP *** 
P1xel7 raises 150 to 250
The.Flow folds
JACOMO64 raises 238 to 488 and is all-in
P1xel7 calls 238
*** FLOP *** [Th 7c Ah]
*** TURN *** [Th 7c Ah][9s]
*** RIVER *** [Th 7c Ah 9s][5h]
*** SHOW DOWN ***
JACOMO64 shows [9d 3h] (One pair : 9)
P1xel7 shows [As 3s] (One pair : Aces)
P1xel7 collected 1062 from pot
*** SUMMARY ***
Total pot 1062 | No rake
Board: [Th 7c Ah 9s 5h]
Seat 2: JACOMO64 (big blind) showed [9d 3h] and lost with One pair : 9
Seat 3: P1xel7 (button) showed [As 3s] and won 1062 with One pair : Aces


Winamax Poker - Tournament "Trident" buyIn: 0.45€ + 0.05€ level: 10 - HandId: #2934412920387272708-82-1693078680 - Holdem no limit (12/50/100) - 2023/08/26 19:38:00 UTC
Table: 'Trident(683221249)#0003' 3-max (real money) Seat #3 is the button
Seat 1: The.Flow (132, 0.22€ bounty)
Seat 3: P1xel7 (5001, 0.82€ bounty)
*** ANTE/BLINDS ***
P1xel7 posts ante 12
The.Flow posts ante 12
P1xel7 posts small blind 50
The.Flow posts big blind 100
Dealt to P1xel7 [Th 2d]
*** PRE-FLOP *** 
P1xel7 raises 100 to 200
The.Flow calls 20 and is all-in
*** FLOP *** [Tc 3c Kc]
*** TURN *** [Tc 3c Kc][2s]
*** RIVER *** [Tc 3c Kc 2s][8s]
*** SHOW DOWN ***
The.Flow shows [Ad Td] (One pair : Tens)
P1xel7 shows [Th 2d] (Two pairs : Tens and 2)
P1xel7 collected 344 from pot
*** SUMMARY ***
Total pot 344 | No rake
Board: [Tc 3c Kc 2s 8s]
Seat 1: The.Flow (big blind) showed [Ad Td] and lost with One pair : Tens
Seat 3: P1xel7 (small blind) (button) showed [Th 2d] and won 344 with Two pairs : Tens and 2


Winamax Poker - Tournament "Trident" buyIn: 0.45€ + 0.05€ level: 10 - HandId: #2934412920387272708-83-1693078694 - Holdem no limit (12/50/100) - 2023/08/26 19:38:14 UTC
Table: 'Trident(683221249)#0003' 3-max (real money) Seat #2 is the button
Seat 2: BrelanDeDouz (308, 0.22€ bounty)
Seat 3: P1xel7 (5133, 0.93€ bounty)
*** ANTE/BLINDS ***
BrelanDeDouz posts ante 12
P1xel7 posts ante 12
BrelanDeDouz posts small blind 50
P1xel7 posts big blind 100
Dealt to P1xel7 [Qc 9h]
*** PRE-FLOP *** 
BrelanDeDouz calls 50
P1xel7 raises 224 to 324
BrelanDeDouz folds
P1xel7 collected 448 from pot
*** SUMMARY ***
Total pot 448 | No rake
Seat 3: P1xel7 (big blind) won 448


Winamax Poker - Tournament "Trident" buyIn: 0.45€ + 0.05€ level: 10 - HandId: #2934412920387272708-84-1693078725 - Holdem no limit (12/50/100) - 2023/08/26 19:38:45 UTC
Table: 'Trident(683221249)#0003' 3-max (real money) Seat #2 is the button
Seat 1: Quang86SE (500, 0.22€ bounty)
Seat 2: BrelanDeDouz (196, 0.22€ bounty)
Seat 3: P1xel7 (5245, 0.93€ bounty)
*** ANTE/BLINDS ***
P1xel7 posts ante 12
Quang86SE posts ante 12
BrelanDeDouz posts ante 12
P1xel7 posts small blind 50
Quang86SE posts big blind 100
Dealt to P1xel7 [6s 9h]
*** PRE-FLOP *** 
BrelanDeDouz raises 84 to 184 and is all-in
P1xel7 calls 134
Quang86SE calls 84
*** FLOP *** [3c 2s 5s]
P1xel7 checks
Quang86SE bets 100
P1xel7 calls 100
*** TURN *** [3c 2s 5s][Jh]
P1xel7 bets 276
Quang86SE calls 204 and is all-in
*** RIVER *** [3c 2s 5s Jh][8c]
*** SHOW DOWN ***
BrelanDeDouz shows [As Kc] (High card : Ace)
Quang86SE shows [Ah 3s] (One pair : 3)
P1xel7 shows [6s 9h] (High card : Jack)
P1xel7 collected 72 from side pot 1
Quang86SE collected 1196 from main pot
*** SUMMARY ***
Total pot 1268 | No rake
Board: [3c 2s 5s Jh 8c]
Seat 1: Quang86SE (big blind) showed [Ah 3s] and won 1196 with One pair : 3
Seat 2: BrelanDeDouz (button) showed [As Kc] and lost with High card : Ace
Seat 3: P1xel7 (small blind) showed [6s 9h] and won 72 with High card : Jack


Winamax Poker - Tournament "Trident" buyIn: 0.45€ + 0.05€ level: 10 - HandId: #2934412920387272708-85-1693078755 - Holdem no limit (12/50/100) - 2023/08/26 19:39:15 UTC
Table: 'Trident(683221249)#0003' 3-max (real money) Seat #1 is the button
Seat 1: Quang86SE (1196, 0.33€ bounty)
Seat 3: P1xel7 (4745, 0.93€ bounty)
*** ANTE/BLINDS ***
Quang86SE posts ante 12
P1xel7 posts ante 12
Quang86SE posts small blind 50
P1xel7 posts big blind 100
Dealt to P1xel7 [Ac 4d]
*** PRE-FLOP *** 
Quang86SE calls 50
P1xel7 checks
*** FLOP *** [Kd Jh Qc]
P1xel7 checks
Quang86SE checks
*** TURN *** [Kd Jh Qc][3c]
P1xel7 checks
Quang86SE checks
*** RIVER *** [Kd Jh Qc 3c][9c]
P1xel7 checks
Quang86SE bets 1084 and is all-in
P1xel7 folds
Quang86SE collected 1308 from pot
*** SUMMARY ***
Total pot 1308 | No rake
Board: [Kd Jh Qc 3c 9c]
Seat 1: Quang86SE (small blind) (button) won 1308


Winamax Poker - Tournament "Trident" buyIn: 0.45€ + 0.05€ level: 10 - HandId: #2934412920387272708-86-1693078785 - Holdem no limit (12/50/100) - 2023/08/26 19:39:45 UTC
Table: 'Trident(683221249)#0003' 3-max (real money) Seat #3 is the button
Seat 1: Quang86SE (1308, 0.33€ bounty)
Seat 3: P1xel7 (4633, 0.93€ bounty)
*** ANTE/BLINDS ***
P1xel7 posts ante 12
Quang86SE posts ante 12
P1xel7 posts small blind 50
Quang86SE posts big blind 100
Dealt to P1xel7 [2c Td]
*** PRE-FLOP *** 
P1xel7 folds
Quang86SE collected 174 from pot
*** SUMMARY ***
Total pot 174 | No rake
Seat 1: Quang86SE (big blind) won 174


Winamax Poker - Tournament "Trident" buyIn: 0.45€ + 0.05€ level: 10 - HandId: #2934412920387272708-87-1693078789 - Holdem no limit (12/50/100) - 2023/08/26 19:39:49 UTC
Table: 'Trident(683221249)#0003' 3-max (real money) Seat #1 is the button
Seat 1: Quang86SE (1370, 0.33€ bounty)
Seat 3: P1xel7 (4571, 0.93€ bounty)
*** ANTE/BLINDS ***
Quang86SE posts ante 12
P1xel7 posts ante 12
Quang86SE posts small blind 50
P1xel7 posts big blind 100
Dealt to P1xel7 [Kd Tc]
*** PRE-FLOP *** 
Quang86SE folds
P1xel7 collected 174 from pot
*** SUMMARY ***
Total pot 174 | No rake
Seat 3: P1xel7 (big blind) won 174


Winamax Poker - Tournament "Trident" buyIn: 0.45€ + 0.05€ level: 10 - HandId: #2934412920387272708-88-1693078798 - Holdem no limit (12/50/100) - 2023/08/26 19:39:58 UTC
Table: 'Trident(683221249)#0003' 3-max (real money) Seat #3 is the button
Seat 1: Quang86SE (1308, 0.33€ bounty)
Seat 3: P1xel7 (4633, 0.93€ bounty)
*** ANTE/BLINDS ***
P1xel7 posts ante 12
Quang86SE posts ante 12
P1xel7 posts small blind 50
Quang86SE posts big blind 100
Dealt to P1xel7 [As Qh]
*** PRE-FLOP *** 
P1xel7 raises 120 to 220
Quang86SE folds
P1xel7 collected 344 from pot
*** SUMMARY ***
Total pot 344 | No rake
Seat 3: P1xel7 (small blind) (button) won 344


Winamax Poker - Tournament "Trident" buyIn: 0.45€ + 0.05€ level: 11 - HandId: #2934412920387272708-89-1693078811 - Holdem no limit (14/60/120) - 2023/08/26 19:40:11 UTC
Table: 'Trident(683221249)#0003' 3-max (real money) Seat #1 is the button
Seat 1: Quang86SE (1196, 0.33€ bounty)
Seat 3: P1xel7 (4745, 0.93€ bounty)
*** ANTE/BLINDS ***
Quang86SE posts ante 14
P1xel7 posts ante 14
Quang86SE posts small blind 60
P1xel7 posts big blind 120
Dealt to P1xel7 [Ad 7s]
*** PRE-FLOP *** 
Quang86SE folds
P1xel7 collected 208 from pot
*** SUMMARY ***
Total pot 208 | No rake
Seat 3: P1xel7 (big blind) won 208


Winamax Poker - Tournament "Trident" buyIn: 0.45€ + 0.05€ level: 11 - HandId: #2934412920387272708-90-1693078820 - Holdem no limit (14/60/120) - 2023/08/26 19:40:20 UTC
Table: 'Trident(683221249)#0003' 3-max (real money) Seat #3 is the button
Seat 1: Quang86SE (1122, 0.33€ bounty)
Seat 3: P1xel7 (4819, 0.93€ bounty)
*** ANTE/BLINDS ***
P1xel7 posts ante 14
Quang86SE posts ante 14
P1xel7 posts small blind 60
Quang86SE posts big blind 120
Dealt to P1xel7 [Ks 2d]
*** PRE-FLOP *** 
P1xel7 raises 180 to 300
Quang86SE raises 808 to 1108 and is all-in
P1xel7 folds
Quang86SE collected 1436 from pot
*** SUMMARY ***
Total pot 1436 | No rake
Seat 1: Quang86SE (big blind) won 1436


Winamax Poker - Tournament "Trident" buyIn: 0.45€ + 0.05€ level: 11 - HandId: #2934412920387272708-91-1693078835 - Holdem no limit (14/60/120) - 2023/08/26 19:40:35 UTC
Table: 'Trident(683221249)#0003' 3-max (real money) Seat #1 is the button
Seat 1: Quang86SE (1436, 0.33€ bounty)
Seat 3: P1xel7 (4505, 0.93€ bounty)
*** ANTE/BLINDS ***
Quang86SE posts ante 14
P1xel7 posts ante 14
Quang86SE posts small blind 60
P1xel7 posts big blind 120
Dealt to P1xel7 [7s 6s]
*** PRE-FLOP *** 
Quang86SE folds
P1xel7 collected 208 from pot
*** SUMMARY ***
Total pot 208 | No rake
Seat 3: P1xel7 (big blind) won 208


Winamax Poker - Tournament "Trident" buyIn: 0.45€ + 0.05€ level: 11 - HandId: #2934412920387272708-92-1693078840 - Holdem no limit (14/60/120) - 2023/08/26 19:40:40 UTC
Table: 'Trident(683221249)#0003' 3-max (real money) Seat #3 is the button
Seat 1: Quang86SE (1362, 0.33€ bounty)
Seat 2: Arcegatron (3028, 0.77€ bounty)
Seat 3: P1xel7 (4579, 0.93€ bounty)
*** ANTE/BLINDS ***
P1xel7 posts ante 14
Quang86SE posts ante 14
P1xel7 posts small blind 60
Quang86SE posts big blind 120
Dealt to P1xel7 [Js Jh]
*** PRE-FLOP *** 
P1xel7 raises 180 to 300
Quang86SE calls 180
*** FLOP *** [3d 4s Qd]
Quang86SE checks
P1xel7 bets 1080
Quang86SE folds
P1xel7 collected 1708 from pot
*** SUMMARY ***
Total pot 1708 | No rake
Board: [3d 4s Qd]
Seat 3: P1xel7 (small blind) (button) won 1708


Winamax Poker - Tournament "Trident" buyIn: 0.45€ + 0.05€ level: 11 - HandId: #2934412920387272708-93-1693078867 - Holdem no limit (14/60/120) - 2023/08/26 19:41:07 UTC
Table: 'Trident(683221249)#0003' 3-max (real money) Seat #3 is the button
Seat 1: Quang86SE (1048, 0.33€ bounty)
Seat 2: Arcegatron (3028, 0.77€ bounty)
Seat 3: P1xel7 (4893, 0.93€ bounty)
*** ANTE/BLINDS ***
Quang86SE posts ante 14
Arcegatron posts ante 14
P1xel7 posts ante 14
Quang86SE posts small blind 60
Arcegatron posts big blind 120
Dealt to P1xel7 [6d 4d]
*** PRE-FLOP *** 
P1xel7 folds
Quang86SE folds
Arcegatron collected 222 from pot
*** SUMMARY ***
Total pot 222 | No rake
Seat 2: Arcegatron (big blind) won 222


Winamax Poker - Tournament "Trident" buyIn: 0.45€ + 0.05€ level: 11 - HandId: #2934412920387272708-94-1693078872 - Holdem no limit (14/60/120) - 2023/08/26 19:41:12 UTC
Table: 'Trident(683221249)#0003' 3-max (real money) Seat #1 is the button
Seat 1: Quang86SE (974, 0.33€ bounty)
Seat 2: Arcegatron (3116, 0.77€ bounty)
Seat 3: P1xel7 (4879, 0.93€ bounty)
*** ANTE/BLINDS ***
Arcegatron posts ante 14
P1xel7 posts ante 14
Quang86SE posts ante 14
Arcegatron posts small blind 60
P1xel7 posts big blind 120
Dealt to P1xel7 [6h 9s]
*** PRE-FLOP *** 
Quang86SE calls 120
Arcegatron folds
P1xel7 checks
*** FLOP *** [7s 7h 2c]
P1xel7 checks
Quang86SE checks
*** TURN *** [7s 7h 2c][7c]
P1xel7 checks
Quang86SE checks
*** RIVER *** [7s 7h 2c 7c][8h]
P1xel7 checks
Quang86SE checks
*** SHOW DOWN ***
P1xel7 shows [6h 9s] (Trips of 7)
Quang86SE shows [Kd 9h] (Trips of 7)
Quang86SE collected 342 from pot
*** SUMMARY ***
Total pot 342 | No rake
Board: [7s 7h 2c 7c 8h]
Seat 1: Quang86SE (button) showed [Kd 9h] and won 342 with Trips of 7
Seat 3: P1xel7 (big blind) showed [6h 9s] and lost with Trips of 7


Winamax Poker - Tournament "Trident" buyIn: 0.45€ + 0.05€ level: 11 - HandId: #2934412920387272708-95-1693078900 - Holdem no limit (14/60/120) - 2023/08/26 19:41:40 UTC
Table: 'Trident(683221249)#0003' 3-max (real money) Seat #2 is the button
Seat 1: Quang86SE (1182, 0.33€ bounty)
Seat 2: Arcegatron (3042, 0.77€ bounty)
Seat 3: P1xel7 (4745, 0.93€ bounty)
*** ANTE/BLINDS ***
P1xel7 posts ante 14
Quang86SE posts ante 14
Arcegatron posts ante 14
P1xel7 posts small blind 60
Quang86SE posts big blind 120
Dealt to P1xel7 [Kc 4c]
*** PRE-FLOP *** 
Arcegatron raises 120 to 240
P1xel7 folds
Quang86SE folds
Arcegatron collected 462 from pot
*** SUMMARY ***
Total pot 462 | No rake
Seat 2: Arcegatron (button) won 462


Winamax Poker - Tournament "Trident" buyIn: 0.45€ + 0.05€ level: 11 - HandId: #2934412920387272708-96-1693078911 - Holdem no limit (14/60/120) - 2023/08/26 19:41:51 UTC
Table: 'Trident(683221249)#0003' 3-max (real money) Seat #3 is the button
Seat 1: Quang86SE (1048, 0.33€ bounty)
Seat 2: Arcegatron (3250, 0.77€ bounty)
Seat 3: P1xel7 (4671, 0.93€ bounty)
*** ANTE/BLINDS ***
Quang86SE posts ante 14
Arcegatron posts ante 14
P1xel7 posts ante 14
Quang86SE posts small blind 60
Arcegatron posts big blind 120
Dealt to P1xel7 [9d 6h]
*** PRE-FLOP *** 
P1xel7 folds
Quang86SE folds
Arcegatron collected 222 from pot
*** SUMMARY ***
Total pot 222 | No rake
Seat 2: Arcegatron (big blind) won 222


Winamax Poker - Tournament "Trident" buyIn: 0.45€ + 0.05€ level: 11 - HandId: #2934412920387272708-97-1693078918 - Holdem no limit (14/60/120) - 2023/08/26 19:41:58 UTC
Table: 'Trident(683221249)#0003' 3-max (real money) Seat #1 is the button
Seat 1: Quang86SE (974, 0.33€ bounty)
Seat 2: Arcegatron (3338, 0.77€ bounty)
Seat 3: P1xel7 (4657, 0.93€ bounty)
*** ANTE/BLINDS ***
Arcegatron posts ante 14
P1xel7 posts ante 14
Quang86SE posts ante 14
Arcegatron posts small blind 60
P1xel7 posts big blind 120
Dealt to P1xel7 [Jh 6d]
*** PRE-FLOP *** 
Quang86SE calls 120
Arcegatron folds
P1xel7 checks
*** FLOP *** [Th 5d 6h]
P1xel7 checks
Quang86SE checks
*** TURN *** [Th 5d 6h][2d]
P1xel7 bets 171
Quang86SE folds
P1xel7 collected 513 from pot
*** SUMMARY ***
Total pot 513 | No rake
Board: [Th 5d 6h 2d]
Seat 3: P1xel7 (big blind) won 513


Winamax Poker - Tournament "Trident" buyIn: 0.45€ + 0.05€ level: 11 - HandId: #2934412920387272708-98-1693078944 - Holdem no limit (14/60/120) - 2023/08/26 19:42:24 UTC
Table: 'Trident(683221249)#0003' 3-max (real money) Seat #2 is the button
Seat 1: Quang86SE (840, 0.33€ bounty)
Seat 2: Arcegatron (3264, 0.77€ bounty)
Seat 3: P1xel7 (4865, 0.93€ bounty)
*** ANTE/BLINDS ***
P1xel7 posts ante 14
Quang86SE posts ante 14
Arcegatron posts ante 14
P1xel7 posts small blind 60
Quang86SE posts big blind 120
Dealt to P1xel7 [6d 4s]
*** PRE-FLOP *** 
Arcegatron folds
P1xel7 raises 144 to 264
Quang86SE folds
P1xel7 collected 426 from pot
*** SUMMARY ***
Total pot 426 | No rake
Seat 3: P1xel7 (small blind) won 426


Winamax Poker - Tournament "Trident" buyIn: 0.45€ + 0.05€ level: 12 - HandId: #2934412920387272708-99-1693078959 - Holdem no limit (16/70/140) - 2023/08/26 19:42:39 UTC
Table: 'Trident(683221249)#0003' 3-max (real money) Seat #3 is the button
Seat 1: Quang86SE (706, 0.33€ bounty)
Seat 2: Arcegatron (3250, 0.77€ bounty)
Seat 3: P1xel7 (5013, 0.93€ bounty)
*** ANTE/BLINDS ***
Quang86SE posts ante 16
Arcegatron posts ante 16
P1xel7 posts ante 16
Quang86SE posts small blind 70
Arcegatron posts big blind 140
Dealt to P1xel7 [4s Kc]
*** PRE-FLOP *** 
P1xel7 folds
Quang86SE calls 70
Arcegatron checks
*** FLOP *** [5d 9h 2d]
Quang86SE checks
Arcegatron checks
*** TURN *** [5d 9h 2d][Ad]
Quang86SE checks
Arcegatron checks
*** RIVER *** [5d 9h 2d Ad][3h]
Quang86SE checks
Arcegatron bets 560
Quang86SE folds
Arcegatron collected 888 from pot
*** SUMMARY ***
Total pot 888 | No rake
Board: [5d 9h 2d Ad 3h]
Seat 2: Arcegatron (big blind) won 888


Winamax Poker - Tournament "Trident" buyIn: 0.45€ + 0.05€ level: 12 - HandId: #2934412920387272708-100-1693079015 - Holdem no limit (16/70/140) - 2023/08/26 19:43:35 UTC
Table: 'Trident(683221249)#0003' 3-max (real money) Seat #1 is the button
Seat 1: Quang86SE (550, 0.33€ bounty)
Seat 2: Arcegatron (3422, 0.77€ bounty)
Seat 3: P1xel7 (4997, 0.93€ bounty)
*** ANTE/BLINDS ***
Arcegatron posts ante 16
P1xel7 posts ante 16
Quang86SE posts ante 16
Arcegatron posts small blind 70
P1xel7 posts big blind 140
Dealt to P1xel7 [8c Tc]
*** PRE-FLOP *** 
Quang86SE folds
Arcegatron raises 140 to 280
P1xel7 calls 140
*** FLOP *** [Ac Kd 9s]
Arcegatron checks
P1xel7 bets 213
Arcegatron calls 213
*** TURN *** [Ac Kd 9s][Th]
Arcegatron checks
P1xel7 bets 362
Arcegatron raises 1016 to 1378
P1xel7 folds
Arcegatron collected 2774 from pot
*** SUMMARY ***
Total pot 2774 | No rake
Board: [Ac Kd 9s Th]
Seat 2: Arcegatron (small blind) won 2774


Winamax Poker - Tournament "Trident" buyIn: 0.45€ + 0.05€ level: 12 - HandId: #2934412920387272708-101-1693079051 - Holdem no limit (16/70/140) - 2023/08/26 19:44:11 UTC
Table: 'Trident(683221249)#0003' 3-max (real money) Seat #2 is the button
Seat 1: Quang86SE (534, 0.33€ bounty)
Seat 2: Arcegatron (4309, 0.77€ bounty)
Seat 3: P1xel7 (4126, 0.93€ bounty)
*** ANTE/BLINDS ***
P1xel7 posts ante 16
Quang86SE posts ante 16
Arcegatron posts ante 16
P1xel7 posts small blind 70
Quang86SE posts big blind 140
Dealt to P1xel7 [6s Th]
*** PRE-FLOP *** 
Arcegatron folds
P1xel7 folds
Quang86SE collected 258 from pot
*** SUMMARY ***
Total pot 258 | No rake
Seat 1: Quang86SE (big blind) won 258


Winamax Poker - Tournament "Trident" buyIn: 0.45€ + 0.05€ level: 12 - HandId: #2934412920387272708-102-1693079056 - Holdem no limit (16/70/140) - 2023/08/26 19:44:16 UTC
Table: 'Trident(683221249)#0003' 3-max (real money) Seat #3 is the button
Seat 1: Quang86SE (636, 0.33€ bounty)
Seat 2: Arcegatron (4293, 0.77€ bounty)
Seat 3: P1xel7 (4040, 0.93€ bounty)
*** ANTE/BLINDS ***
Quang86SE posts ante 16
Arcegatron posts ante 16
P1xel7 posts ante 16
Quang86SE posts small blind 70
Arcegatron posts big blind 140
Dealt to P1xel7 [Ac 5s]
*** PRE-FLOP *** 
P1xel7 folds
Quang86SE folds
Arcegatron collected 258 from pot
*** SUMMARY ***
Total pot 258 | No rake
Seat 2: Arcegatron (big blind) won 258


Winamax Poker - Tournament "Trident" buyIn: 0.45€ + 0.05€ level: 12 - HandId: #2934412920387272708-103-1693079075 - Holdem no limit (16/70/140) - 2023/08/26 19:44:35 UTC
Table: 'Trident(683221249)#0003' 3-max (real money) Seat #1 is the button
Seat 1: Quang86SE (550, 0.33€ bounty)
Seat 2: Arcegatron (4395, 0.77€ bounty)
Seat 3: P1xel7 (4024, 0.93€ bounty)
*** ANTE/BLINDS ***
Arcegatron posts ante 16
P1xel7 posts ante 16
Quang86SE posts ante 16
Arcegatron posts small blind 70
P1xel7 posts big blind 140
Dealt to P1xel7 [Qc Qh]
*** PRE-FLOP *** 
Quang86SE folds
Arcegatron folds
P1xel7 collected 258 from pot
*** SUMMARY ***
Total pot 258 | No rake
Seat 3: P1xel7 (big blind) won 258


Winamax Poker - Tournament "Trident" buyIn: 0.45€ + 0.05€ level: 12 - HandId: #2934412920387272708-104-1693079085 - Holdem no limit (16/70/140) - 2023/08/26 19:44:45 UTC
Table: 'Trident(683221249)#0003' 3-max (real money) Seat #2 is the button
Seat 1: Quang86SE (534, 0.33€ bounty)
Seat 2: Arcegatron (4309, 0.77€ bounty)
Seat 3: P1xel7 (4126, 0.93€ bounty)
*** ANTE/BLINDS ***
P1xel7 posts ante 16
Quang86SE posts ante 16
Arcegatron posts ante 16
P1xel7 posts small blind 70
Quang86SE posts big blind 140
Dealt to P1xel7 [6d Js]
*** PRE-FLOP *** 
Arcegatron folds
P1xel7 raises 210 to 350
Quang86SE folds
P1xel7 collected 538 from pot
*** SUMMARY ***
Total pot 538 | No rake
Seat 3: P1xel7 (small blind) won 538


Winamax Poker - Tournament "Trident" buyIn: 0.45€ + 0.05€ level: 12 - HandId: #2934412920387272708-105-1693079094 - Holdem no limit (16/70/140) - 2023/08/26 19:44:54 UTC
Table: 'Trident(683221249)#0003' 3-max (real money) Seat #3 is the button
Seat 1: Quang86SE (378, 0.33€ bounty)
Seat 2: Arcegatron (4293, 0.77€ bounty)
Seat 3: P1xel7 (4298, 0.93€ bounty)
*** ANTE/BLINDS ***
Quang86SE posts ante 16
Arcegatron posts ante 16
P1xel7 posts ante 16
Quang86SE posts small blind 70
Arcegatron posts big blind 140
Dealt to P1xel7 [5c 6c]
*** PRE-FLOP *** 
P1xel7 calls 140
Quang86SE raises 222 to 362 and is all-in
Arcegatron folds
P1xel7 calls 222
*** FLOP *** [6h Kh 4c]
*** TURN *** [6h Kh 4c][6s]
*** RIVER *** [6h Kh 4c 6s][9c]
*** SHOW DOWN ***
Quang86SE shows [7h 7c] (Two pairs : 7 and 6)
P1xel7 shows [5c 6c] (Trips of 6)
P1xel7 collected 912 from pot
*** SUMMARY ***
Total pot 912 | No rake
Board: [6h Kh 4c 6s 9c]
Seat 1: Quang86SE (small blind) showed [7h 7c] and lost with Two pairs : 7 and 6
Seat 3: P1xel7 (button) showed [5c 6c] and won 912 with Trips of 6


Winamax Poker - Tournament "Trident" buyIn: 0.45€ + 0.05€ level: 13 - HandId: #2934412920387272708-106-1693079122 - Holdem no limit (20/80/160) - 2023/08/26 19:45:22 UTC
Table: 'Trident(683221249)#0003' 3-max (real money) Seat #2 is the button
Seat 2: Arcegatron (4137, 0.77€ bounty)
Seat 3: P1xel7 (4832, 1.09€ bounty)
*** ANTE/BLINDS ***
Arcegatron posts ante 20
P1xel7 posts ante 20
Arcegatron posts small blind 80
P1xel7 posts big blind 160
Dealt to P1xel7 [Js 8s]
*** PRE-FLOP *** 
Arcegatron folds
P1xel7 collected 280 from pot
*** SUMMARY ***
Total pot 280 | No rake
Seat 3: P1xel7 (big blind) won 280


Winamax Poker - Tournament "Trident" buyIn: 0.45€ + 0.05€ level: 13 - HandId: #2934412920387272708-107-1693079127 - Holdem no limit (20/80/160) - 2023/08/26 19:45:27 UTC
Table: 'Trident(683221249)#0003' 3-max (real money) Seat #3 is the button
Seat 2: Arcegatron (4037, 0.77€ bounty)
Seat 3: P1xel7 (4932, 1.09€ bounty)
*** ANTE/BLINDS ***
P1xel7 posts ante 20
Arcegatron posts ante 20
P1xel7 posts small blind 80
Arcegatron posts big blind 160
Dealt to P1xel7 [Qd 2s]
*** PRE-FLOP *** 
P1xel7 folds
Arcegatron collected 280 from pot
*** SUMMARY ***
Total pot 280 | No rake
Seat 2: Arcegatron (big blind) won 280


Winamax Poker - Tournament "Trident" buyIn: 0.45€ + 0.05€ level: 13 - HandId: #2934412920387272708-108-1693079131 - Holdem no limit (20/80/160) - 2023/08/26 19:45:31 UTC
Table: 'Trident(683221249)#0003' 3-max (real money) Seat #2 is the button
Seat 2: Arcegatron (4137, 0.77€ bounty)
Seat 3: P1xel7 (4832, 1.09€ bounty)
*** ANTE/BLINDS ***
Arcegatron posts ante 20
P1xel7 posts ante 20
Arcegatron posts small blind 80
P1xel7 posts big blind 160
Dealt to P1xel7 [Td 3d]
*** PRE-FLOP *** 
Arcegatron raises 160 to 320
P1xel7 folds
Arcegatron collected 520 from pot
*** SUMMARY ***
Total pot 520 | No rake
Seat 2: Arcegatron (small blind) (button) won 520


Winamax Poker - Tournament "Trident" buyIn: 0.45€ + 0.05€ level: 13 - HandId: #2934412920387272708-109-1693079137 - Holdem no limit (20/80/160) - 2023/08/26 19:45:37 UTC
Table: 'Trident(683221249)#0003' 3-max (real money) Seat #3 is the button
Seat 2: Arcegatron (4317, 0.77€ bounty)
Seat 3: P1xel7 (4652, 1.09€ bounty)
*** ANTE/BLINDS ***
P1xel7 posts ante 20
Arcegatron posts ante 20
P1xel7 posts small blind 80
Arcegatron posts big blind 160
Dealt to P1xel7 [3h Js]
*** PRE-FLOP *** 
P1xel7 folds
Arcegatron collected 280 from pot
*** SUMMARY ***
Total pot 280 | No rake
Seat 2: Arcegatron (big blind) won 280


Winamax Poker - Tournament "Trident" buyIn: 0.45€ + 0.05€ level: 13 - HandId: #2934412920387272708-110-1693079142 - Holdem no limit (20/80/160) - 2023/08/26 19:45:42 UTC
Table: 'Trident(683221249)#0003' 3-max (real money) Seat #2 is the button
Seat 2: Arcegatron (4417, 0.77€ bounty)
Seat 3: P1xel7 (4552, 1.09€ bounty)
*** ANTE/BLINDS ***
Arcegatron posts ante 20
P1xel7 posts ante 20
Arcegatron posts small blind 80
P1xel7 posts big blind 160
Dealt to P1xel7 [3h Jh]
*** PRE-FLOP *** 
Arcegatron folds
P1xel7 collected 280 from pot
*** SUMMARY ***
Total pot 280 | No rake
Seat 3: P1xel7 (big blind) won 280


Winamax Poker - Tournament "Trident" buyIn: 0.45€ + 0.05€ level: 13 - HandId: #2934412920387272708-111-1693079149 - Holdem no limit (20/80/160) - 2023/08/26 19:45:49 UTC
Table: 'Trident(683221249)#0003' 3-max (real money) Seat #3 is the button
Seat 2: Arcegatron (4317, 0.77€ bounty)
Seat 3: P1xel7 (4652, 1.09€ bounty)
*** ANTE/BLINDS ***
P1xel7 posts ante 20
Arcegatron posts ante 20
P1xel7 posts small blind 80
Arcegatron posts big blind 160
Dealt to P1xel7 [Ad Qs]
*** PRE-FLOP *** 
P1xel7 raises 192 to 352
Arcegatron folds
P1xel7 collected 552 from pot
*** SUMMARY ***
Total pot 552 | No rake
Seat 3: P1xel7 (small blind) (button) won 552


Winamax Poker - Tournament "Trident" buyIn: 0.45€ + 0.05€ level: 13 - HandId: #2934412920387272708-112-1693079163 - Holdem no limit (20/80/160) - 2023/08/26 19:46:03 UTC
Table: 'Trident(683221249)#0003' 3-max (real money) Seat #2 is the button
Seat 2: Arcegatron (4137, 0.77€ bounty)
Seat 3: P1xel7 (4832, 1.09€ bounty)
*** ANTE/BLINDS ***
Arcegatron posts ante 20
P1xel7 posts ante 20
Arcegatron posts small blind 80
P1xel7 posts big blind 160
Dealt to P1xel7 [6d 5d]
*** PRE-FLOP *** 
Arcegatron folds
P1xel7 collected 280 from pot
*** SUMMARY ***
Total pot 280 | No rake
Seat 3: P1xel7 (big blind) won 280


Winamax Poker - Tournament "Trident" buyIn: 0.45€ + 0.05€ level: 13 - HandId: #2934412920387272708-113-1693079167 - Holdem no limit (20/80/160) - 2023/08/26 19:46:07 UTC
Table: 'Trident(683221249)#0003' 3-max (real money) Seat #3 is the button
Seat 2: Arcegatron (4037, 0.77€ bounty)
Seat 3: P1xel7 (4932, 1.09€ bounty)
*** ANTE/BLINDS ***
P1xel7 posts ante 20
Arcegatron posts ante 20
P1xel7 posts small blind 80
Arcegatron posts big blind 160
Dealt to P1xel7 [2c Th]
*** PRE-FLOP *** 
P1xel7 folds
Arcegatron collected 280 from pot
*** SUMMARY ***
Total pot 280 | No rake
Seat 2: Arcegatron (big blind) won 280


Winamax Poker - Tournament "Trident" buyIn: 0.45€ + 0.05€ level: 13 - HandId: #2934412920387272708-114-1693079171 - Holdem no limit (20/80/160) - 2023/08/26 19:46:11 UTC
Table: 'Trident(683221249)#0003' 3-max (real money) Seat #2 is the button
Seat 2: Arcegatron (4137, 0.77€ bounty)
Seat 3: P1xel7 (4832, 1.09€ bounty)
*** ANTE/BLINDS ***
Arcegatron posts ante 20
P1xel7 posts ante 20
Arcegatron posts small blind 80
P1xel7 posts big blind 160
Dealt to P1xel7 [5h Qc]
*** PRE-FLOP *** 
Arcegatron folds
P1xel7 collected 280 from pot
*** SUMMARY ***
Total pot 280 | No rake
Seat 3: P1xel7 (big blind) won 280


Winamax Poker - Tournament "Trident" buyIn: 0.45€ + 0.05€ level: 13 - HandId: #2934412920387272708-115-1693079187 - Holdem no limit (20/80/160) - 2023/08/26 19:46:27 UTC
Table: 'Trident(683221249)#0003' 3-max (real money) Seat #3 is the button
Seat 2: Arcegatron (4037, 0.77€ bounty)
Seat 3: P1xel7 (4932, 1.09€ bounty)
*** ANTE/BLINDS ***
P1xel7 posts ante 20
Arcegatron posts ante 20
P1xel7 posts small blind 80
Arcegatron posts big blind 160
Dealt to P1xel7 [3d Qd]
*** PRE-FLOP *** 
P1xel7 folds
Arcegatron collected 280 from pot
*** SUMMARY ***
Total pot 280 | No rake
Seat 2: Arcegatron (big blind) won 280


Winamax Poker - Tournament "Trident" buyIn: 0.45€ + 0.05€ level: 13 - HandId: #2934412920387272708-116-1693079192 - Holdem no limit (20/80/160) - 2023/08/26 19:46:32 UTC
Table: 'Trident(683221249)#0003' 3-max (real money) Seat #2 is the button
Seat 2: Arcegatron (4137, 0.77€ bounty)
Seat 3: P1xel7 (4832, 1.09€ bounty)
*** ANTE/BLINDS ***
Arcegatron posts ante 20
P1xel7 posts ante 20
Arcegatron posts small blind 80
P1xel7 posts big blind 160
Dealt to P1xel7 [Kh 6d]
*** PRE-FLOP *** 
Arcegatron folds
P1xel7 collected 280 from pot
*** SUMMARY ***
Total pot 280 | No rake
Seat 3: P1xel7 (big blind) won 280


Winamax Poker - Tournament "Trident" buyIn: 0.45€ + 0.05€ level: 13 - HandId: #2934412920387272708-117-1693079198 - Holdem no limit (20/80/160) - 2023/08/26 19:46:38 UTC
Table: 'Trident(683221249)#0003' 3-max (real money) Seat #3 is the button
Seat 2: Arcegatron (4037, 0.77€ bounty)
Seat 3: P1xel7 (4932, 1.09€ bounty)
*** ANTE/BLINDS ***
P1xel7 posts ante 20
Arcegatron posts ante 20
P1xel7 posts small blind 80
Arcegatron posts big blind 160
Dealt to P1xel7 [Jh 9c]
*** PRE-FLOP *** 
P1xel7 raises 160 to 320
Arcegatron folds
P1xel7 collected 520 from pot
*** SUMMARY ***
Total pot 520 | No rake
Seat 3: P1xel7 (small blind) (button) won 520


Winamax Poker - Tournament "Trident" buyIn: 0.45€ + 0.05€ level: 13 - HandId: #2934412920387272708-118-1693079203 - Holdem no limit (20/80/160) - 2023/08/26 19:46:43 UTC
Table: 'Trident(683221249)#0003' 3-max (real money) Seat #2 is the button
Seat 2: Arcegatron (3857, 0.77€ bounty)
Seat 3: P1xel7 (5112, 1.09€ bounty)
*** ANTE/BLINDS ***
Arcegatron posts ante 20
P1xel7 posts ante 20
Arcegatron posts small blind 80
P1xel7 posts big blind 160
Dealt to P1xel7 [5d Th]
*** PRE-FLOP *** 
Arcegatron folds
P1xel7 collected 280 from pot
*** SUMMARY ***
Total pot 280 | No rake
Seat 3: P1xel7 (big blind) won 280


Winamax Poker - Tournament "Trident" buyIn: 0.45€ + 0.05€ level: 13 - HandId: #2934412920387272708-119-1693079207 - Holdem no limit (20/80/160) - 2023/08/26 19:46:47 UTC
Table: 'Trident(683221249)#0003' 3-max (real money) Seat #3 is the button
Seat 2: Arcegatron (3757, 0.77€ bounty)
Seat 3: P1xel7 (5212, 1.09€ bounty)
*** ANTE/BLINDS ***
P1xel7 posts ante 20
Arcegatron posts ante 20
P1xel7 posts small blind 80
Arcegatron posts big blind 160
Dealt to P1xel7 [8c 8h]
*** PRE-FLOP *** 
P1xel7 raises 160 to 320
Arcegatron folds
P1xel7 collected 520 from pot
*** SUMMARY ***
Total pot 520 | No rake
Seat 3: P1xel7 (small blind) (button) won 520


Winamax Poker - Tournament "Trident" buyIn: 0.45€ + 0.05€ level: 13 - HandId: #2934412920387272708-120-1693079213 - Holdem no limit (20/80/160) - 2023/08/26 19:46:53 UTC
Table: 'Trident(683221249)#0003' 3-max (real money) Seat #2 is the button
Seat 2: Arcegatron (3577, 0.77€ bounty)
Seat 3: P1xel7 (5392, 1.09€ bounty)
*** ANTE/BLINDS ***
Arcegatron posts ante 20
P1xel7 posts ante 20
Arcegatron posts small blind 80
P1xel7 posts big blind 160
Dealt to P1xel7 [2d Qs]
*** PRE-FLOP *** 
Arcegatron raises 160 to 320
P1xel7 folds
Arcegatron collected 520 from pot
*** SUMMARY ***
Total pot 520 | No rake
Seat 2: Arcegatron (small blind) (button) won 520


Winamax Poker - Tournament "Trident" buyIn: 0.45€ + 0.05€ level: 13 - HandId: #2934412920387272708-121-1693079219 - Holdem no limit (20/80/160) - 2023/08/26 19:46:59 UTC
Table: 'Trident(683221249)#0003' 3-max (real money) Seat #3 is the button
Seat 2: Arcegatron (3757, 0.77€ bounty)
Seat 3: P1xel7 (5212, 1.09€ bounty)
*** ANTE/BLINDS ***
P1xel7 posts ante 20
Arcegatron posts ante 20
P1xel7 posts small blind 80
Arcegatron posts big blind 160
Dealt to P1xel7 [2d Qc]
*** PRE-FLOP *** 
P1xel7 folds
Arcegatron collected 280 from pot
*** SUMMARY ***
Total pot 280 | No rake
Seat 2: Arcegatron (big blind) won 280


Winamax Poker - Tournament "Trident" buyIn: 0.45€ + 0.05€ level: 13 - HandId: #2934412920387272708-122-1693079223 - Holdem no limit (20/80/160) - 2023/08/26 19:47:03 UTC
Table: 'Trident(683221249)#0003' 3-max (real money) Seat #2 is the button
Seat 2: Arcegatron (3857, 0.77€ bounty)
Seat 3: P1xel7 (5112, 1.09€ bounty)
*** ANTE/BLINDS ***
Arcegatron posts ante 20
P1xel7 posts ante 20
Arcegatron posts small blind 80
P1xel7 posts big blind 160
Dealt to P1xel7 [7c 3s]
*** PRE-FLOP *** 
Arcegatron folds
P1xel7 collected 280 from pot
*** SUMMARY ***
Total pot 280 | No rake
Seat 3: P1xel7 (big blind) won 280


Winamax Poker - Tournament "Trident" buyIn: 0.45€ + 0.05€ level: 13 - HandId: #2934412920387272708-123-1693079227 - Holdem no limit (20/80/160) - 2023/08/26 19:47:07 UTC
Table: 'Trident(683221249)#0003' 3-max (real money) Seat #2 is the button
Seat 1: Rio-Cabron (491, 0.22€ bounty)
Seat 2: Arcegatron (3757, 0.77€ bounty)
Seat 3: P1xel7 (5212, 1.09€ bounty)
*** ANTE/BLINDS ***
P1xel7 posts ante 20
Rio-Cabron posts ante 20
Arcegatron posts ante 20
P1xel7 posts small blind 80
Rio-Cabron posts big blind 160
Dealt to P1xel7 [Ts Qc]
*** PRE-FLOP *** 
Arcegatron raises 320 to 480
P1xel7 calls 400
Rio-Cabron folds
*** FLOP *** [8s Jd 9s]
P1xel7 checks
Arcegatron bets 413
P1xel7 calls 413
*** TURN *** [8s Jd 9s][3c]
P1xel7 checks
Arcegatron checks
*** RIVER *** [8s Jd 9s 3c][5h]
P1xel7 bets 1304
Arcegatron folds
P1xel7 collected 3310 from pot
*** SUMMARY ***
Total pot 3310 | No rake
Board: [8s Jd 9s 3c 5h]
Seat 3: P1xel7 (small blind) won 3310


Winamax Poker - Tournament "Trident" buyIn: 0.45€ + 0.05€ level: 14 - HandId: #2934412920387272708-124-1693079252 - Holdem no limit (25/100/200) - 2023/08/26 19:47:32 UTC
Table: 'Trident(683221249)#0003' 3-max (real money) Seat #3 is the button
Seat 1: Rio-Cabron (311, 0.22€ bounty)
Seat 2: Arcegatron (2844, 0.77€ bounty)
Seat 3: P1xel7 (6305, 1.09€ bounty)
*** ANTE/BLINDS ***
Rio-Cabron posts ante 25
Arcegatron posts ante 25
P1xel7 posts ante 25
Rio-Cabron posts small blind 100
Arcegatron posts big blind 200
Dealt to P1xel7 [Ts 3d]
*** PRE-FLOP *** 
P1xel7 folds
Rio-Cabron folds
Arcegatron collected 375 from pot
*** SUMMARY ***
Total pot 375 | No rake
Seat 2: Arcegatron (big blind) won 375


Winamax Poker - Tournament "Trident" buyIn: 0.45€ + 0.05€ level: 14 - HandId: #2934412920387272708-125-1693079258 - Holdem no limit (25/100/200) - 2023/08/26 19:47:38 UTC
Table: 'Trident(683221249)#0003' 3-max (real money) Seat #1 is the button
Seat 1: Rio-Cabron (186, 0.22€ bounty)
Seat 2: Arcegatron (2994, 0.77€ bounty)
Seat 3: P1xel7 (6280, 1.09€ bounty)
*** ANTE/BLINDS ***
Arcegatron posts ante 25
P1xel7 posts ante 25
Rio-Cabron posts ante 25
Arcegatron posts small blind 100
P1xel7 posts big blind 200
Dealt to P1xel7 [5h Qs]
*** PRE-FLOP *** 
Rio-Cabron calls 161 and is all-in
Arcegatron folds
*** FLOP *** [2h 9c 6d]
*** TURN *** [2h 9c 6d][Qh]
*** RIVER *** [2h 9c 6d Qh][5c]
*** SHOW DOWN ***
Rio-Cabron shows [7h 7s] (One pair : 7)
P1xel7 shows [5h Qs] (Two pairs : Queens and 5)
P1xel7 collected 536 from pot
*** SUMMARY ***
Total pot 536 | No rake
Board: [2h 9c 6d Qh 5c]
Seat 1: Rio-Cabron (button) showed [7h 7s] and lost with One pair : 7
Seat 3: P1xel7 (big blind) showed [5h Qs] and won 536 with Two pairs : Queens and 5


Winamax Poker - Tournament "Trident" buyIn: 0.45€ + 0.05€ level: 14 - HandId: #2934412920387272708-126-1693079270 - Holdem no limit (25/100/200) - 2023/08/26 19:47:50 UTC
Table: 'Trident(683221249)#0003' 3-max (real money) Seat #3 is the button
Seat 2: Arcegatron (2869, 0.77€ bounty)
Seat 3: P1xel7 (6591, 1.20€ bounty)
*** ANTE/BLINDS ***
P1xel7 posts ante 25
Arcegatron posts ante 25
P1xel7 posts small blind 100
Arcegatron posts big blind 200
Dealt to P1xel7 [5h 6h]
*** PRE-FLOP *** 
P1xel7 raises 240 to 440
Arcegatron folds
P1xel7 collected 690 from pot
*** SUMMARY ***
Total pot 690 | No rake
Seat 3: P1xel7 (small blind) (button) won 690


Winamax Poker - Tournament "Trident" buyIn: 0.45€ + 0.05€ level: 14 - HandId: #2934412920387272708-127-1693079277 - Holdem no limit (25/100/200) - 2023/08/26 19:47:57 UTC
Table: 'Trident(683221249)#0003' 3-max (real money) Seat #2 is the button
Seat 2: Arcegatron (2644, 0.77€ bounty)
Seat 3: P1xel7 (6816, 1.20€ bounty)
*** ANTE/BLINDS ***
Arcegatron posts ante 25
P1xel7 posts ante 25
Arcegatron posts small blind 100
P1xel7 posts big blind 200
Dealt to P1xel7 [Qc 3c]
*** PRE-FLOP *** 
Arcegatron folds
P1xel7 collected 350 from pot
*** SUMMARY ***
Total pot 350 | No rake
Seat 3: P1xel7 (big blind) won 350


Winamax Poker - Tournament "Trident" buyIn: 0.45€ + 0.05€ level: 14 - HandId: #2934412920387272708-128-1693079288 - Holdem no limit (25/100/200) - 2023/08/26 19:48:08 UTC
Table: 'Trident(683221249)#0003' 3-max (real money) Seat #3 is the button
Seat 2: Arcegatron (2519, 0.77€ bounty)
Seat 3: P1xel7 (6941, 1.20€ bounty)
*** ANTE/BLINDS ***
P1xel7 posts ante 25
Arcegatron posts ante 25
P1xel7 posts small blind 100
Arcegatron posts big blind 200
Dealt to P1xel7 [Jc 5h]
*** PRE-FLOP *** 
P1xel7 folds
Arcegatron collected 350 from pot
*** SUMMARY ***
Total pot 350 | No rake
Seat 2: Arcegatron (big blind) won 350


Winamax Poker - Tournament "Trident" buyIn: 0.45€ + 0.05€ level: 14 - HandId: #2934412920387272708-129-1693079292 - Holdem no limit (25/100/200) - 2023/08/26 19:48:12 UTC
Table: 'Trident(683221249)#0003' 3-max (real money) Seat #2 is the button
Seat 2: Arcegatron (2644, 0.77€ bounty)
Seat 3: P1xel7 (6816, 1.20€ bounty)
*** ANTE/BLINDS ***
Arcegatron posts ante 25
P1xel7 posts ante 25
Arcegatron posts small blind 100
P1xel7 posts big blind 200
Dealt to P1xel7 [5c Jd]
*** PRE-FLOP *** 
Arcegatron calls 100
P1xel7 checks
*** FLOP *** [3s 9d 5h]
P1xel7 checks
Arcegatron checks
*** TURN *** [3s 9d 5h][Ac]
P1xel7 bets 200
Arcegatron calls 200
*** RIVER *** [3s 9d 5h Ac][7s]
P1xel7 checks
Arcegatron bets 2219 and is all-in
P1xel7 folds
Arcegatron collected 3069 from pot
*** SUMMARY ***
Total pot 3069 | No rake
Board: [3s 9d 5h Ac 7s]
Seat 2: Arcegatron (small blind) (button) won 3069


Winamax Poker - Tournament "Trident" buyIn: 0.45€ + 0.05€ level: 14 - HandId: #2934412920387272708-130-1693079337 - Holdem no limit (25/100/200) - 2023/08/26 19:48:57 UTC
Table: 'Trident(683221249)#0003' 3-max (real money) Seat #2 is the button
Seat 1: Omahabest9 (8392, 1.12€ bounty)
Seat 2: Arcegatron (3069, 0.77€ bounty)
Seat 3: P1xel7 (6391, 1.20€ bounty)
*** ANTE/BLINDS ***
P1xel7 posts ante 25
Omahabest9 posts ante 25
Arcegatron posts ante 25
P1xel7 posts small blind 100
Omahabest9 posts big blind 200
Dealt to P1xel7 [6c 6s]
*** PRE-FLOP *** 
Arcegatron folds
P1xel7 raises 300 to 500
Omahabest9 folds
P1xel7 collected 775 from pot
*** SUMMARY ***
Total pot 775 | No rake
Seat 3: P1xel7 (small blind) won 775


Winamax Poker - Tournament "Trident" buyIn: 0.45€ + 0.05€ level: 15 - HandId: #2934412920387272708-131-1693079428 - Holdem no limit (30/125/250) - 2023/08/26 19:50:28 UTC
Table: 'Trident(683221249)#0003' 3-max (real money) Seat #3 is the button
Seat 1: Omahabest9 (8167, 1.12€ bounty)
Seat 2: Arcegatron (3044, 0.77€ bounty)
Seat 3: P1xel7 (6641, 1.20€ bounty)
*** ANTE/BLINDS ***
Omahabest9 posts ante 30
Arcegatron posts ante 30
P1xel7 posts ante 30
Omahabest9 posts small blind 125
Arcegatron posts big blind 250
Dealt to P1xel7 [6c Tc]
*** PRE-FLOP *** 
P1xel7 folds
Omahabest9 raises 7887 to 8137 and is all-in
Arcegatron folds
Omahabest9 collected 8477 from pot
*** SUMMARY ***
Total pot 8477 | No rake
Seat 1: Omahabest9 (small blind) won 8477


Winamax Poker - Tournament "Trident" buyIn: 0.45€ + 0.05€ level: 15 - HandId: #2934412920387272708-132-1693079492 - Holdem no limit (30/125/250) - 2023/08/26 19:51:32 UTC
Table: 'Trident(683221249)#0003' 3-max (real money) Seat #1 is the button
Seat 1: Omahabest9 (8477, 1.12€ bounty)
Seat 2: Arcegatron (2764, 0.77€ bounty)
Seat 3: P1xel7 (6611, 1.20€ bounty)
*** ANTE/BLINDS ***
Arcegatron posts ante 30
P1xel7 posts ante 30
Omahabest9 posts ante 30
Arcegatron posts small blind 125
P1xel7 posts big blind 250
Dealt to P1xel7 [3h Ks]
*** PRE-FLOP *** 
Omahabest9 calls 250
Arcegatron folds
P1xel7 checks
*** FLOP *** [7d Ad 2h]
P1xel7 checks
Omahabest9 bets 358
P1xel7 folds
Omahabest9 collected 1073 from pot
*** SUMMARY ***
Total pot 1073 | No rake
Board: [7d Ad 2h]
Seat 1: Omahabest9 (button) won 1073


Winamax Poker - Tournament "Trident" buyIn: 0.45€ + 0.05€ level: 15 - HandId: #2934412920387272708-133-1693079508 - Holdem no limit (30/125/250) - 2023/08/26 19:51:48 UTC
Table: 'Trident(683221249)#0003' 3-max (real money) Seat #2 is the button
Seat 1: Omahabest9 (8912, 1.12€ bounty)
Seat 2: Arcegatron (2609, 0.77€ bounty)
Seat 3: P1xel7 (6331, 1.20€ bounty)
*** ANTE/BLINDS ***
P1xel7 posts ante 30
Omahabest9 posts ante 30
Arcegatron posts ante 30
P1xel7 posts small blind 125
Omahabest9 posts big blind 250
Dealt to P1xel7 [2c 7c]
*** PRE-FLOP *** 
Arcegatron folds
P1xel7 folds
Omahabest9 collected 465 from pot
*** SUMMARY ***
Total pot 465 | No rake
Seat 1: Omahabest9 (big blind) won 465


Winamax Poker - Tournament "Trident" buyIn: 0.45€ + 0.05€ level: 15 - HandId: #2934412920387272708-134-1693079513 - Holdem no limit (30/125/250) - 2023/08/26 19:51:53 UTC
Table: 'Trident(683221249)#0003' 3-max (real money) Seat #3 is the button
Seat 1: Omahabest9 (9097, 1.12€ bounty)
Seat 2: Arcegatron (2579, 0.77€ bounty)
Seat 3: P1xel7 (6176, 1.20€ bounty)
*** ANTE/BLINDS ***
Omahabest9 posts ante 30
Arcegatron posts ante 30
P1xel7 posts ante 30
Omahabest9 posts small blind 125
Arcegatron posts big blind 250
Dealt to P1xel7 [7h Qs]
*** PRE-FLOP *** 
P1xel7 folds
Omahabest9 folds
Arcegatron collected 465 from pot
*** SUMMARY ***
Total pot 465 | No rake
Seat 2: Arcegatron (big blind) won 465


Winamax Poker - Tournament "Trident" buyIn: 0.45€ + 0.05€ level: 15 - HandId: #2934412920387272708-135-1693079519 - Holdem no limit (30/125/250) - 2023/08/26 19:51:59 UTC
Table: 'Trident(683221249)#0003' 3-max (real money) Seat #1 is the button
Seat 1: Omahabest9 (8942, 1.12€ bounty)
Seat 2: Arcegatron (2764, 0.77€ bounty)
Seat 3: P1xel7 (6146, 1.20€ bounty)
*** ANTE/BLINDS ***
Arcegatron posts ante 30
P1xel7 posts ante 30
Omahabest9 posts ante 30
Arcegatron posts small blind 125
P1xel7 posts big blind 250
Dealt to P1xel7 [Qh Qs]
*** PRE-FLOP *** 
Omahabest9 folds
Arcegatron folds
P1xel7 collected 465 from pot
*** SUMMARY ***
Total pot 465 | No rake
Seat 3: P1xel7 (big blind) won 465


Winamax Poker - Tournament "Trident" buyIn: 0.45€ + 0.05€ level: 15 - HandId: #2934412920387272708-136-1693079525 - Holdem no limit (30/125/250) - 2023/08/26 19:52:05 UTC
Table: 'Trident(683221249)#0003' 3-max (real money) Seat #2 is the button
Seat 1: Omahabest9 (8912, 1.12€ bounty)
Seat 2: Arcegatron (2609, 0.77€ bounty)
Seat 3: P1xel7 (6331, 1.20€ bounty)
*** ANTE/BLINDS ***
P1xel7 posts ante 30
Omahabest9 posts ante 30
Arcegatron posts ante 30
P1xel7 posts small blind 125
Omahabest9 posts big blind 250
Dealt to P1xel7 [9c 7d]
*** PRE-FLOP *** 
Arcegatron folds
P1xel7 folds
Omahabest9 collected 465 from pot
*** SUMMARY ***
Total pot 465 | No rake
Seat 1: Omahabest9 (big blind) won 465


Winamax Poker - Tournament "Trident" buyIn: 0.45€ + 0.05€ level: 15 - HandId: #2934412920387272708-137-1693079530 - Holdem no limit (30/125/250) - 2023/08/26 19:52:10 UTC
Table: 'Trident(683221249)#0003' 3-max (real money) Seat #3 is the button
Seat 1: Omahabest9 (9097, 1.12€ bounty)
Seat 2: Arcegatron (2579, 0.77€ bounty)
Seat 3: P1xel7 (6176, 1.20€ bounty)
*** ANTE/BLINDS ***
Omahabest9 posts ante 30
Arcegatron posts ante 30
P1xel7 posts ante 30
Omahabest9 posts small blind 125
Arcegatron posts big blind 250
Dealt to P1xel7 [Td Th]
*** PRE-FLOP *** 
P1xel7 raises 375 to 625
Omahabest9 folds
Arcegatron folds
P1xel7 collected 1090 from pot
*** SUMMARY ***
Total pot 1090 | No rake
Seat 3: P1xel7 (button) won 1090


Winamax Poker - Tournament "Trident" buyIn: 0.45€ + 0.05€ level: 15 - HandId: #2934412920387272708-138-1693079536 - Holdem no limit (30/125/250) - 2023/08/26 19:52:16 UTC
Table: 'Trident(683221249)#0003' 3-max (real money) Seat #1 is the button
Seat 1: Omahabest9 (8942, 1.12€ bounty)
Seat 2: Arcegatron (2299, 0.77€ bounty)
Seat 3: P1xel7 (6611, 1.20€ bounty)
*** ANTE/BLINDS ***
Arcegatron posts ante 30
P1xel7 posts ante 30
Omahabest9 posts ante 30
Arcegatron posts small blind 125
P1xel7 posts big blind 250
Dealt to P1xel7 [9d 2c]
*** PRE-FLOP *** 
Omahabest9 calls 250
Arcegatron raises 750 to 1000
P1xel7 folds
Omahabest9 raises 7912 to 8912 and is all-in
Arcegatron calls 1269 and is all-in
*** FLOP *** [Qs 3d 9h]
*** TURN *** [Qs 3d 9h][Qd]
*** RIVER *** [Qs 3d 9h Qd][8h]
*** SHOW DOWN ***
Arcegatron shows [Ks Ac] (One pair : Queens)
Omahabest9 shows [3c 3s] (Full of 3 and Queens)
Omahabest9 collected 11521 from pot
*** SUMMARY ***
Total pot 11521 | No rake
Board: [Qs 3d 9h Qd 8h]
Seat 1: Omahabest9 (button) showed [3c 3s] and won 11521 with Full of 3 and Queens
Seat 2: Arcegatron (small blind) showed [Ks Ac] and lost with One pair : Queens


Winamax Poker - Tournament "Trident" buyIn: 0.45€ + 0.05€ level: 16 - HandId: #2934412920387272708-139-1693079556 - Holdem no limit (35/150/300) - 2023/08/26 19:52:36 UTC
Table: 'Trident(683221249)#0003' 3-max (real money) Seat #3 is the button
Seat 1: Omahabest9 (11521, 1.50€ bounty)
Seat 3: P1xel7 (6331, 1.20€ bounty)
*** ANTE/BLINDS ***
P1xel7 posts ante 35
Omahabest9 posts ante 35
P1xel7 posts small blind 150
Omahabest9 posts big blind 300
Dealt to P1xel7 [7d Qc]
*** PRE-FLOP *** 
P1xel7 folds
Omahabest9 collected 520 from pot
*** SUMMARY ***
Total pot 520 | No rake
Seat 1: Omahabest9 (big blind) won 520


Winamax Poker - Tournament "Trident" buyIn: 0.45€ + 0.05€ level: 16 - HandId: #2934412920387272708-140-1693079561 - Holdem no limit (35/150/300) - 2023/08/26 19:52:41 UTC
Table: 'Trident(683221249)#0003' 3-max (real money) Seat #1 is the button
Seat 1: Omahabest9 (11706, 1.50€ bounty)
Seat 3: P1xel7 (6146, 1.20€ bounty)
*** ANTE/BLINDS ***
Omahabest9 posts ante 35
P1xel7 posts ante 35
Omahabest9 posts small blind 150
P1xel7 posts big blind 300
Dealt to P1xel7 [9h Js]
*** PRE-FLOP *** 
Omahabest9 raises 300 to 600
P1xel7 calls 300
*** FLOP *** [Ts Ac 9d]
P1xel7 checks
Omahabest9 bets 419
P1xel7 calls 419
*** TURN *** [Ts Ac 9d][Jd]
P1xel7 checks
Omahabest9 checks
*** RIVER *** [Ts Ac 9d Jd][5h]
P1xel7 bets 1686
Omahabest9 calls 1686
*** SHOW DOWN ***
Omahabest9 shows [Ad 2c] (One pair : Aces)
P1xel7 shows [9h Js] (Two pairs : Jacks and 9)
P1xel7 collected 5480 from pot
*** SUMMARY ***
Total pot 5480 | No rake
Board: [Ts Ac 9d Jd 5h]
Seat 1: Omahabest9 (small blind) (button) showed [Ad 2c] and lost with One pair : Aces
Seat 3: P1xel7 (big blind) showed [9h Js] and won 5480 with Two pairs : Jacks and 9


Winamax Poker - Tournament "Trident" buyIn: 0.45€ + 0.05€ level: 16 - HandId: #2934412920387272708-141-1693079590 - Holdem no limit (35/150/300) - 2023/08/26 19:53:10 UTC
Table: 'Trident(683221249)#0003' 3-max (real money) Seat #3 is the button
Seat 1: Omahabest9 (8966, 1.50€ bounty)
Seat 2: Daurade34 (6763, 1.13€ bounty)
Seat 3: P1xel7 (8886, 1.20€ bounty)
*** ANTE/BLINDS ***
P1xel7 posts ante 35
Omahabest9 posts ante 35
P1xel7 posts small blind 150
Omahabest9 posts big blind 300
Dealt to P1xel7 [Qc 7d]
*** PRE-FLOP *** 
P1xel7 folds
Omahabest9 collected 520 from pot
*** SUMMARY ***
Total pot 520 | No rake
Seat 1: Omahabest9 (big blind) won 520


Winamax Poker - Tournament "Trident" buyIn: 0.45€ + 0.05€ level: 16 - HandId: #2934412920387272708-142-1693079595 - Holdem no limit (35/150/300) - 2023/08/26 19:53:15 UTC
Table: 'Trident(683221249)#0003' 3-max (real money) Seat #3 is the button
Seat 1: Omahabest9 (9151, 1.50€ bounty)
Seat 2: Daurade34 (6763, 1.13€ bounty)
Seat 3: P1xel7 (8701, 1.20€ bounty)
*** ANTE/BLINDS ***
Omahabest9 posts ante 35
Daurade34 posts ante 35
P1xel7 posts ante 35
Omahabest9 posts small blind 150
Daurade34 posts big blind 300
Dealt to P1xel7 [Ah 9s]
*** PRE-FLOP *** 
P1xel7 raises 360 to 660
Omahabest9 folds
Daurade34 folds
P1xel7 collected 1215 from pot
*** SUMMARY ***
Total pot 1215 | No rake
Seat 3: P1xel7 (button) won 1215


Winamax Poker - Tournament "Trident" buyIn: 0.45€ + 0.05€ level: 16 - HandId: #2934412920387272708-143-1693079626 - Holdem no limit (35/150/300) - 2023/08/26 19:53:46 UTC
Table: 'Trident(683221249)#0003' 3-max (real money) Seat #1 is the button
Seat 1: Omahabest9 (8966, 1.50€ bounty)
Seat 2: Daurade34 (6428, 1.13€ bounty)
Seat 3: P1xel7 (9221, 1.20€ bounty)
*** ANTE/BLINDS ***
Daurade34 posts ante 35
P1xel7 posts ante 35
Omahabest9 posts ante 35
Daurade34 posts small blind 150
P1xel7 posts big blind 300
Dealt to P1xel7 [Ac Jh]
*** PRE-FLOP *** 
Omahabest9 folds
Daurade34 raises 300 to 600
P1xel7 raises 1650 to 2250
Daurade34 folds
P1xel7 collected 2955 from pot
*** SUMMARY ***
Total pot 2955 | No rake
Seat 3: P1xel7 (big blind) won 2955


Winamax Poker - Tournament "Trident" buyIn: 0.45€ + 0.05€ level: 16 - HandId: #2934412920387272708-144-1693079652 - Holdem no limit (35/150/300) - 2023/08/26 19:54:12 UTC
Table: 'Trident(683221249)#0003' 3-max (real money) Seat #2 is the button
Seat 1: Omahabest9 (8931, 1.50€ bounty)
Seat 2: Daurade34 (5793, 1.13€ bounty)
Seat 3: P1xel7 (9891, 1.20€ bounty)
*** ANTE/BLINDS ***
P1xel7 posts ante 35
Omahabest9 posts ante 35
Daurade34 posts ante 35
P1xel7 posts small blind 150
Omahabest9 posts big blind 300
Dealt to P1xel7 [Th 6d]
*** PRE-FLOP *** 
Daurade34 folds
P1xel7 folds
Omahabest9 collected 555 from pot
*** SUMMARY ***
Total pot 555 | No rake
Seat 1: Omahabest9 (big blind) won 555


Winamax Poker - Tournament "Trident" buyIn: 0.45€ + 0.05€ level: 16 - HandId: #2934412920387272708-145-1693079672 - Holdem no limit (35/150/300) - 2023/08/26 19:54:32 UTC
Table: 'Trident(683221249)#0003' 3-max (real money) Seat #3 is the button
Seat 1: Omahabest9 (9151, 1.50€ bounty)
Seat 2: Daurade34 (5758, 1.13€ bounty)
Seat 3: P1xel7 (9706, 1.20€ bounty)
*** ANTE/BLINDS ***
Omahabest9 posts ante 35
Daurade34 posts ante 35
P1xel7 posts ante 35
Omahabest9 posts small blind 150
Daurade34 posts big blind 300
Dealt to P1xel7 [8c Jh]
*** PRE-FLOP *** 
P1xel7 folds
Omahabest9 folds
Daurade34 collected 555 from pot
*** SUMMARY ***
Total pot 555 | No rake
Seat 2: Daurade34 (big blind) won 555


Winamax Poker - Tournament "Trident" buyIn: 0.45€ + 0.05€ level: 16 - HandId: #2934412920387272708-146-1693079678 - Holdem no limit (35/150/300) - 2023/08/26 19:54:38 UTC
Table: 'Trident(683221249)#0003' 3-max (real money) Seat #1 is the button
Seat 1: Omahabest9 (8966, 1.50€ bounty)
Seat 2: Daurade34 (5978, 1.13€ bounty)
Seat 3: P1xel7 (9671, 1.20€ bounty)
*** ANTE/BLINDS ***
Daurade34 posts ante 35
P1xel7 posts ante 35
Omahabest9 posts ante 35
Daurade34 posts small blind 150
P1xel7 posts big blind 300
Dealt to P1xel7 [2c Kc]
*** PRE-FLOP *** 
Omahabest9 raises 300 to 600
Daurade34 folds
P1xel7 calls 300
*** FLOP *** [9s Jc Ah]
P1xel7 checks
Omahabest9 checks
*** TURN *** [9s Jc Ah][9h]
P1xel7 bets 509
Omahabest9 folds
P1xel7 collected 1964 from pot
*** SUMMARY ***
Total pot 1964 | No rake
Board: [9s Jc Ah 9h]
Seat 3: P1xel7 (big blind) won 1964


Winamax Poker - Tournament "Trident" buyIn: 0.45€ + 0.05€ level: 16 - HandId: #2934412920387272708-147-1693080061 - Holdem no limit (35/150/300) - 2023/08/26 20:01:01 UTC
Table: 'Trident(683221249)#0003' 3-max (real money) Seat #2 is the button
Seat 1: Omahabest9 (8331, 1.50€ bounty)
Seat 2: Daurade34 (5793, 1.13€ bounty)
Seat 3: P1xel7 (10491, 1.20€ bounty)
*** ANTE/BLINDS ***
P1xel7 posts ante 35
Omahabest9 posts ante 35
Daurade34 posts ante 35
P1xel7 posts small blind 150
Omahabest9 posts big blind 300
Dealt to P1xel7 [Jc 9h]
*** PRE-FLOP *** 
Daurade34 folds
P1xel7 raises 360 to 660
Omahabest9 folds
P1xel7 collected 1065 from pot
*** SUMMARY ***
Total pot 1065 | No rake
Seat 3: P1xel7 (small blind) won 1065


Winamax Poker - Tournament "Trident" buyIn: 0.45€ + 0.05€ level: 17 - HandId: #2934412920387272708-148-1693080087 - Holdem no limit (40/175/350) - 2023/08/26 20:01:27 UTC
Table: 'Trident(683221249)#0003' 3-max (real money) Seat #3 is the button
Seat 1: Omahabest9 (7996, 1.50€ bounty)
Seat 2: Daurade34 (5758, 1.13€ bounty)
Seat 3: P1xel7 (10861, 1.20€ bounty)
*** ANTE/BLINDS ***
Omahabest9 posts ante 40
Daurade34 posts ante 40
P1xel7 posts ante 40
Omahabest9 posts small blind 175
Daurade34 posts big blind 350
Dealt to P1xel7 [6s 9c]
*** PRE-FLOP *** 
P1xel7 folds
Omahabest9 raises 7606 to 7956 and is all-in
Daurade34 folds
Omahabest9 collected 8426 from pot
*** SUMMARY ***
Total pot 8426 | No rake
Seat 1: Omahabest9 (small blind) won 8426


Winamax Poker - Tournament "Trident" buyIn: 0.45€ + 0.05€ level: 17 - HandId: #2934412920387272708-149-1693080117 - Holdem no limit (40/175/350) - 2023/08/26 20:01:57 UTC
Table: 'Trident(683221249)#0003' 3-max (real money) Seat #1 is the button
Seat 1: Omahabest9 (8426, 1.50€ bounty)
Seat 2: Daurade34 (5368, 1.13€ bounty)
Seat 3: P1xel7 (10821, 1.20€ bounty)
*** ANTE/BLINDS ***
Daurade34 posts ante 40
P1xel7 posts ante 40
Omahabest9 posts ante 40
Daurade34 posts small blind 175
P1xel7 posts big blind 350
Dealt to P1xel7 [4c Ks]
*** PRE-FLOP *** 
Omahabest9 raises 438 to 788
Daurade34 calls 613
P1xel7 calls 438
*** FLOP *** [6h 2d Ac]
Daurade34 checks
P1xel7 bets 869
Omahabest9 calls 869
Daurade34 folds
*** TURN *** [6h 2d Ac][3d]
P1xel7 checks
Omahabest9 bets 3167
P1xel7 folds
Omahabest9 collected 7389 from pot
*** SUMMARY ***
Total pot 7389 | No rake
Board: [6h 2d Ac 3d]
Seat 1: Omahabest9 (button) won 7389


Winamax Poker - Tournament "Trident" buyIn: 0.45€ + 0.05€ level: 17 - HandId: #2934412920387272708-150-1693080154 - Holdem no limit (40/175/350) - 2023/08/26 20:02:34 UTC
Table: 'Trident(683221249)#0003' 3-max (real money) Seat #2 is the button
Seat 1: Omahabest9 (10951, 1.50€ bounty)
Seat 2: Daurade34 (4540, 1.13€ bounty)
Seat 3: P1xel7 (9124, 1.20€ bounty)
*** ANTE/BLINDS ***
P1xel7 posts ante 40
Omahabest9 posts ante 40
Daurade34 posts ante 40
P1xel7 posts small blind 175
Omahabest9 posts big blind 350
Dealt to P1xel7 [4h 6h]
*** PRE-FLOP *** 
Daurade34 folds
P1xel7 calls 175
Omahabest9 checks
*** FLOP *** [Kc 3h 5h]
P1xel7 checks
Omahabest9 checks
*** TURN *** [Kc 3h 5h][2s]
P1xel7 checks
Omahabest9 checks
*** RIVER *** [Kc 3h 5h 2s][Jh]
P1xel7 bets 656
Omahabest9 folds
P1xel7 collected 1476 from pot
*** SUMMARY ***
Total pot 1476 | No rake
Board: [Kc 3h 5h 2s Jh]
Seat 3: P1xel7 (small blind) won 1476


Winamax Poker - Tournament "Trident" buyIn: 0.45€ + 0.05€ level: 17 - HandId: #2934412920387272708-151-1693080197 - Holdem no limit (40/175/350) - 2023/08/26 20:03:17 UTC
Table: 'Trident(683221249)#0003' 3-max (real money) Seat #3 is the button
Seat 1: Omahabest9 (10561, 1.50€ bounty)
Seat 2: Daurade34 (4500, 1.13€ bounty)
Seat 3: P1xel7 (9554, 1.20€ bounty)
*** ANTE/BLINDS ***
Omahabest9 posts ante 40
Daurade34 posts ante 40
P1xel7 posts ante 40
Omahabest9 posts small blind 175
Daurade34 posts big blind 350
Dealt to P1xel7 [8c Th]
*** PRE-FLOP *** 
P1xel7 folds
Omahabest9 folds
Daurade34 collected 645 from pot
*** SUMMARY ***
Total pot 645 | No rake
Seat 2: Daurade34 (big blind) won 645


Winamax Poker - Tournament "Trident" buyIn: 0.45€ + 0.05€ level: 17 - HandId: #2934412920387272708-152-1693080204 - Holdem no limit (40/175/350) - 2023/08/26 20:03:24 UTC
Table: 'Trident(683221249)#0003' 3-max (real money) Seat #1 is the button
Seat 1: Omahabest9 (10346, 1.50€ bounty)
Seat 2: Daurade34 (4755, 1.13€ bounty)
Seat 3: P1xel7 (9514, 1.20€ bounty)
*** ANTE/BLINDS ***
Daurade34 posts ante 40
P1xel7 posts ante 40
Omahabest9 posts ante 40
Daurade34 posts small blind 175
P1xel7 posts big blind 350
Dealt to P1xel7 [2d 5d]
*** PRE-FLOP *** 
Omahabest9 folds
Daurade34 folds
P1xel7 collected 645 from pot
*** SUMMARY ***
Total pot 645 | No rake
Seat 3: P1xel7 (big blind) won 645


Winamax Poker - Tournament "Trident" buyIn: 0.45€ + 0.05€ level: 18 - HandId: #2934412920387272708-153-1693080230 - Holdem no limit (50/200/400) - 2023/08/26 20:03:50 UTC
Table: 'Trident(683221249)#0003' 3-max (real money) Seat #2 is the button
Seat 1: Omahabest9 (10306, 1.50€ bounty)
Seat 2: Daurade34 (4540, 1.13€ bounty)
Seat 3: P1xel7 (9769, 1.20€ bounty)
*** ANTE/BLINDS ***
P1xel7 posts ante 50
Omahabest9 posts ante 50
Daurade34 posts ante 50
P1xel7 posts small blind 200
Omahabest9 posts big blind 400
Dealt to P1xel7 [4d Ad]
*** PRE-FLOP *** 
Daurade34 folds
P1xel7 raises 480 to 880
Omahabest9 folds
P1xel7 collected 1430 from pot
*** SUMMARY ***
Total pot 1430 | No rake
Seat 3: P1xel7 (small blind) won 1430


Winamax Poker - Tournament "Trident" buyIn: 0.45€ + 0.05€ level: 18 - HandId: #2934412920387272708-154-1693080259 - Holdem no limit (50/200/400) - 2023/08/26 20:04:19 UTC
Table: 'Trident(683221249)#0003' 3-max (real money) Seat #3 is the button
Seat 1: Omahabest9 (9856, 1.50€ bounty)
Seat 2: Daurade34 (4490, 1.13€ bounty)
Seat 3: P1xel7 (10269, 1.20€ bounty)
*** ANTE/BLINDS ***
Omahabest9 posts ante 50
Daurade34 posts ante 50
P1xel7 posts ante 50
Omahabest9 posts small blind 200
Daurade34 posts big blind 400
Dealt to P1xel7 [5c 7h]
*** PRE-FLOP *** 
P1xel7 folds
Omahabest9 raises 400 to 800
Daurade34 calls 400
*** FLOP *** [Kc 6s 6c]
Omahabest9 checks
Daurade34 bets 613
Omahabest9 folds
Daurade34 collected 2363 from pot
*** SUMMARY ***
Total pot 2363 | No rake
Board: [Kc 6s 6c]
Seat 2: Daurade34 (big blind) won 2363


Winamax Poker - Tournament "Trident" buyIn: 0.45€ + 0.05€ level: 18 - HandId: #2934412920387272708-155-1693080280 - Holdem no limit (50/200/400) - 2023/08/26 20:04:40 UTC
Table: 'Trident(683221249)#0003' 3-max (real money) Seat #1 is the button
Seat 1: Omahabest9 (9006, 1.50€ bounty)
Seat 2: Daurade34 (5390, 1.13€ bounty)
Seat 3: P1xel7 (10219, 1.20€ bounty)
*** ANTE/BLINDS ***
Daurade34 posts ante 50
P1xel7 posts ante 50
Omahabest9 posts ante 50
Daurade34 posts small blind 200
P1xel7 posts big blind 400
Dealt to P1xel7 [Th Kc]
*** PRE-FLOP *** 
Omahabest9 raises 400 to 800
Daurade34 folds
P1xel7 calls 400
*** FLOP *** [Ad Qs Jc]
P1xel7 checks
Omahabest9 bets 975
P1xel7 calls 975
*** TURN *** [Ad Qs Jc][6h]
P1xel7 checks
Omahabest9 bets 2925
P1xel7 calls 2925
*** RIVER *** [Ad Qs Jc 6h][8c]
P1xel7 checks
Omahabest9 bets 4256 and is all-in
P1xel7 calls 4256
*** SHOW DOWN ***
Omahabest9 shows [Kd Tc] (Straight Ace high)
P1xel7 shows [Th Kc] (Straight Ace high)
P1xel7 collected 9131 from pot
Omahabest9 collected 9131 from pot
*** SUMMARY ***
Total pot 18262 | No rake
Board: [Ad Qs Jc 6h 8c]
Seat 1: Omahabest9 (button) showed [Kd Tc] and won 9131 with Straight Ace high
Seat 3: P1xel7 (big blind) showed [Th Kc] and won 9131 with Straight Ace high


Winamax Poker - Tournament "Trident" buyIn: 0.45€ + 0.05€ level: 18 - HandId: #2934412920387272708-156-1693080344 - Holdem no limit (50/200/400) - 2023/08/26 20:05:44 UTC
Table: 'Trident(683221249)#0003' 3-max (real money) Seat #2 is the button
Seat 1: Omahabest9 (9131, 1.50€ bounty)
Seat 2: Daurade34 (5140, 1.13€ bounty)
Seat 3: P1xel7 (10344, 1.20€ bounty)
*** ANTE/BLINDS ***
P1xel7 posts ante 50
Omahabest9 posts ante 50
Daurade34 posts ante 50
P1xel7 posts small blind 200
Omahabest9 posts big blind 400
Dealt to P1xel7 [Ah 4c]
*** PRE-FLOP *** 
Daurade34 folds
P1xel7 raises 480 to 880
Omahabest9 calls 480
*** FLOP *** [8c Td 4h]
P1xel7 checks
Omahabest9 checks
*** TURN *** [8c Td 4h][7s]
P1xel7 bets 669
Omahabest9 folds
P1xel7 collected 2579 from pot
*** SUMMARY ***
Total pot 2579 | No rake
Board: [8c Td 4h 7s]
Seat 3: P1xel7 (small blind) won 2579


Winamax Poker - Tournament "Trident" buyIn: 0.45€ + 0.05€ level: 19 - HandId: #2934412920387272708-157-1693080379 - Holdem no limit (60/250/500) - 2023/08/26 20:06:19 UTC
Table: 'Trident(683221249)#0003' 3-max (real money) Seat #3 is the button
Seat 1: Omahabest9 (8201, 1.50€ bounty)
Seat 2: Daurade34 (5090, 1.13€ bounty)
Seat 3: P1xel7 (11324, 1.20€ bounty)
*** ANTE/BLINDS ***
Omahabest9 posts ante 60
Daurade34 posts ante 60
P1xel7 posts ante 60
Omahabest9 posts small blind 250
Daurade34 posts big blind 500
Dealt to P1xel7 [9c Js]
*** PRE-FLOP *** 
P1xel7 folds
Omahabest9 folds
Daurade34 collected 930 from pot
*** SUMMARY ***
Total pot 930 | No rake
Seat 2: Daurade34 (big blind) won 930


Winamax Poker - Tournament "Trident" buyIn: 0.45€ + 0.05€ level: 19 - HandId: #2934412920387272708-158-1693080392 - Holdem no limit (60/250/500) - 2023/08/26 20:06:32 UTC
Table: 'Trident(683221249)#0003' 3-max (real money) Seat #1 is the button
Seat 1: Omahabest9 (7891, 1.50€ bounty)
Seat 2: Daurade34 (5460, 1.13€ bounty)
Seat 3: P1xel7 (11264, 1.20€ bounty)
*** ANTE/BLINDS ***
Daurade34 posts ante 60
P1xel7 posts ante 60
Omahabest9 posts ante 60
Daurade34 posts small blind 250
P1xel7 posts big blind 500
Dealt to P1xel7 [9d 8c]
*** PRE-FLOP *** 
Omahabest9 folds
Daurade34 calls 250
P1xel7 checks
*** FLOP *** [Ac 3d Tc]
Daurade34 bets 500
P1xel7 folds
Daurade34 collected 1680 from pot
*** SUMMARY ***
Total pot 1680 | No rake
Board: [Ac 3d Tc]
Seat 2: Daurade34 (small blind) won 1680


Winamax Poker - Tournament "Trident" buyIn: 0.45€ + 0.05€ level: 19 - HandId: #2934412920387272708-159-1693080416 - Holdem no limit (60/250/500) - 2023/08/26 20:06:56 UTC
Table: 'Trident(683221249)#0003' 3-max (real money) Seat #2 is the button
Seat 1: Omahabest9 (7831, 1.50€ bounty)
Seat 2: Daurade34 (6080, 1.13€ bounty)
Seat 3: P1xel7 (10704, 1.20€ bounty)
*** ANTE/BLINDS ***
P1xel7 posts ante 60
Omahabest9 posts ante 60
Daurade34 posts ante 60
P1xel7 posts small blind 250
Omahabest9 posts big blind 500
Dealt to P1xel7 [Jd 4s]
*** PRE-FLOP *** 
Daurade34 folds
P1xel7 folds
Omahabest9 collected 930 from pot
*** SUMMARY ***
Total pot 930 | No rake
Seat 1: Omahabest9 (big blind) won 930


Winamax Poker - Tournament "Trident" buyIn: 0.45€ + 0.05€ level: 19 - HandId: #2934412920387272708-160-1693080433 - Holdem no limit (60/250/500) - 2023/08/26 20:07:13 UTC
Table: 'Trident(683221249)#0003' 3-max (real money) Seat #3 is the button
Seat 1: Omahabest9 (8201, 1.50€ bounty)
Seat 2: Daurade34 (6020, 1.13€ bounty)
Seat 3: P1xel7 (10394, 1.20€ bounty)
*** ANTE/BLINDS ***
Omahabest9 posts ante 60
Daurade34 posts ante 60
P1xel7 posts ante 60
Omahabest9 posts small blind 250
Daurade34 posts big blind 500
Dealt to P1xel7 [Kc Tc]
*** PRE-FLOP *** 
P1xel7 raises 750 to 1250
Omahabest9 folds
Daurade34 folds
P1xel7 collected 2180 from pot
*** SUMMARY ***
Total pot 2180 | No rake
Seat 3: P1xel7 (button) won 2180


Winamax Poker - Tournament "Trident" buyIn: 0.45€ + 0.05€ level: 19 - HandId: #2934412920387272708-161-1693080457 - Holdem no limit (60/250/500) - 2023/08/26 20:07:37 UTC
Table: 'Trident(683221249)#0003' 3-max (real money) Seat #1 is the button
Seat 1: Omahabest9 (7891, 1.50€ bounty)
Seat 2: Daurade34 (5460, 1.13€ bounty)
Seat 3: P1xel7 (11264, 1.20€ bounty)
*** ANTE/BLINDS ***
Daurade34 posts ante 60
P1xel7 posts ante 60
Omahabest9 posts ante 60
Daurade34 posts small blind 250
P1xel7 posts big blind 500
Dealt to P1xel7 [Ad 5d]
*** PRE-FLOP *** 
Omahabest9 folds
Daurade34 raises 500 to 1000
P1xel7 calls 500
*** FLOP *** [4c Kd Qh]
Daurade34 checks
P1xel7 bets 763
Daurade34 calls 763
*** TURN *** [4c Kd Qh][Kc]
Daurade34 checks
P1xel7 bets 1853
Daurade34 raises 1784 to 3637 and is all-in
P1xel7 folds
Daurade34 collected 9196 from pot
*** SUMMARY ***
Total pot 9196 | No rake
Board: [4c Kd Qh Kc]
Seat 2: Daurade34 (small blind) won 9196


Winamax Poker - Tournament "Trident" buyIn: 0.45€ + 0.05€ level: 20 - HandId: #2934412920387272708-162-1693080522 - Holdem no limit (70/300/600) - 2023/08/26 20:08:42 UTC
Table: 'Trident(683221249)#0003' 3-max (real money) Seat #2 is the button
Seat 1: Omahabest9 (7831, 1.50€ bounty)
Seat 2: Daurade34 (9196, 1.13€ bounty)
Seat 3: P1xel7 (7588, 1.20€ bounty)
*** ANTE/BLINDS ***
P1xel7 posts ante 70
Omahabest9 posts ante 70
Daurade34 posts ante 70
P1xel7 posts small blind 300
Omahabest9 posts big blind 600
Dealt to P1xel7 [Ks 4s]
*** PRE-FLOP *** 
Daurade34 folds
P1xel7 raises 720 to 1320
Omahabest9 folds
P1xel7 collected 2130 from pot
*** SUMMARY ***
Total pot 2130 | No rake
Seat 3: P1xel7 (small blind) won 2130


Winamax Poker - Tournament "Trident" buyIn: 0.45€ + 0.05€ level: 20 - HandId: #2934412920387272708-163-1693080548 - Holdem no limit (70/300/600) - 2023/08/26 20:09:08 UTC
Table: 'Trident(683221249)#0003' 3-max (real money) Seat #3 is the button
Seat 1: Omahabest9 (7161, 1.50€ bounty)
Seat 2: Daurade34 (9126, 1.13€ bounty)
Seat 3: P1xel7 (8328, 1.20€ bounty)
*** ANTE/BLINDS ***
Omahabest9 posts ante 70
Daurade34 posts ante 70
P1xel7 posts ante 70
Omahabest9 posts small blind 300
Daurade34 posts big blind 600
Dealt to P1xel7 [5h 4d]
*** PRE-FLOP *** 
P1xel7 folds
Omahabest9 raises 6491 to 7091 and is all-in
Daurade34 calls 6491
*** FLOP *** [5s 6c 6h]
*** TURN *** [5s 6c 6h][3s]
*** RIVER *** [5s 6c 6h 3s][Jd]
*** SHOW DOWN ***
Omahabest9 shows [7c Ah] (One pair : 6)
Daurade34 shows [Ac Qd] (One pair : 6)
Daurade34 collected 14392 from pot
*** SUMMARY ***
Total pot 14392 | No rake
Board: [5s 6c 6h 3s Jd]
Seat 1: Omahabest9 (small blind) showed [7c Ah] and lost with One pair : 6
Seat 2: Daurade34 (big blind) showed [Ac Qd] and won 14392 with One pair : 6


Winamax Poker - Tournament "Trident" buyIn: 0.45€ + 0.05€ level: 20 - HandId: #2934412920387272708-164-1693080562 - Holdem no limit (70/300/600) - 2023/08/26 20:09:22 UTC
Table: 'Trident(683221249)#0003' 3-max (real money) Seat #2 is the button
Seat 2: Daurade34 (16357, 1.88€ bounty)
Seat 3: P1xel7 (8258, 1.20€ bounty)
*** ANTE/BLINDS ***
Daurade34 posts ante 70
P1xel7 posts ante 70
Daurade34 posts small blind 300
P1xel7 posts big blind 600
Dealt to P1xel7 [5c 7c]
*** PRE-FLOP *** 
Daurade34 raises 600 to 1200
P1xel7 calls 600
*** FLOP *** [Js 4c 6d]
P1xel7 checks
Daurade34 bets 889
P1xel7 calls 889
*** TURN *** [Js 4c 6d][7s]
P1xel7 checks
Daurade34 checks
*** RIVER *** [Js 4c 6d 7s][6h]
P1xel7 bets 6099 and is all-in
Daurade34 folds
P1xel7 collected 10417 from pot
*** SUMMARY ***
Total pot 10417 | No rake
Board: [Js 4c 6d 7s 6h]
Seat 3: P1xel7 (big blind) won 10417


Winamax Poker - Tournament "Trident" buyIn: 0.45€ + 0.05€ level: 20 - HandId: #2934412920387272708-165-1693080602 - Holdem no limit (70/300/600) - 2023/08/26 20:10:02 UTC
Table: 'Trident(683221249)#0003' 3-max (real money) Seat #2 is the button
Seat 1: GLLOQ68 (26900, 2.85€ bounty)
Seat 2: Daurade34 (14198, 1.88€ bounty)
Seat 3: P1xel7 (10417, 1.20€ bounty)
*** ANTE/BLINDS ***
P1xel7 posts ante 70
GLLOQ68 posts ante 70
Daurade34 posts ante 70
P1xel7 posts small blind 300
GLLOQ68 posts big blind 600
Dealt to P1xel7 [Kh Ks]
*** PRE-FLOP *** 
Daurade34 raises 600 to 1200
P1xel7 raises 9147 to 10347 and is all-in
GLLOQ68 folds
Daurade34 folds
P1xel7 collected 12357 from pot
*** SUMMARY ***
Total pot 12357 | No rake
Seat 3: P1xel7 (small blind) won 12357


Winamax Poker - Tournament "Trident" buyIn: 0.45€ + 0.05€ level: 20 - HandId: #2934412920387272708-166-1693080623 - Holdem no limit (70/300/600) - 2023/08/26 20:10:23 UTC
Table: 'Trident(683221249)#0003' 3-max (real money) Seat #3 is the button
Seat 1: GLLOQ68 (26230, 2.85€ bounty)
Seat 2: Daurade34 (12928, 1.88€ bounty)
Seat 3: P1xel7 (12357, 1.20€ bounty)
*** ANTE/BLINDS ***
GLLOQ68 posts ante 70
Daurade34 posts ante 70
P1xel7 posts ante 70
GLLOQ68 posts small blind 300
Daurade34 posts big blind 600
Dealt to P1xel7 [5c 4d]
*** PRE-FLOP *** 
P1xel7 folds
GLLOQ68 folds
Daurade34 collected 1110 from pot
*** SUMMARY ***
Total pot 1110 | No rake
Seat 2: Daurade34 (big blind) won 1110


Winamax Poker - Tournament "Trident" buyIn: 0.45€ + 0.05€ level: 20 - HandId: #2934412920387272708-167-1693080643 - Holdem no limit (70/300/600) - 2023/08/26 20:10:43 UTC
Table: 'Trident(683221249)#0003' 3-max (real money) Seat #1 is the button
Seat 1: GLLOQ68 (25860, 2.85€ bounty)
Seat 2: Daurade34 (13368, 1.88€ bounty)
Seat 3: P1xel7 (12287, 1.20€ bounty)
*** ANTE/BLINDS ***
Daurade34 posts ante 70
P1xel7 posts ante 70
GLLOQ68 posts ante 70
Daurade34 posts small blind 300
P1xel7 posts big blind 600
Dealt to P1xel7 [6s 2c]
*** PRE-FLOP *** 
GLLOQ68 calls 600
Daurade34 calls 300
P1xel7 checks
*** FLOP *** [7d Tc Kc]
Daurade34 checks
P1xel7 checks
GLLOQ68 checks
*** TURN *** [7d Tc Kc][5h]
Daurade34 bets 704
P1xel7 folds
GLLOQ68 folds
Daurade34 collected 2714 from pot
*** SUMMARY ***
Total pot 2714 | No rake
Board: [7d Tc Kc 5h]
Seat 2: Daurade34 (small blind) won 2714


Winamax Poker - Tournament "Trident" buyIn: 0.45€ + 0.05€ level: 21 - HandId: #2934412920387272708-168-1693080720 - Holdem no limit (80/350/700) - 2023/08/26 20:12:00 UTC
Table: 'Trident(683221249)#0003' 3-max (real money) Seat #2 is the button
Seat 1: GLLOQ68 (25190, 2.85€ bounty)
Seat 2: Daurade34 (14708, 1.88€ bounty)
Seat 3: P1xel7 (11617, 1.20€ bounty)
*** ANTE/BLINDS ***
P1xel7 posts ante 80
GLLOQ68 posts ante 80
Daurade34 posts ante 80
P1xel7 posts small blind 350
GLLOQ68 posts big blind 700
Dealt to P1xel7 [Ah 3s]
*** PRE-FLOP *** 
Daurade34 folds
P1xel7 raises 840 to 1540
GLLOQ68 raises 23570 to 25110 and is all-in
P1xel7 folds
GLLOQ68 collected 26890 from pot
*** SUMMARY ***
Total pot 26890 | No rake
Seat 1: GLLOQ68 (big blind) won 26890


Winamax Poker - Tournament "Trident" buyIn: 0.45€ + 0.05€ level: 21 - HandId: #2934412920387272708-169-1693080748 - Holdem no limit (80/350/700) - 2023/08/26 20:12:28 UTC
Table: 'Trident(683221249)#0003' 3-max (real money) Seat #3 is the button
Seat 1: GLLOQ68 (26890, 2.85€ bounty)
Seat 2: Daurade34 (14628, 1.88€ bounty)
Seat 3: P1xel7 (9997, 1.20€ bounty)
*** ANTE/BLINDS ***
GLLOQ68 posts ante 80
Daurade34 posts ante 80
P1xel7 posts ante 80
GLLOQ68 posts small blind 350
Daurade34 posts big blind 700
Dealt to P1xel7 [Ah Tc]
*** PRE-FLOP *** 
P1xel7 raises 840 to 1540
GLLOQ68 folds
Daurade34 calls 840
*** FLOP *** [Kc Jd Qc]
Daurade34 checks
P1xel7 bets 1285
Daurade34 calls 1285
*** TURN *** [Kc Jd Qc][4s]
Daurade34 checks
P1xel7 bets 4056
Daurade34 calls 4056
*** RIVER *** [Kc Jd Qc 4s][8c]
Daurade34 checks
P1xel7 checks
*** SHOW DOWN ***
Daurade34 shows [Th Kh] (One pair : Kings)
P1xel7 shows [Ah Tc] (Straight Ace high)
P1xel7 collected 14352 from pot
*** SUMMARY ***
Total pot 14352 | No rake
Board: [Kc Jd Qc 4s 8c]
Seat 2: Daurade34 (big blind) showed [Th Kh] and lost with One pair : Kings
Seat 3: P1xel7 (button) showed [Ah Tc] and won 14352 with Straight Ace high


Winamax Poker - Tournament "Trident" buyIn: 0.45€ + 0.05€ level: 22 - HandId: #2934412920387272708-170-1693080852 - Holdem no limit (100/400/800) - 2023/08/26 20:14:12 UTC
Table: 'Trident(683221249)#0003' 3-max (real money) Seat #1 is the button
Seat 1: GLLOQ68 (26460, 2.85€ bounty)
Seat 2: Daurade34 (7667, 1.88€ bounty)
Seat 3: P1xel7 (17388, 1.20€ bounty)
*** ANTE/BLINDS ***
Daurade34 posts ante 100
P1xel7 posts ante 100
GLLOQ68 posts ante 100
Daurade34 posts small blind 400
P1xel7 posts big blind 800
Dealt to P1xel7 [7d 9d]
*** PRE-FLOP *** 
GLLOQ68 raises 1600 to 2400
Daurade34 folds
P1xel7 folds
GLLOQ68 collected 3900 from pot
*** SUMMARY ***
Total pot 3900 | No rake
Seat 1: GLLOQ68 (button) won 3900


Winamax Poker - Tournament "Trident" buyIn: 0.45€ + 0.05€ level: 22 - HandId: #2934412920387272707-141-1693080893 - Holdem no limit (100/400/800) - 2023/08/26 20:14:53 UTC
Table: 'Trident(683221249)#0002' 3-max (real money) Seat #1 is the button
Seat 1: BiBiKiLL45 (18398, 1.32€ bounty)
Seat 3: P1xel7 (16488, 1.20€ bounty)
*** ANTE/BLINDS ***
BiBiKiLL45 posts ante 100
P1xel7 posts ante 100
BiBiKiLL45 posts small blind 400
P1xel7 posts big blind 800
Dealt to P1xel7 [8d 7s]
*** PRE-FLOP *** 
BiBiKiLL45 folds
P1xel7 collected 1400 from pot
*** SUMMARY ***
Total pot 1400 | No rake
Seat 3: P1xel7 (big blind) won 1400


Winamax Poker - Tournament "Trident" buyIn: 0.45€ + 0.05€ level: 22 - HandId: #2934412920387272707-142-1693080904 - Holdem no limit (100/400/800) - 2023/08/26 20:15:04 UTC
Table: 'Trident(683221249)#0002' 3-max (real money) Seat #3 is the button
Seat 1: BiBiKiLL45 (17898, 1.32€ bounty)
Seat 3: P1xel7 (16988, 1.20€ bounty)
*** ANTE/BLINDS ***
P1xel7 posts ante 100
BiBiKiLL45 posts ante 100
P1xel7 posts small blind 400
BiBiKiLL45 posts big blind 800
Dealt to P1xel7 [As 8d]
*** PRE-FLOP *** 
P1xel7 raises 960 to 1760
BiBiKiLL45 folds
P1xel7 collected 2760 from pot
*** SUMMARY ***
Total pot 2760 | No rake
Seat 3: P1xel7 (small blind) (button) won 2760


Winamax Poker - Tournament "Trident" buyIn: 0.45€ + 0.05€ level: 22 - HandId: #2934412920387272707-143-1693080916 - Holdem no limit (100/400/800) - 2023/08/26 20:15:16 UTC
Table: 'Trident(683221249)#0002' 3-max (real money) Seat #1 is the button
Seat 1: BiBiKiLL45 (16998, 1.32€ bounty)
Seat 3: P1xel7 (17888, 1.20€ bounty)
*** ANTE/BLINDS ***
BiBiKiLL45 posts ante 100
P1xel7 posts ante 100
BiBiKiLL45 posts small blind 400
P1xel7 posts big blind 800
Dealt to P1xel7 [2d 9c]
*** PRE-FLOP *** 
BiBiKiLL45 raises 1000 to 1800
P1xel7 folds
BiBiKiLL45 collected 2800 from pot
*** SUMMARY ***
Total pot 2800 | No rake
Seat 1: BiBiKiLL45 (small blind) (button) won 2800


Winamax Poker - Tournament "Trident" buyIn: 0.45€ + 0.05€ level: 22 - HandId: #2934412920387272707-144-1693080926 - Holdem no limit (100/400/800) - 2023/08/26 20:15:26 UTC
Table: 'Trident(683221249)#0002' 3-max (real money) Seat #3 is the button
Seat 1: BiBiKiLL45 (17898, 1.32€ bounty)
Seat 3: P1xel7 (16988, 1.20€ bounty)
*** ANTE/BLINDS ***
P1xel7 posts ante 100
BiBiKiLL45 posts ante 100
P1xel7 posts small blind 400
BiBiKiLL45 posts big blind 800
Dealt to P1xel7 [Qc Ks]
*** PRE-FLOP *** 
P1xel7 raises 960 to 1760
BiBiKiLL45 folds
P1xel7 collected 2760 from pot
*** SUMMARY ***
Total pot 2760 | No rake
Seat 3: P1xel7 (small blind) (button) won 2760


Winamax Poker - Tournament "Trident" buyIn: 0.45€ + 0.05€ level: 22 - HandId: #2934412920387272707-145-1693080939 - Holdem no limit (100/400/800) - 2023/08/26 20:15:39 UTC
Table: 'Trident(683221249)#0002' 3-max (real money) Seat #1 is the button
Seat 1: BiBiKiLL45 (16998, 1.32€ bounty)
Seat 3: P1xel7 (17888, 1.20€ bounty)
*** ANTE/BLINDS ***
BiBiKiLL45 posts ante 100
P1xel7 posts ante 100
BiBiKiLL45 posts small blind 400
P1xel7 posts big blind 800
Dealt to P1xel7 [8h Ac]
*** PRE-FLOP *** 
BiBiKiLL45 folds
P1xel7 collected 1400 from pot
*** SUMMARY ***
Total pot 1400 | No rake
Seat 3: P1xel7 (big blind) won 1400


Winamax Poker - Tournament "Trident" buyIn: 0.45€ + 0.05€ level: 22 - HandId: #2934412920387272707-146-1693080948 - Holdem no limit (100/400/800) - 2023/08/26 20:15:48 UTC
Table: 'Trident(683221249)#0002' 3-max (real money) Seat #3 is the button
Seat 1: BiBiKiLL45 (16498, 1.32€ bounty)
Seat 3: P1xel7 (18388, 1.20€ bounty)
*** ANTE/BLINDS ***
P1xel7 posts ante 100
BiBiKiLL45 posts ante 100
P1xel7 posts small blind 400
BiBiKiLL45 posts big blind 800
Dealt to P1xel7 [8d 4s]
*** PRE-FLOP *** 
P1xel7 folds
BiBiKiLL45 collected 1400 from pot
*** SUMMARY ***
Total pot 1400 | No rake
Seat 1: BiBiKiLL45 (big blind) won 1400


Winamax Poker - Tournament "Trident" buyIn: 0.45€ + 0.05€ level: 22 - HandId: #2934412920387272707-147-1693080952 - Holdem no limit (100/400/800) - 2023/08/26 20:15:52 UTC
Table: 'Trident(683221249)#0002' 3-max (real money) Seat #1 is the button
Seat 1: BiBiKiLL45 (16998, 1.32€ bounty)
Seat 3: P1xel7 (17888, 1.20€ bounty)
*** ANTE/BLINDS ***
BiBiKiLL45 posts ante 100
P1xel7 posts ante 100
BiBiKiLL45 posts small blind 400
P1xel7 posts big blind 800
Dealt to P1xel7 [5d Qc]
*** PRE-FLOP *** 
BiBiKiLL45 raises 1200 to 2000
P1xel7 folds
BiBiKiLL45 collected 3000 from pot
*** SUMMARY ***
Total pot 3000 | No rake
Seat 1: BiBiKiLL45 (small blind) (button) won 3000


Winamax Poker - Tournament "Trident" buyIn: 0.45€ + 0.05€ level: 23 - HandId: #2934412920387272707-148-1693080963 - Holdem no limit (120/500/1000) - 2023/08/26 20:16:03 UTC
Table: 'Trident(683221249)#0002' 3-max (real money) Seat #3 is the button
Seat 1: BiBiKiLL45 (17898, 1.32€ bounty)
Seat 3: P1xel7 (16988, 1.20€ bounty)
*** ANTE/BLINDS ***
P1xel7 posts ante 120
BiBiKiLL45 posts ante 120
P1xel7 posts small blind 500
BiBiKiLL45 posts big blind 1000
Dealt to P1xel7 [6s 8s]
*** PRE-FLOP *** 
P1xel7 folds
BiBiKiLL45 collected 1740 from pot
*** SUMMARY ***
Total pot 1740 | No rake
Seat 1: BiBiKiLL45 (big blind) won 1740


Winamax Poker - Tournament "Trident" buyIn: 0.45€ + 0.05€ level: 23 - HandId: #2934412920387272707-149-1693080967 - Holdem no limit (120/500/1000) - 2023/08/26 20:16:07 UTC
Table: 'Trident(683221249)#0002' 3-max (real money) Seat #1 is the button
Seat 1: BiBiKiLL45 (18518, 1.32€ bounty)
Seat 3: P1xel7 (16368, 1.20€ bounty)
*** ANTE/BLINDS ***
BiBiKiLL45 posts ante 120
P1xel7 posts ante 120
BiBiKiLL45 posts small blind 500
P1xel7 posts big blind 1000
Dealt to P1xel7 [7s 4d]
*** PRE-FLOP *** 
BiBiKiLL45 calls 500
P1xel7 checks
*** FLOP *** [5s 9d 7c]
P1xel7 checks
BiBiKiLL45 checks
*** TURN *** [5s 9d 7c][3h]
P1xel7 bets 1792
BiBiKiLL45 folds
P1xel7 collected 4032 from pot
*** SUMMARY ***
Total pot 4032 | No rake
Board: [5s 9d 7c 3h]
Seat 3: P1xel7 (big blind) won 4032


Winamax Poker - Tournament "Trident" buyIn: 0.45€ + 0.05€ level: 23 - HandId: #2934412920387272707-150-1693080995 - Holdem no limit (120/500/1000) - 2023/08/26 20:16:35 UTC
Table: 'Trident(683221249)#0002' 3-max (real money) Seat #3 is the button
Seat 1: BiBiKiLL45 (17398, 1.32€ bounty)
Seat 3: P1xel7 (17488, 1.20€ bounty)
*** ANTE/BLINDS ***
P1xel7 posts ante 120
BiBiKiLL45 posts ante 120
P1xel7 posts small blind 500
BiBiKiLL45 posts big blind 1000
Dealt to P1xel7 [Td 3d]
*** PRE-FLOP *** 
P1xel7 folds
BiBiKiLL45 collected 1740 from pot
*** SUMMARY ***
Total pot 1740 | No rake
Seat 1: BiBiKiLL45 (big blind) won 1740


Winamax Poker - Tournament "Trident" buyIn: 0.45€ + 0.05€ level: 23 - HandId: #2934412920387272707-151-1693080999 - Holdem no limit (120/500/1000) - 2023/08/26 20:16:39 UTC
Table: 'Trident(683221249)#0002' 3-max (real money) Seat #1 is the button
Seat 1: BiBiKiLL45 (18018, 1.32€ bounty)
Seat 3: P1xel7 (16868, 1.20€ bounty)
*** ANTE/BLINDS ***
BiBiKiLL45 posts ante 120
P1xel7 posts ante 120
BiBiKiLL45 posts small blind 500
P1xel7 posts big blind 1000
Dealt to P1xel7 [5c 7s]
*** PRE-FLOP *** 
BiBiKiLL45 folds
P1xel7 collected 1740 from pot
*** SUMMARY ***
Total pot 1740 | No rake
Seat 3: P1xel7 (big blind) won 1740


Winamax Poker - Tournament "Trident" buyIn: 0.45€ + 0.05€ level: 23 - HandId: #2934412920387272707-152-1693081005 - Holdem no limit (120/500/1000) - 2023/08/26 20:16:45 UTC
Table: 'Trident(683221249)#0002' 3-max (real money) Seat #3 is the button
Seat 1: BiBiKiLL45 (17398, 1.32€ bounty)
Seat 3: P1xel7 (17488, 1.20€ bounty)
*** ANTE/BLINDS ***
P1xel7 posts ante 120
BiBiKiLL45 posts ante 120
P1xel7 posts small blind 500
BiBiKiLL45 posts big blind 1000
Dealt to P1xel7 [Kh 6s]
*** PRE-FLOP *** 
P1xel7 folds
BiBiKiLL45 collected 1740 from pot
*** SUMMARY ***
Total pot 1740 | No rake
Seat 1: BiBiKiLL45 (big blind) won 1740


Winamax Poker - Tournament "Trident" buyIn: 0.45€ + 0.05€ level: 23 - HandId: #2934412920387272707-153-1693081012 - Holdem no limit (120/500/1000) - 2023/08/26 20:16:52 UTC
Table: 'Trident(683221249)#0002' 3-max (real money) Seat #1 is the button
Seat 1: BiBiKiLL45 (18018, 1.32€ bounty)
Seat 3: P1xel7 (16868, 1.20€ bounty)
*** ANTE/BLINDS ***
BiBiKiLL45 posts ante 120
P1xel7 posts ante 120
BiBiKiLL45 posts small blind 500
P1xel7 posts big blind 1000
Dealt to P1xel7 [Ks 5d]
*** PRE-FLOP *** 
BiBiKiLL45 raises 1250 to 2250
P1xel7 calls 1250
*** FLOP *** [8c 9d 5c]
P1xel7 checks
BiBiKiLL45 bets 2370
P1xel7 calls 2370
*** TURN *** [8c 9d 5c][4s]
P1xel7 checks
BiBiKiLL45 checks
*** RIVER *** [8c 9d 5c 4s][Qs]
P1xel7 bets 3318
BiBiKiLL45 calls 3318
*** SHOW DOWN ***
P1xel7 shows [Ks 5d] (One pair : 5)
BiBiKiLL45 shows [Qd 6h] (One pair : Queens)
BiBiKiLL45 collected 16116 from pot
*** SUMMARY ***
Total pot 16116 | No rake
Board: [8c 9d 5c 4s Qs]
Seat 1: BiBiKiLL45 (small blind) (button) showed [Qd 6h] and won 16116 with One pair : Queens
Seat 3: P1xel7 (big blind) showed [Ks 5d] and lost with One pair : 5


Winamax Poker - Tournament "Trident" buyIn: 0.45€ + 0.05€ level: 23 - HandId: #2934412920387272706-199-1693081082 - Holdem no limit (120/500/1000) - 2023/08/26 20:18:02 UTC
Table: 'Trident(683221249)#0001' 3-max (real money) Seat #2 is the button
Seat 1: GLLOQ68 (29380, 2.85€ bounty)
Seat 2: P1xel7 (8810, 1.20€ bounty)
Seat 3: BiBiKiLL45 (26076, 1.32€ bounty)
*** ANTE/BLINDS ***
BiBiKiLL45 posts ante 120
GLLOQ68 posts ante 120
P1xel7 posts ante 120
BiBiKiLL45 posts small blind 500
GLLOQ68 posts big blind 1000
Dealt to P1xel7 [4s Qc]
*** PRE-FLOP *** 
P1xel7 folds
BiBiKiLL45 folds
GLLOQ68 collected 1860 from pot
*** SUMMARY ***
Total pot 1860 | No rake
Seat 1: GLLOQ68 (big blind) won 1860


Winamax Poker - Tournament "Trident" buyIn: 0.45€ + 0.05€ level: 23 - HandId: #2934412920387272706-200-1693081095 - Holdem no limit (120/500/1000) - 2023/08/26 20:18:15 UTC
Table: 'Trident(683221249)#0001' 3-max (real money) Seat #3 is the button
Seat 1: GLLOQ68 (30120, 2.85€ bounty)
Seat 2: P1xel7 (8690, 1.20€ bounty)
Seat 3: BiBiKiLL45 (25456, 1.32€ bounty)
*** ANTE/BLINDS ***
GLLOQ68 posts ante 120
P1xel7 posts ante 120
BiBiKiLL45 posts ante 120
GLLOQ68 posts small blind 500
P1xel7 posts big blind 1000
Dealt to P1xel7 [Jc 4h]
*** PRE-FLOP *** 
BiBiKiLL45 folds
GLLOQ68 raises 2000 to 3000
P1xel7 folds
GLLOQ68 collected 4360 from pot
*** SUMMARY ***
Total pot 4360 | No rake
Seat 1: GLLOQ68 (small blind) won 4360


Winamax Poker - Tournament "Trident" buyIn: 0.45€ + 0.05€ level: 23 - HandId: #2934412920387272706-201-1693081110 - Holdem no limit (120/500/1000) - 2023/08/26 20:18:30 UTC
Table: 'Trident(683221249)#0001' 3-max (real money) Seat #1 is the button
Seat 1: GLLOQ68 (31360, 2.85€ bounty)
Seat 2: P1xel7 (7570, 1.20€ bounty)
Seat 3: BiBiKiLL45 (25336, 1.32€ bounty)
*** ANTE/BLINDS ***
P1xel7 posts ante 120
BiBiKiLL45 posts ante 120
GLLOQ68 posts ante 120
P1xel7 posts small blind 500
BiBiKiLL45 posts big blind 1000
Dealt to P1xel7 [Js 4s]
*** PRE-FLOP *** 
GLLOQ68 folds
P1xel7 raises 1200 to 2200
BiBiKiLL45 calls 1200
*** FLOP *** [Jd 8h 7h]
P1xel7 bets 5250 and is all-in
BiBiKiLL45 calls 5250
*** TURN *** [Jd 8h 7h][3d]
*** RIVER *** [Jd 8h 7h 3d][Qh]
*** SHOW DOWN ***
BiBiKiLL45 shows [9d 7d] (One pair : 7)
P1xel7 shows [Js 4s] (One pair : Jacks)
P1xel7 collected 15260 from pot
*** SUMMARY ***
Total pot 15260 | No rake
Board: [Jd 8h 7h 3d Qh]
Seat 2: P1xel7 (small blind) showed [Js 4s] and won 15260 with One pair : Jacks
Seat 3: BiBiKiLL45 (big blind) showed [9d 7d] and lost with One pair : 7


Winamax Poker - Tournament "Trident" buyIn: 0.45€ + 0.05€ level: 24 - HandId: #2934412920387272706-202-1693081140 - Holdem no limit (140/600/1200) - 2023/08/26 20:19:00 UTC
Table: 'Trident(683221249)#0001' 3-max (real money) Seat #2 is the button
Seat 1: GLLOQ68 (31240, 2.85€ bounty)
Seat 2: P1xel7 (15260, 1.20€ bounty)
Seat 3: BiBiKiLL45 (17766, 1.32€ bounty)
*** ANTE/BLINDS ***
BiBiKiLL45 posts ante 140
GLLOQ68 posts ante 140
P1xel7 posts ante 140
BiBiKiLL45 posts small blind 600
GLLOQ68 posts big blind 1200
Dealt to P1xel7 [9h Th]
*** PRE-FLOP *** 
P1xel7 calls 1200
BiBiKiLL45 folds
GLLOQ68 checks
*** FLOP *** [Qh 5c 5s]
GLLOQ68 checks
P1xel7 bets 2223
GLLOQ68 folds
P1xel7 collected 5643 from pot
*** SUMMARY ***
Total pot 5643 | No rake
Board: [Qh 5c 5s]
Seat 2: P1xel7 (button) won 5643


Winamax Poker - Tournament "Trident" buyIn: 0.45€ + 0.05€ level: 24 - HandId: #2934412920387272706-203-1693081160 - Holdem no limit (140/600/1200) - 2023/08/26 20:19:20 UTC
Table: 'Trident(683221249)#0001' 3-max (real money) Seat #3 is the button
Seat 1: GLLOQ68 (29900, 2.85€ bounty)
Seat 2: P1xel7 (17340, 1.20€ bounty)
Seat 3: BiBiKiLL45 (17026, 1.32€ bounty)
*** ANTE/BLINDS ***
GLLOQ68 posts ante 140
P1xel7 posts ante 140
BiBiKiLL45 posts ante 140
GLLOQ68 posts small blind 600
P1xel7 posts big blind 1200
Dealt to P1xel7 [6c Qs]
*** PRE-FLOP *** 
BiBiKiLL45 folds
GLLOQ68 calls 600
P1xel7 checks
*** FLOP *** [8s 5c Jd]
GLLOQ68 bets 1833
P1xel7 folds
GLLOQ68 collected 4653 from pot
*** SUMMARY ***
Total pot 4653 | No rake
Board: [8s 5c Jd]
Seat 1: GLLOQ68 (small blind) won 4653


Winamax Poker - Tournament "Trident" buyIn: 0.45€ + 0.05€ level: 24 - HandId: #2934412920387272706-204-1693081173 - Holdem no limit (140/600/1200) - 2023/08/26 20:19:33 UTC
Table: 'Trident(683221249)#0001' 3-max (real money) Seat #1 is the button
Seat 1: GLLOQ68 (31380, 2.85€ bounty)
Seat 2: P1xel7 (16000, 1.20€ bounty)
Seat 3: BiBiKiLL45 (16886, 1.32€ bounty)
*** ANTE/BLINDS ***
P1xel7 posts ante 140
BiBiKiLL45 posts ante 140
GLLOQ68 posts ante 140
P1xel7 posts small blind 600
BiBiKiLL45 posts big blind 1200
Dealt to P1xel7 [8d Ks]
*** PRE-FLOP *** 
GLLOQ68 folds
P1xel7 raises 1440 to 2640
BiBiKiLL45 folds
P1xel7 collected 4260 from pot
*** SUMMARY ***
Total pot 4260 | No rake
Seat 2: P1xel7 (small blind) won 4260


Winamax Poker - Tournament "Trident" buyIn: 0.45€ + 0.05€ level: 24 - HandId: #2934412920387272706-205-1693081186 - Holdem no limit (140/600/1200) - 2023/08/26 20:19:46 UTC
Table: 'Trident(683221249)#0001' 3-max (real money) Seat #2 is the button
Seat 1: GLLOQ68 (31240, 2.85€ bounty)
Seat 2: P1xel7 (17480, 1.20€ bounty)
Seat 3: BiBiKiLL45 (15546, 1.32€ bounty)
*** ANTE/BLINDS ***
BiBiKiLL45 posts ante 140
GLLOQ68 posts ante 140
P1xel7 posts ante 140
BiBiKiLL45 posts small blind 600
GLLOQ68 posts big blind 1200
Dealt to P1xel7 [Ad 7c]
*** PRE-FLOP *** 
P1xel7 raises 1440 to 2640
BiBiKiLL45 folds
GLLOQ68 calls 1440
*** FLOP *** [9s 7h Js]
GLLOQ68 checks
P1xel7 bets 2205
GLLOQ68 raises 2315 to 4520
P1xel7 calls 2315
*** TURN *** [9s 7h Js][5h]
GLLOQ68 bets 9971
P1xel7 folds
GLLOQ68 collected 25311 from pot
*** SUMMARY ***
Total pot 25311 | No rake
Board: [9s 7h Js 5h]
Seat 1: GLLOQ68 (big blind) won 25311


Winamax Poker - Tournament "Trident" buyIn: 0.45€ + 0.05€ level: 24 - HandId: #2934412920387272706-206-1693081224 - Holdem no limit (140/600/1200) - 2023/08/26 20:20:24 UTC
Table: 'Trident(683221249)#0001' 3-max (real money) Seat #3 is the button
Seat 1: GLLOQ68 (39280, 2.85€ bounty)
Seat 2: P1xel7 (10180, 1.20€ bounty)
Seat 3: BiBiKiLL45 (14806, 1.32€ bounty)
*** ANTE/BLINDS ***
GLLOQ68 posts ante 140
P1xel7 posts ante 140
BiBiKiLL45 posts ante 140
GLLOQ68 posts small blind 600
P1xel7 posts big blind 1200
Dealt to P1xel7 [6h Ad]
*** PRE-FLOP *** 
BiBiKiLL45 folds
GLLOQ68 raises 37940 to 39140 and is all-in
P1xel7 folds
GLLOQ68 collected 40760 from pot
*** SUMMARY ***
Total pot 40760 | No rake
Seat 1: GLLOQ68 (small blind) won 40760


Winamax Poker - Tournament "Trident" buyIn: 0.45€ + 0.05€ level: 24 - HandId: #2934412920387272706-207-1693081231 - Holdem no limit (140/600/1200) - 2023/08/26 20:20:31 UTC
Table: 'Trident(683221249)#0001' 3-max (real money) Seat #1 is the button
Seat 1: GLLOQ68 (40760, 2.85€ bounty)
Seat 2: P1xel7 (8840, 1.20€ bounty)
Seat 3: BiBiKiLL45 (14666, 1.32€ bounty)
*** ANTE/BLINDS ***
P1xel7 posts ante 140
BiBiKiLL45 posts ante 140
GLLOQ68 posts ante 140
P1xel7 posts small blind 600
BiBiKiLL45 posts big blind 1200
Dealt to P1xel7 [Kh 8h]
*** PRE-FLOP *** 
GLLOQ68 raises 2400 to 3600
P1xel7 folds
BiBiKiLL45 folds
GLLOQ68 collected 5820 from pot
*** SUMMARY ***
Total pot 5820 | No rake
Seat 1: GLLOQ68 (button) won 5820


Winamax Poker - Tournament "Trident" buyIn: 0.45€ + 0.05€ level: 24 - HandId: #2934412920387272706-208-1693081241 - Holdem no limit (140/600/1200) - 2023/08/26 20:20:41 UTC
Table: 'Trident(683221249)#0001' 3-max (real money) Seat #2 is the button
Seat 1: GLLOQ68 (42840, 2.85€ bounty)
Seat 2: P1xel7 (8100, 1.20€ bounty)
Seat 3: BiBiKiLL45 (13326, 1.32€ bounty)
*** ANTE/BLINDS ***
BiBiKiLL45 posts ante 140
GLLOQ68 posts ante 140
P1xel7 posts ante 140
BiBiKiLL45 posts small blind 600
GLLOQ68 posts big blind 1200
Dealt to P1xel7 [7d 9h]
*** PRE-FLOP *** 
P1xel7 folds
BiBiKiLL45 folds
GLLOQ68 collected 2220 from pot
*** SUMMARY ***
Total pot 2220 | No rake
Seat 1: GLLOQ68 (big blind) won 2220


Winamax Poker - Tournament "Trident" buyIn: 0.45€ + 0.05€ level: 24 - HandId: #2934412920387272706-209-1693081246 - Holdem no limit (140/600/1200) - 2023/08/26 20:20:46 UTC
Table: 'Trident(683221249)#0001' 3-max (real money) Seat #3 is the button
Seat 1: GLLOQ68 (43720, 2.85€ bounty)
Seat 2: P1xel7 (7960, 1.20€ bounty)
Seat 3: BiBiKiLL45 (12586, 1.32€ bounty)
*** ANTE/BLINDS ***
GLLOQ68 posts ante 140
P1xel7 posts ante 140
BiBiKiLL45 posts ante 140
GLLOQ68 posts small blind 600
P1xel7 posts big blind 1200
Dealt to P1xel7 [3h Ad]
*** PRE-FLOP *** 
BiBiKiLL45 folds
GLLOQ68 folds
P1xel7 collected 2220 from pot
*** SUMMARY ***
Total pot 2220 | No rake
Seat 2: P1xel7 (big blind) won 2220


Winamax Poker - Tournament "Trident" buyIn: 0.45€ + 0.05€ level: 24 - HandId: #2934412920387272706-210-1693081254 - Holdem no limit (140/600/1200) - 2023/08/26 20:20:54 UTC
Table: 'Trident(683221249)#0001' 3-max (real money) Seat #1 is the button
Seat 1: GLLOQ68 (42980, 2.85€ bounty)
Seat 2: P1xel7 (8840, 1.20€ bounty)
Seat 3: BiBiKiLL45 (12446, 1.32€ bounty)
*** ANTE/BLINDS ***
P1xel7 posts ante 140
BiBiKiLL45 posts ante 140
GLLOQ68 posts ante 140
P1xel7 posts small blind 600
BiBiKiLL45 posts big blind 1200
Dealt to P1xel7 [3c 7d]
*** PRE-FLOP *** 
GLLOQ68 raises 41640 to 42840 and is all-in
P1xel7 folds
BiBiKiLL45 calls 11106 and is all-in
*** FLOP *** [Kc 3h 5c]
*** TURN *** [Kc 3h 5c][Ad]
*** RIVER *** [Kc 3h 5c Ad][9s]
*** SHOW DOWN ***
BiBiKiLL45 shows [Jc Ac] (One pair : Aces)
GLLOQ68 shows [5s 5d] (Trips of 5)
GLLOQ68 collected 56166 from pot
*** SUMMARY ***
Total pot 56166 | No rake
Board: [Kc 3h 5c Ad 9s]
Seat 1: GLLOQ68 (button) showed [5s 5d] and won 56166 with Trips of 5
Seat 3: BiBiKiLL45 (big blind) showed [Jc Ac] and lost with One pair : Aces


Winamax Poker - Tournament "Trident" buyIn: 0.45€ + 0.05€ level: 25 - HandId: #2934412920387272706-211-1693081289 - Holdem no limit (160/700/1400) - 2023/08/26 20:21:29 UTC
Table: 'Trident(683221249)#0001' 3-max (real money) Seat #1 is the button
Seat 1: GLLOQ68 (56166, 3.51€ bounty)
Seat 2: P1xel7 (8100, 1.20€ bounty)
*** ANTE/BLINDS ***
GLLOQ68 posts ante 160
P1xel7 posts ante 160
GLLOQ68 posts small blind 700
P1xel7 posts big blind 1400
Dealt to P1xel7 [9c 4c]
*** PRE-FLOP *** 
GLLOQ68 raises 2800 to 4200
P1xel7 folds
GLLOQ68 collected 5920 from pot
*** SUMMARY ***
Total pot 5920 | No rake
Seat 1: GLLOQ68 (small blind) (button) won 5920


Winamax Poker - Tournament "Trident" buyIn: 0.45€ + 0.05€ level: 25 - HandId: #2934412920387272706-212-1693081300 - Holdem no limit (160/700/1400) - 2023/08/26 20:21:40 UTC
Table: 'Trident(683221249)#0001' 3-max (real money) Seat #2 is the button
Seat 1: GLLOQ68 (57726, 3.51€ bounty)
Seat 2: P1xel7 (6540, 1.20€ bounty)
*** ANTE/BLINDS ***
P1xel7 posts ante 160
GLLOQ68 posts ante 160
P1xel7 posts small blind 700
GLLOQ68 posts big blind 1400
Dealt to P1xel7 [Ac 9d]
*** PRE-FLOP *** 
P1xel7 raises 4980 to 6380 and is all-in
GLLOQ68 calls 4980
*** FLOP *** [2d 3h Tc]
*** TURN *** [2d 3h Tc][5h]
*** RIVER *** [2d 3h Tc 5h][6c]
*** SHOW DOWN ***
P1xel7 shows [Ac 9d] (High card : Ace)
GLLOQ68 shows [Kc 3c] (One pair : 3)
GLLOQ68 collected 13080 from pot
*** SUMMARY ***
Total pot 13080 | No rake
Board: [2d 3h Tc 5h 6c]
Seat 1: GLLOQ68 (big blind) showed [Kc 3c] and won 13080 with One pair : 3
Seat 2: P1xel7 (small blind) (button) showed [Ac 9d] and lost with High card : Ace


