Winamax Poker - Tournament "Starting Block WiPT - Déglingos" buyIn: 0€ + 0€ level: 1 - HandId: #3228696065100218369-1-1707070149 - Holdem no limit (10/20) - 2024/02/04 18:09:09 UTC
Table: 'Starting Block WiPT - Déglingos(751739383)#0' 6-max (real money) Seat #1 is the button
Seat 1: MIKE38 x (500)
Seat 2: Phil-one33 (500)
Seat 3: Cossonade (500)
Seat 4: P1xel7 (500)
Seat 5: dreuf95 (500)
Seat 6: 8ccc5 (500)
*** ANTE/BLINDS ***
Phil-one33 posts small blind 10
Cossonade posts big blind 20
Dealt to P1xel7 [9d Jd]
*** PRE-FLOP *** 
P1xel7 folds
dreuf95 folds
8ccc5 folds
MIKE38 x folds
Phil-one33 raises 480 to 500 and is all-in
Cossonade calls 480 and is all-in
*** FLOP *** [4s 9c 6s]
*** TURN *** [4s 9c 6s][Ts]
*** RIVER *** [4s 9c 6s Ts][4d]
*** SHOW DOWN ***
Cossonade shows [2c 2h] (Two pairs : 4 and 2)
Phil-one33 shows [Ks As] (Flush Ace high)
Phil-one33 collected 1000 from pot
*** SUMMARY ***
Total pot 1000 | No rake
Board: [4s 9c 6s Ts 4d]
Seat 2: Phil-one33 (small blind) showed [Ks As] and won 1000 with Flush Ace high
Seat 3: Cossonade (big blind) showed [2c 2h] and lost with Two pairs : 4 and 2


Winamax Poker - Tournament "Starting Block WiPT - Déglingos" buyIn: 0€ + 0€ level: 1 - HandId: #3228696065100218369-2-1707070177 - Holdem no limit (10/20) - 2024/02/04 18:09:37 UTC
Table: 'Starting Block WiPT - Déglingos(751739383)#0' 6-max (real money) Seat #2 is the button
Seat 1: MIKE38 x (500)
Seat 2: Phil-one33 (1000)
Seat 4: P1xel7 (500)
Seat 5: dreuf95 (500)
Seat 6: 8ccc5 (500)
*** ANTE/BLINDS ***
P1xel7 posts big blind 20
Dealt to P1xel7 [2c 6h]
*** PRE-FLOP *** 
dreuf95 folds
8ccc5 raises 480 to 500 and is all-in
MIKE38 x calls 500 and is all-in
Phil-one33 folds
P1xel7 folds
*** FLOP *** [2h 6d 8d]
*** TURN *** [2h 6d 8d][3c]
*** RIVER *** [2h 6d 8d 3c][Qc]
*** SHOW DOWN ***
8ccc5 shows [Ad 5h] (High card : Ace)
MIKE38 x shows [Jd Qs] (One pair : Queens)
MIKE38 x collected 1020 from pot
*** SUMMARY ***
Total pot 1020 | No rake
Board: [2h 6d 8d 3c Qc]
Seat 1: MIKE38 x showed [Jd Qs] and won 1020 with One pair : Queens
Seat 6: 8ccc5 showed [Ad 5h] and lost with High card : Ace


Winamax Poker - Tournament "Starting Block WiPT - Déglingos" buyIn: 0€ + 0€ level: 1 - HandId: #3228696065100218369-3-1707070205 - Holdem no limit (10/20) - 2024/02/04 18:10:05 UTC
Table: 'Starting Block WiPT - Déglingos(751739383)#0' 6-max (real money) Seat #3 is the button
Seat 1: MIKE38 x (1020)
Seat 2: Phil-one33 (1000)
Seat 4: P1xel7 (480)
Seat 5: dreuf95 (500)
*** ANTE/BLINDS ***
P1xel7 posts small blind 10
dreuf95 posts big blind 20
Dealt to P1xel7 [As 8d]
*** PRE-FLOP *** 
MIKE38 x calls 20
Phil-one33 raises 40 to 60
P1xel7 folds
dreuf95 raises 150 to 210
MIKE38 x raises 810 to 1020 and is all-in
Phil-one33 folds
dreuf95 calls 290 and is all-in
*** FLOP *** [5h Qs 4s]
*** TURN *** [5h Qs 4s][9c]
*** RIVER *** [5h Qs 4s 9c][8s]
*** SHOW DOWN ***
dreuf95 shows [Ac Kc] (High card : Ace)
MIKE38 x shows [Ad Qd] (One pair : Queens)
MIKE38 x collected 1590 from pot
*** SUMMARY ***
Total pot 1590 | No rake
Board: [5h Qs 4s 9c 8s]
Seat 1: MIKE38 x showed [Ad Qd] and won 1590 with One pair : Queens
Seat 5: dreuf95 (big blind) showed [Ac Kc] and lost with High card : Ace


Winamax Poker - Tournament "Starting Block WiPT - Déglingos" buyIn: 0€ + 0€ level: 1 - HandId: #3228696065100218369-4-1707070231 - Holdem no limit (10/20) - 2024/02/04 18:10:31 UTC
Table: 'Starting Block WiPT - Déglingos(751739383)#0' 6-max (real money) Seat #4 is the button
Seat 1: MIKE38 x (1590)
Seat 2: Phil-one33 (940)
Seat 4: P1xel7 (470)
*** ANTE/BLINDS ***
MIKE38 x posts big blind 20
Dealt to P1xel7 [6c 4s]
*** PRE-FLOP *** 
Phil-one33 raises 40 to 60
P1xel7 folds
MIKE38 x folds
Phil-one33 collected 80 from pot
*** SUMMARY ***
Total pot 80 | No rake
Seat 2: Phil-one33 won 80


Winamax Poker - Tournament "Starting Block WiPT - Déglingos" buyIn: 0€ + 0€ level: 2 - HandId: #3228696065100218369-5-1707070256 - Holdem no limit (15/30) - 2024/02/04 18:10:56 UTC
Table: 'Starting Block WiPT - Déglingos(751739383)#0' 6-max (real money) Seat #5 is the button
Seat 1: MIKE38 x (1570)
Seat 2: Phil-one33 (960)
Seat 4: P1xel7 (470)
*** ANTE/BLINDS ***
MIKE38 x posts small blind 15
Phil-one33 posts big blind 30
Dealt to P1xel7 [5s 9h]
*** PRE-FLOP *** 
P1xel7 folds
MIKE38 x calls 15
Phil-one33 raises 60 to 90
MIKE38 x calls 60
*** FLOP *** [7d 5c 3h]
MIKE38 x checks
Phil-one33 bets 180
MIKE38 x calls 180
*** TURN *** [7d 5c 3h][Kh]
MIKE38 x checks
Phil-one33 checks
*** RIVER *** [7d 5c 3h Kh][As]
MIKE38 x bets 1300 and is all-in
Phil-one33 folds
MIKE38 x collected 1840 from pot
*** SUMMARY ***
Total pot 1840 | No rake
Board: [7d 5c 3h Kh As]
Seat 1: MIKE38 x (small blind) won 1840


Winamax Poker - Tournament "Starting Block WiPT - Déglingos" buyIn: 0€ + 0€ level: 2 - HandId: #3228696065100218369-6-1707070295 - Holdem no limit (15/30) - 2024/02/04 18:11:35 UTC
Table: 'Starting Block WiPT - Déglingos(751739383)#0' 6-max (real money) Seat #1 is the button
Seat 1: MIKE38 x (1840)
Seat 2: Phil-one33 (690)
Seat 4: P1xel7 (470)
*** ANTE/BLINDS ***
Phil-one33 posts small blind 15
P1xel7 posts big blind 30
Dealt to P1xel7 [Jh Ah]
*** PRE-FLOP *** 
MIKE38 x folds
Phil-one33 raises 660 to 690 and is all-in
P1xel7 calls 440 and is all-in
*** FLOP *** [Js 8s 2h]
*** TURN *** [Js 8s 2h][Qs]
*** RIVER *** [Js 8s 2h Qs][2d]
*** SHOW DOWN ***
P1xel7 shows [Jh Ah] (Two pairs : Jacks and 2)
Phil-one33 shows [Qd 9c] (Two pairs : Queens and 2)
Phil-one33 collected 1160 from pot
*** SUMMARY ***
Total pot 1160 | No rake
Board: [Js 8s 2h Qs 2d]
Seat 2: Phil-one33 (small blind) showed [Qd 9c] and won 1160 with Two pairs : Queens and 2
Seat 4: P1xel7 (big blind) showed [Jh Ah] and lost with Two pairs : Jacks and 2


