Winamax Poker - Tournament "Deepstack Hold'em" buyIn: 0.90€ + 0.10€ level: 6 - HandId: #3200315878985957381-17-1708111208 - Holdem no limit (60/250/500) - 2024/02/16 19:20:08 UTC
Table: 'Deepstack Hold'em(745131606)#004' 8-max (real money) Seat #3 is the button
Seat 1: P1xel7 (20000)
Seat 2: TYZAR (13680)
Seat 3: wptpoker (16252)
Seat 4: Tonio_ms (25055)
Seat 5: Rorolebluff (35600)
Seat 6: WhyMe0 (44613)
Seat 7: bigpat54 (17173)
Seat 8: MB_King87 (41326)
*** ANTE/BLINDS ***
Tonio_ms posts ante 60
Rorolebluff posts ante 60
P1xel7 posts ante 60
TYZAR posts ante 60
wptpoker posts ante 60
WhyMe0 posts ante 60
bigpat54 posts ante 60
MB_King87 posts ante 60
Tonio_ms posts small blind 250
Rorolebluff posts big blind 500
Dealt to P1xel7 [Jc 4c]
*** PRE-FLOP *** 
WhyMe0 folds
bigpat54 folds
MB_King87 folds
P1xel7 folds
TYZAR raises 750 to 1250
wptpoker folds
Tonio_ms folds
Rorolebluff calls 750
*** FLOP *** [6d Ad Kh]
Rorolebluff checks
TYZAR checks
*** TURN *** [6d Ad Kh][8h]
Rorolebluff bets 1131
TYZAR folds
Rorolebluff collected 4361 from pot
*** SUMMARY ***
Total pot 4361 | No rake
Board: [6d Ad Kh 8h]
Seat 5: Rorolebluff (big blind) won 4361


Winamax Poker - Tournament "Deepstack Hold'em" buyIn: 0.90€ + 0.10€ level: 6 - HandId: #3200315878985957381-18-1708111268 - Holdem no limit (60/250/500) - 2024/02/16 19:21:08 UTC
Table: 'Deepstack Hold'em(745131606)#004' 8-max (real money) Seat #4 is the button
Seat 1: P1xel7 (19940)
Seat 2: TYZAR (12370)
Seat 3: wptpoker (16192)
Seat 4: Tonio_ms (24745)
Seat 5: Rorolebluff (37520)
Seat 6: WhyMe0 (44553)
Seat 7: bigpat54 (17113)
Seat 8: MB_King87 (41266)
*** ANTE/BLINDS ***
Rorolebluff posts ante 60
WhyMe0 posts ante 60
P1xel7 posts ante 60
TYZAR posts ante 60
wptpoker posts ante 60
Tonio_ms posts ante 60
bigpat54 posts ante 60
MB_King87 posts ante 60
Rorolebluff posts small blind 250
WhyMe0 posts big blind 500
Dealt to P1xel7 [Qd 3d]
*** PRE-FLOP *** 
bigpat54 folds
MB_King87 folds
P1xel7 folds
TYZAR folds
wptpoker raises 500 to 1000
Tonio_ms folds
Rorolebluff calls 750
WhyMe0 folds
*** FLOP *** [Js Ac Tc]
Rorolebluff checks
wptpoker bets 1043
Rorolebluff folds
wptpoker collected 4023 from pot
*** SUMMARY ***
Total pot 4023 | No rake
Board: [Js Ac Tc]
Seat 3: wptpoker won 4023


Winamax Poker - Tournament "Deepstack Hold'em" buyIn: 0.90€ + 0.10€ level: 1 - HandId: #3200315878985957382-3-1708111341 - Holdem no limit (60/250/500) - 2024/02/16 19:22:21 UTC
Table: 'Deepstack Hold'em(745131606)#005' 8-max (real money) Seat #4 is the button
Seat 1: Josele2120 (22049)
Seat 2: P1xel7 (19880)
Seat 3: MB_King87 (41206)
Seat 4: Taranguire (55790)
Seat 5: FrenchWolf (18688)
Seat 6: CNEC off (20000)
Seat 8: Com.Gilbert (19630)
*** ANTE/BLINDS ***
FrenchWolf posts ante 60
CNEC off posts ante 60
Josele2120 posts ante 60
P1xel7 posts ante 60
MB_King87 posts ante 60
Taranguire posts ante 60
Com.Gilbert posts ante 60
FrenchWolf posts small blind 250
CNEC off posts big blind 500
Dealt to P1xel7 [4d Qs]
*** PRE-FLOP *** 
Com.Gilbert folds
Josele2120 folds
P1xel7 folds
MB_King87 folds
Taranguire raises 595 to 1095
FrenchWolf calls 845
CNEC off folds
*** FLOP *** [5d Ts Jh]
FrenchWolf checks
Taranguire checks
*** TURN *** [5d Ts Jh][9h]
FrenchWolf bets 1555
Taranguire folds
FrenchWolf collected 4665 from pot
*** SUMMARY ***
Total pot 4665 | No rake
Board: [5d Ts Jh 9h]
Seat 5: FrenchWolf (small blind) won 4665


Winamax Poker - Tournament "Deepstack Hold'em" buyIn: 0.90€ + 0.10€ level: 1 - HandId: #3200315878985957382-4-1708111399 - Holdem no limit (60/250/500) - 2024/02/16 19:23:19 UTC
Table: 'Deepstack Hold'em(745131606)#005' 8-max (real money) Seat #5 is the button
Seat 1: Josele2120 (21989)
Seat 2: P1xel7 (19820)
Seat 3: MB_King87 (41146)
Seat 4: Taranguire (54635)
Seat 5: FrenchWolf (20643)
Seat 6: CNEC off (19440)
Seat 8: Com.Gilbert (19570)
*** ANTE/BLINDS ***
CNEC off posts ante 60
Com.Gilbert posts ante 60
Josele2120 posts ante 60
P1xel7 posts ante 60
MB_King87 posts ante 60
Taranguire posts ante 60
FrenchWolf posts ante 60
CNEC off posts small blind 250
Com.Gilbert posts big blind 500
Dealt to P1xel7 [4d 5d]
*** PRE-FLOP *** 
Josele2120 folds
P1xel7 folds
MB_King87 folds
Taranguire folds
FrenchWolf folds
CNEC off calls 250
Com.Gilbert checks
*** FLOP *** [Qc 6s 5h]
CNEC off checks
Com.Gilbert checks
*** TURN *** [Qc 6s 5h][7s]
CNEC off bets 1136
Com.Gilbert raises 1614 to 2750
CNEC off raises 16130 to 18880 and is all-in
Com.Gilbert raises 130 to 19010 and is all-in
*** RIVER *** [Qc 6s 5h 7s][9h]
*** SHOW DOWN ***
CNEC off shows [4h 3h] (Straight 7 high)
Com.Gilbert shows [8c 4s] (Straight 9 high)
Com.Gilbert collected 39310 from pot
*** SUMMARY ***
Total pot 39310 | No rake
Board: [Qc 6s 5h 7s 9h]
Seat 6: CNEC off (small blind) showed [4h 3h] and lost with Straight 7 high
Seat 8: Com.Gilbert (big blind) showed [8c 4s] and won 39310 with Straight 9 high


Winamax Poker - Tournament "Deepstack Hold'em" buyIn: 0.90€ + 0.10€ level: 6 - HandId: #3200315878985957378-87-1708111477 - Holdem no limit (60/250/500) - 2024/02/16 19:24:37 UTC
Table: 'Deepstack Hold'em(745131606)#001' 8-max (real money) Seat #1 is the button
Seat 1: Tou-9 (21613)
Seat 2: WhySoNeiko (14273)
Seat 3: perebourasse (41817)
Seat 6: P1xel7 (19760)
Seat 7: Bigzedddd (21096)
Seat 8: lecomptablef (14916)
*** ANTE/BLINDS ***
WhySoNeiko posts ante 60
perebourasse posts ante 60
Tou-9 posts ante 60
P1xel7 posts ante 60
Bigzedddd posts ante 60
lecomptablef posts ante 60
WhySoNeiko posts small blind 250
perebourasse posts big blind 500
Dealt to P1xel7 [7s Qc]
*** PRE-FLOP *** 
P1xel7 folds
Bigzedddd folds
lecomptablef folds
Tou-9 folds
WhySoNeiko folds
perebourasse collected 1110 from pot
*** SUMMARY ***
Total pot 1110 | No rake
Seat 3: perebourasse (big blind) won 1110


Winamax Poker - Tournament "Deepstack Hold'em" buyIn: 0.90€ + 0.10€ level: 6 - HandId: #3200315878985957378-88-1708111499 - Holdem no limit (60/250/500) - 2024/02/16 19:24:59 UTC
Table: 'Deepstack Hold'em(745131606)#001' 8-max (real money) Seat #2 is the button
Seat 1: Tou-9 (21553)
Seat 2: WhySoNeiko (13963)
Seat 3: perebourasse (42367)
Seat 4: Phil Kistuch (20000)
Seat 6: P1xel7 (19700)
Seat 7: Bigzedddd (21036)
Seat 8: lecomptablef (14856)
*** ANTE/BLINDS ***
perebourasse posts ante 60
Phil Kistuch posts ante 60
Tou-9 posts ante 60
WhySoNeiko posts ante 60
P1xel7 posts ante 60
Bigzedddd posts ante 60
lecomptablef posts ante 60
perebourasse posts small blind 250
Phil Kistuch posts big blind 500
Dealt to P1xel7 [Jh 3h]
*** PRE-FLOP *** 
P1xel7 folds
Bigzedddd folds
lecomptablef folds
Tou-9 folds
WhySoNeiko folds
perebourasse calls 250
Phil Kistuch checks
*** FLOP *** [9s 8s 2d]
perebourasse checks
Phil Kistuch checks
*** TURN *** [9s 8s 2d][Kh]
perebourasse checks
Phil Kistuch checks
*** RIVER *** [9s 8s 2d Kh][4d]
perebourasse checks
Phil Kistuch checks
*** SHOW DOWN ***
Phil Kistuch shows [Jd 5c] (High card : King)
perebourasse shows [6s Ad] (High card : Ace)
perebourasse collected 1420 from pot
*** SUMMARY ***
Total pot 1420 | No rake
Board: [9s 8s 2d Kh 4d]
Seat 3: perebourasse (small blind) showed [6s Ad] and won 1420 with High card : Ace
Seat 4: Phil Kistuch (big blind) showed [Jd 5c] and lost with High card : King


Winamax Poker - Tournament "Deepstack Hold'em" buyIn: 0.90€ + 0.10€ level: 6 - HandId: #3200315878985957378-89-1708111550 - Holdem no limit (60/250/500) - 2024/02/16 19:25:50 UTC
Table: 'Deepstack Hold'em(745131606)#001' 8-max (real money) Seat #3 is the button
Seat 1: Tou-9 (21493)
Seat 2: WhySoNeiko (13903)
Seat 3: perebourasse (43227)
Seat 4: Phil Kistuch (19440)
Seat 6: P1xel7 (19640)
Seat 7: Bigzedddd (20976)
Seat 8: lecomptablef (14796)
*** ANTE/BLINDS ***
Phil Kistuch posts ante 60
P1xel7 posts ante 60
Tou-9 posts ante 60
WhySoNeiko posts ante 60
perebourasse posts ante 60
Bigzedddd posts ante 60
lecomptablef posts ante 60
Phil Kistuch posts small blind 250
P1xel7 posts big blind 500
Dealt to P1xel7 [8s Jh]
*** PRE-FLOP *** 
Bigzedddd raises 500 to 1000
lecomptablef folds
Tou-9 folds
WhySoNeiko folds
perebourasse folds
Phil Kistuch folds
P1xel7 folds
Bigzedddd collected 2170 from pot
*** SUMMARY ***
Total pot 2170 | No rake
Seat 7: Bigzedddd won 2170


Winamax Poker - Tournament "Deepstack Hold'em" buyIn: 0.90€ + 0.10€ level: 7 - HandId: #3200315878985957378-90-1708111568 - Holdem no limit (70/300/600) - 2024/02/16 19:26:08 UTC
Table: 'Deepstack Hold'em(745131606)#001' 8-max (real money) Seat #4 is the button
Seat 1: Tou-9 (21433)
Seat 2: WhySoNeiko (13843)
Seat 3: perebourasse (43167)
Seat 4: Phil Kistuch (19130)
Seat 6: P1xel7 (19080)
Seat 7: Bigzedddd (22086)
Seat 8: lecomptablef (14736)
*** ANTE/BLINDS ***
P1xel7 posts ante 70
Bigzedddd posts ante 70
Tou-9 posts ante 70
WhySoNeiko posts ante 70
perebourasse posts ante 70
Phil Kistuch posts ante 70
lecomptablef posts ante 70
P1xel7 posts small blind 300
Bigzedddd posts big blind 600
Dealt to P1xel7 [Jc Ad]
*** PRE-FLOP *** 
lecomptablef folds
Tou-9 folds
WhySoNeiko folds
perebourasse folds
Phil Kistuch folds
P1xel7 raises 900 to 1500
Bigzedddd raises 3000 to 4500
P1xel7 calls 3000
*** FLOP *** [6h 8s 7c]
P1xel7 checks
Bigzedddd bets 2373
P1xel7 calls 2373
*** TURN *** [6h 8s 7c][4h]
P1xel7 checks
Bigzedddd checks
*** RIVER *** [6h 8s 7c 4h][Th]
P1xel7 bets 4983
Bigzedddd folds
P1xel7 collected 19219 from pot
*** SUMMARY ***
Total pot 19219 | No rake
Board: [6h 8s 7c 4h Th]
Seat 6: P1xel7 (small blind) won 19219


Winamax Poker - Tournament "Deepstack Hold'em" buyIn: 0.90€ + 0.10€ level: 7 - HandId: #3200315878985957378-91-1708111621 - Holdem no limit (70/300/600) - 2024/02/16 19:27:01 UTC
Table: 'Deepstack Hold'em(745131606)#001' 8-max (real money) Seat #6 is the button
Seat 1: Tou-9 (21363)
Seat 2: WhySoNeiko (13773)
Seat 3: perebourasse (43097)
Seat 4: Phil Kistuch (19060)
Seat 6: P1xel7 (26373)
Seat 7: Bigzedddd (15143)
Seat 8: lecomptablef (14666)
*** ANTE/BLINDS ***
Bigzedddd posts ante 70
lecomptablef posts ante 70
Tou-9 posts ante 70
WhySoNeiko posts ante 70
perebourasse posts ante 70
Phil Kistuch posts ante 70
P1xel7 posts ante 70
Bigzedddd posts small blind 300
lecomptablef posts big blind 600
Dealt to P1xel7 [3s 4c]
*** PRE-FLOP *** 
Tou-9 folds
WhySoNeiko folds
perebourasse folds
Phil Kistuch folds
P1xel7 folds
Bigzedddd calls 300
lecomptablef checks
*** FLOP *** [Ac 5s Qd]
Bigzedddd checks
lecomptablef checks
*** TURN *** [Ac 5s Qd][3d]
Bigzedddd bets 845
lecomptablef folds
Bigzedddd collected 2535 from pot
*** SUMMARY ***
Total pot 2535 | No rake
Board: [Ac 5s Qd 3d]
Seat 7: Bigzedddd (small blind) won 2535


Winamax Poker - Tournament "Deepstack Hold'em" buyIn: 0.90€ + 0.10€ level: 7 - HandId: #3200315878985957378-92-1708111663 - Holdem no limit (70/300/600) - 2024/02/16 19:27:43 UTC
Table: 'Deepstack Hold'em(745131606)#001' 8-max (real money) Seat #7 is the button
Seat 1: Tou-9 (21293)
Seat 3: perebourasse (43027)
Seat 4: Phil Kistuch (18990)
Seat 5: mcbj0826 (20000)
Seat 6: P1xel7 (26303)
Seat 7: Bigzedddd (16163)
Seat 8: lecomptablef (13996)
*** ANTE/BLINDS ***
lecomptablef posts ante 70
Tou-9 posts ante 70
perebourasse posts ante 70
Phil Kistuch posts ante 70
mcbj0826 posts ante 70
P1xel7 posts ante 70
Bigzedddd posts ante 70
lecomptablef posts small blind 300
Tou-9 posts big blind 600
Dealt to P1xel7 [5s Qh]
*** PRE-FLOP *** 
perebourasse folds
Phil Kistuch calls 600
mcbj0826 folds
P1xel7 folds
Bigzedddd folds
lecomptablef folds
Tou-9 checks
*** FLOP *** [Ac 4c Jc]
Tou-9 checks
Phil Kistuch bets 600
Tou-9 calls 600
*** TURN *** [Ac 4c Jc][6d]
Tou-9 checks
Phil Kistuch bets 1117
Tou-9 calls 1117
*** RIVER *** [Ac 4c Jc 6d][5h]
Tou-9 checks
Phil Kistuch checks
*** SHOW DOWN ***
Phil Kistuch shows [3h 4h] (One pair : 4)
Tou-9 shows [3c Jd] (One pair : Jacks)
Tou-9 collected 5424 from pot
*** SUMMARY ***
Total pot 5424 | No rake
Board: [Ac 4c Jc 6d 5h]
Seat 1: Tou-9 (big blind) showed [3c Jd] and won 5424 with One pair : Jacks
Seat 4: Phil Kistuch showed [3h 4h] and lost with One pair : 4


Winamax Poker - Tournament "Deepstack Hold'em" buyIn: 0.90€ + 0.10€ level: 7 - HandId: #3200315878985957378-93-1708111712 - Holdem no limit (70/300/600) - 2024/02/16 19:28:32 UTC
Table: 'Deepstack Hold'em(745131606)#001' 8-max (real money) Seat #8 is the button
Seat 1: Tou-9 (24330)
Seat 3: perebourasse (42957)
Seat 4: Phil Kistuch (16603)
Seat 5: mcbj0826 (19930)
Seat 6: P1xel7 (26233)
Seat 7: Bigzedddd (16093)
Seat 8: lecomptablef (13626)
*** ANTE/BLINDS ***
Tou-9 posts ante 70
perebourasse posts ante 70
Phil Kistuch posts ante 70
mcbj0826 posts ante 70
P1xel7 posts ante 70
Bigzedddd posts ante 70
lecomptablef posts ante 70
Tou-9 posts small blind 300
perebourasse posts big blind 600
Dealt to P1xel7 [5c Tc]
*** PRE-FLOP *** 
Phil Kistuch folds
mcbj0826 folds
P1xel7 folds
Bigzedddd raises 600 to 1200
lecomptablef folds
Tou-9 folds
perebourasse raises 12600 to 13800
Bigzedddd folds
perebourasse collected 15790 from pot
*** SUMMARY ***
Total pot 15790 | No rake
Seat 3: perebourasse (big blind) won 15790


Winamax Poker - Tournament "Deepstack Hold'em" buyIn: 0.90€ + 0.10€ level: 7 - HandId: #3200315878985957378-94-1708111737 - Holdem no limit (70/300/600) - 2024/02/16 19:28:57 UTC
Table: 'Deepstack Hold'em(745131606)#001' 8-max (real money) Seat #1 is the button
Seat 1: Tou-9 (23960)
Seat 3: perebourasse (44877)
Seat 4: Phil Kistuch (16533)
Seat 5: mcbj0826 (19860)
Seat 6: P1xel7 (26163)
Seat 7: Bigzedddd (14823)
Seat 8: lecomptablef (13556)
*** ANTE/BLINDS ***
perebourasse posts ante 70
Phil Kistuch posts ante 70
Tou-9 posts ante 70
mcbj0826 posts ante 70
P1xel7 posts ante 70
Bigzedddd posts ante 70
lecomptablef posts ante 70
perebourasse posts small blind 300
Phil Kistuch posts big blind 600
Dealt to P1xel7 [Th As]
*** PRE-FLOP *** 
mcbj0826 folds
P1xel7 raises 900 to 1500
Bigzedddd folds
lecomptablef folds
Tou-9 folds
perebourasse folds
Phil Kistuch folds
P1xel7 collected 2890 from pot
*** SUMMARY ***
Total pot 2890 | No rake
Seat 6: P1xel7 won 2890


Winamax Poker - Tournament "Deepstack Hold'em" buyIn: 0.90€ + 0.10€ level: 7 - HandId: #3200315878985957378-95-1708111762 - Holdem no limit (70/300/600) - 2024/02/16 19:29:22 UTC
Table: 'Deepstack Hold'em(745131606)#001' 8-max (real money) Seat #3 is the button
Seat 1: Tou-9 (23890)
Seat 3: perebourasse (44507)
Seat 4: Phil Kistuch (15863)
Seat 5: mcbj0826 (19790)
Seat 6: P1xel7 (27483)
Seat 7: Bigzedddd (14753)
Seat 8: lecomptablef (13486)
*** ANTE/BLINDS ***
Phil Kistuch posts ante 70
mcbj0826 posts ante 70
Tou-9 posts ante 70
perebourasse posts ante 70
P1xel7 posts ante 70
Bigzedddd posts ante 70
lecomptablef posts ante 70
Phil Kistuch posts small blind 300
mcbj0826 posts big blind 600
Dealt to P1xel7 [Th Ah]
*** PRE-FLOP *** 
P1xel7 raises 900 to 1500
Bigzedddd folds
lecomptablef folds
Tou-9 folds
perebourasse folds
Phil Kistuch calls 1200
mcbj0826 folds
*** FLOP *** [3h Qc Kh]
Phil Kistuch bets 1432
P1xel7 calls 1432
*** TURN *** [3h Qc Kh][9d]
Phil Kistuch bets 4520
P1xel7 calls 4520
*** RIVER *** [3h Qc Kh 9d][Qs]
Phil Kistuch checks
P1xel7 bets 19961 and is all-in
Phil Kistuch folds
P1xel7 collected 35955 from pot
*** SUMMARY ***
Total pot 35955 | No rake
Board: [3h Qc Kh 9d Qs]
Seat 6: P1xel7 won 35955


Winamax Poker - Tournament "Deepstack Hold'em" buyIn: 0.90€ + 0.10€ level: 7 - HandId: #3200315878985957378-96-1708111823 - Holdem no limit (70/300/600) - 2024/02/16 19:30:23 UTC
Table: 'Deepstack Hold'em(745131606)#001' 8-max (real money) Seat #4 is the button
Seat 1: Tou-9 (23820)
Seat 2: wptpoker (20000)
Seat 3: perebourasse (44437)
Seat 4: Phil Kistuch (8341)
Seat 5: mcbj0826 (19120)
Seat 6: P1xel7 (35955)
Seat 7: Bigzedddd (14683)
Seat 8: lecomptablef (13416)
*** ANTE/BLINDS ***
mcbj0826 posts ante 70
P1xel7 posts ante 70
Tou-9 posts ante 70
wptpoker posts ante 70
perebourasse posts ante 70
Phil Kistuch posts ante 70
Bigzedddd posts ante 70
lecomptablef posts ante 70
mcbj0826 posts small blind 300
P1xel7 posts big blind 600
Dealt to P1xel7 [9d 4s]
*** PRE-FLOP *** 
Bigzedddd folds
lecomptablef folds
Tou-9 raises 600 to 1200
wptpoker folds
perebourasse folds
Phil Kistuch folds
mcbj0826 folds
P1xel7 folds
Tou-9 collected 2660 from pot
*** SUMMARY ***
Total pot 2660 | No rake
Seat 1: Tou-9 won 2660


Winamax Poker - Tournament "Deepstack Hold'em" buyIn: 0.90€ + 0.10€ level: 7 - HandId: #3200315878985957378-97-1708111884 - Holdem no limit (70/300/600) - 2024/02/16 19:31:24 UTC
Table: 'Deepstack Hold'em(745131606)#001' 8-max (real money) Seat #5 is the button
Seat 1: Tou-9 (25210)
Seat 2: wptpoker (19930)
Seat 3: perebourasse (44367)
Seat 4: Phil Kistuch (8271)
Seat 5: mcbj0826 (18750)
Seat 6: P1xel7 (35285)
Seat 7: Bigzedddd (14613)
Seat 8: lecomptablef (13346)
*** ANTE/BLINDS ***
P1xel7 posts ante 70
Bigzedddd posts ante 70
Tou-9 posts ante 70
wptpoker posts ante 70
perebourasse posts ante 70
Phil Kistuch posts ante 70
mcbj0826 posts ante 70
lecomptablef posts ante 70
P1xel7 posts small blind 300
Bigzedddd posts big blind 600
Dealt to P1xel7 [Jd Ah]
*** PRE-FLOP *** 
lecomptablef folds
Tou-9 raises 600 to 1200
wptpoker folds
perebourasse folds
Phil Kistuch folds
mcbj0826 folds
P1xel7 calls 900
Bigzedddd folds
*** FLOP *** [9s 7c 7s]
P1xel7 checks
Tou-9 checks
*** TURN *** [9s 7c 7s][8d]
P1xel7 checks
Tou-9 checks
*** RIVER *** [9s 7c 7s 8d][8h]
P1xel7 checks
Tou-9 checks
*** SHOW DOWN ***
Tou-9 shows [As 6d] (Two pairs : 8 and 7)
P1xel7 shows [Jd Ah] (Two pairs : 8 and 7)
P1xel7 collected 1780 from pot
Tou-9 collected 1780 from pot
*** SUMMARY ***
Total pot 3560 | No rake
Board: [9s 7c 7s 8d 8h]
Seat 1: Tou-9 showed [As 6d] and won 1780 with Two pairs : 8 and 7
Seat 6: P1xel7 (small blind) showed [Jd Ah] and won 1780 with Two pairs : 8 and 7


Winamax Poker - Tournament "Deepstack Hold'em" buyIn: 0.90€ + 0.10€ level: 7 - HandId: #3200315878985957378-98-1708111955 - Holdem no limit (70/300/600) - 2024/02/16 19:32:35 UTC
Table: 'Deepstack Hold'em(745131606)#001' 8-max (real money) Seat #6 is the button
Seat 1: Tou-9 (25720)
Seat 2: wptpoker (19860)
Seat 3: perebourasse (44297)
Seat 4: Phil Kistuch (8201)
Seat 5: mcbj0826 (18680)
Seat 6: P1xel7 (35795)
Seat 7: Bigzedddd (13943)
Seat 8: lecomptablef (13276)
*** ANTE/BLINDS ***
Bigzedddd posts ante 70
lecomptablef posts ante 70
Tou-9 posts ante 70
wptpoker posts ante 70
perebourasse posts ante 70
Phil Kistuch posts ante 70
mcbj0826 posts ante 70
P1xel7 posts ante 70
Bigzedddd posts small blind 300
lecomptablef posts big blind 600
Dealt to P1xel7 [3d Qd]
*** PRE-FLOP *** 
Tou-9 folds
wptpoker folds
perebourasse folds
Phil Kistuch folds
mcbj0826 folds
P1xel7 folds
Bigzedddd calls 300
lecomptablef raises 1200 to 1800
Bigzedddd folds
lecomptablef collected 2960 from pot
*** SUMMARY ***
Total pot 2960 | No rake
Seat 8: lecomptablef (big blind) won 2960


Winamax Poker - Tournament "Deepstack Hold'em" buyIn: 0.90€ + 0.10€ level: 7 - HandId: #3200315878985957378-99-1708111993 - Holdem no limit (70/300/600) - 2024/02/16 19:33:13 UTC
Table: 'Deepstack Hold'em(745131606)#001' 8-max (real money) Seat #7 is the button
Seat 1: Tou-9 (25650)
Seat 3: perebourasse (44227)
Seat 4: Phil Kistuch (8131)
Seat 5: mcbj0826 (18610)
Seat 6: P1xel7 (35725)
Seat 7: Bigzedddd (13273)
Seat 8: lecomptablef (14366)
*** ANTE/BLINDS ***
lecomptablef posts ante 70
Tou-9 posts ante 70
perebourasse posts ante 70
Phil Kistuch posts ante 70
mcbj0826 posts ante 70
P1xel7 posts ante 70
Bigzedddd posts ante 70
lecomptablef posts small blind 300
Tou-9 posts big blind 600
Dealt to P1xel7 [Qd Jc]
*** PRE-FLOP *** 
perebourasse folds
Phil Kistuch folds
mcbj0826 folds
P1xel7 raises 900 to 1500
Bigzedddd folds
lecomptablef folds
Tou-9 folds
P1xel7 collected 2890 from pot
*** SUMMARY ***
Total pot 2890 | No rake
Seat 6: P1xel7 won 2890


Winamax Poker - Tournament "Deepstack Hold'em" buyIn: 0.90€ + 0.10€ level: 7 - HandId: #3200315878985957378-100-1708112034 - Holdem no limit (70/300/600) - 2024/02/16 19:33:54 UTC
Table: 'Deepstack Hold'em(745131606)#001' 8-max (real money) Seat #8 is the button
Seat 1: Tou-9 (24980)
Seat 3: perebourasse (44157)
Seat 4: Phil Kistuch (8061)
Seat 5: mcbj0826 (18540)
Seat 6: P1xel7 (37045)
Seat 7: Bigzedddd (13203)
Seat 8: lecomptablef (13996)
*** ANTE/BLINDS ***
Tou-9 posts ante 70
perebourasse posts ante 70
Phil Kistuch posts ante 70
mcbj0826 posts ante 70
P1xel7 posts ante 70
Bigzedddd posts ante 70
lecomptablef posts ante 70
Tou-9 posts small blind 300
perebourasse posts big blind 600
Dealt to P1xel7 [7h 6h]
*** PRE-FLOP *** 
Phil Kistuch raises 7391 to 7991 and is all-in
mcbj0826 folds
P1xel7 folds
Bigzedddd raises 5142 to 13133 and is all-in
lecomptablef folds
Tou-9 folds
perebourasse raises 7391 to 20524
*** FLOP *** [3c 5c 5d]
*** TURN *** [3c 5c 5d][4c]
*** RIVER *** [3c 5c 5d 4c][4d]
*** SHOW DOWN ***
Phil Kistuch shows [Jd Jh] (Two pairs : Jacks and 5)
Bigzedddd shows [7c 7s] (Two pairs : 7 and 5)
perebourasse shows [Ah As] (Two pairs : Aces and 5)
perebourasse collected 42438 from pot
*** SUMMARY ***
Total pot 42438 | No rake
Board: [3c 5c 5d 4c 4d]
Seat 3: perebourasse (big blind) showed [Ah As] and won 42438 with Two pairs : Aces and 5
Seat 4: Phil Kistuch showed [Jd Jh] and lost with Two pairs : Jacks and 5
Seat 7: Bigzedddd showed [7c 7s] and lost with Two pairs : 7 and 5


Winamax Poker - Tournament "Deepstack Hold'em" buyIn: 0.90€ + 0.10€ level: 8 - HandId: #3200315878985957378-101-1708112065 - Holdem no limit (80/350/700) - 2024/02/16 19:34:25 UTC
Table: 'Deepstack Hold'em(745131606)#001' 8-max (real money) Seat #1 is the button
Seat 1: Tou-9 (24610)
Seat 3: perebourasse (66001)
Seat 5: mcbj0826 (18470)
Seat 6: P1xel7 (36975)
Seat 8: lecomptablef (13926)
*** ANTE/BLINDS ***
perebourasse posts ante 80
mcbj0826 posts ante 80
Tou-9 posts ante 80
P1xel7 posts ante 80
lecomptablef posts ante 80
perebourasse posts small blind 350
mcbj0826 posts big blind 700
Dealt to P1xel7 [Ac Qc]
*** PRE-FLOP *** 
P1xel7 raises 1050 to 1750
lecomptablef folds
Tou-9 folds
perebourasse folds
mcbj0826 folds
P1xel7 collected 3200 from pot
*** SUMMARY ***
Total pot 3200 | No rake
Seat 6: P1xel7 won 3200


Winamax Poker - Tournament "Deepstack Hold'em" buyIn: 0.90€ + 0.10€ level: 8 - HandId: #3200315878985957378-102-1708112081 - Holdem no limit (80/350/700) - 2024/02/16 19:34:41 UTC
Table: 'Deepstack Hold'em(745131606)#001' 8-max (real money) Seat #3 is the button
Seat 1: Tou-9 (24530)
Seat 3: perebourasse (65571)
Seat 5: mcbj0826 (17690)
Seat 6: P1xel7 (38345)
Seat 8: lecomptablef (13846)
*** ANTE/BLINDS ***
mcbj0826 posts ante 80
P1xel7 posts ante 80
Tou-9 posts ante 80
perebourasse posts ante 80
lecomptablef posts ante 80
mcbj0826 posts small blind 350
P1xel7 posts big blind 700
Dealt to P1xel7 [4c 4s]
*** PRE-FLOP *** 
lecomptablef folds
Tou-9 folds
perebourasse folds
mcbj0826 folds
P1xel7 collected 1450 from pot
*** SUMMARY ***
Total pot 1450 | No rake
Seat 6: P1xel7 (big blind) won 1450


Winamax Poker - Tournament "Deepstack Hold'em" buyIn: 0.90€ + 0.10€ level: 8 - HandId: #3200315878985957378-103-1708112124 - Holdem no limit (80/350/700) - 2024/02/16 19:35:24 UTC
Table: 'Deepstack Hold'em(745131606)#001' 8-max (real money) Seat #5 is the button
Seat 1: Tou-9 (24450)
Seat 3: perebourasse (65491)
Seat 4: _ThibThib21_ (14420)
Seat 5: mcbj0826 (17260)
Seat 6: P1xel7 (39015)
Seat 8: lecomptablef (13766)
*** ANTE/BLINDS ***
P1xel7 posts ante 80
lecomptablef posts ante 80
Tou-9 posts ante 80
perebourasse posts ante 80
_ThibThib21_ posts ante 80
mcbj0826 posts ante 80
P1xel7 posts small blind 350
lecomptablef posts big blind 700
Dealt to P1xel7 [5d 4c]
*** PRE-FLOP *** 
Tou-9 folds
perebourasse folds
_ThibThib21_ folds
mcbj0826 folds
P1xel7 folds
lecomptablef collected 1530 from pot
*** SUMMARY ***
Total pot 1530 | No rake
Seat 8: lecomptablef (big blind) won 1530


Winamax Poker - Tournament "Deepstack Hold'em" buyIn: 0.90€ + 0.10€ level: 8 - HandId: #3200315878985957378-104-1708112180 - Holdem no limit (80/350/700) - 2024/02/16 19:36:20 UTC
Table: 'Deepstack Hold'em(745131606)#001' 8-max (real money) Seat #6 is the button
Seat 1: Tou-9 (24370)
Seat 3: perebourasse (65411)
Seat 4: _ThibThib21_ (14340)
Seat 5: mcbj0826 (17180)
Seat 6: P1xel7 (38585)
Seat 7: DaenerysAA (29197)
Seat 8: lecomptablef (14516)
*** ANTE/BLINDS ***
lecomptablef posts ante 80
Tou-9 posts ante 80
perebourasse posts ante 80
_ThibThib21_ posts ante 80
mcbj0826 posts ante 80
P1xel7 posts ante 80
lecomptablef posts small blind 350
Tou-9 posts big blind 700
Dealt to P1xel7 [Ks 2c]
*** PRE-FLOP *** 
perebourasse folds
_ThibThib21_ folds
mcbj0826 folds
P1xel7 folds
lecomptablef calls 350
Tou-9 checks
*** FLOP *** [Td Jd 6c]
lecomptablef checks
Tou-9 checks
*** TURN *** [Td Jd 6c][Ad]
lecomptablef bets 1400
Tou-9 folds
lecomptablef collected 3280 from pot
*** SUMMARY ***
Total pot 3280 | No rake
Board: [Td Jd 6c Ad]
Seat 8: lecomptablef (small blind) won 3280


Winamax Poker - Tournament "Deepstack Hold'em" buyIn: 0.90€ + 0.10€ level: 8 - HandId: #3200315878985957378-105-1708112234 - Holdem no limit (80/350/700) - 2024/02/16 19:37:14 UTC
Table: 'Deepstack Hold'em(745131606)#001' 8-max (real money) Seat #8 is the button
Seat 1: Tou-9 (23590)
Seat 2: Hold-up64 (20000)
Seat 3: perebourasse (65331)
Seat 4: _ThibThib21_ (14260)
Seat 5: mcbj0826 (17100)
Seat 6: P1xel7 (38505)
Seat 7: DaenerysAA (29197)
Seat 8: lecomptablef (15616)
*** ANTE/BLINDS ***
Tou-9 posts ante 80
Hold-up64 posts ante 80
perebourasse posts ante 80
_ThibThib21_ posts ante 80
mcbj0826 posts ante 80
P1xel7 posts ante 80
DaenerysAA posts ante 80
lecomptablef posts ante 80
Tou-9 posts small blind 350
Hold-up64 posts big blind 700
Dealt to P1xel7 [6c Qh]
*** PRE-FLOP *** 
perebourasse folds
_ThibThib21_ folds
mcbj0826 folds
P1xel7 folds
DaenerysAA folds
lecomptablef raises 700 to 1400
Tou-9 folds
Hold-up64 calls 700
*** FLOP *** [Qd Ks 9s]
Hold-up64 bets 18520 and is all-in
lecomptablef calls 14136 and is all-in
*** TURN *** [Qd Ks 9s][Ah]
*** RIVER *** [Qd Ks 9s Ah][7s]
*** SHOW DOWN ***
Hold-up64 shows [Kc 8h] (One pair : Kings)
lecomptablef shows [Jd Kh] (One pair : Kings)
lecomptablef collected 32062 from main pot
Hold-up64 collected 4384 from side pot 1
*** SUMMARY ***
Total pot 36446 | No rake
Board: [Qd Ks 9s Ah 7s]
Seat 2: Hold-up64 (big blind) showed [Kc 8h] and won 4384 with One pair : Kings
Seat 8: lecomptablef (button) showed [Jd Kh] and won 32062 with One pair : Kings


Winamax Poker - Tournament "Deepstack Hold'em" buyIn: 0.90€ + 0.10€ level: 8 - HandId: #3200315878985957378-106-1708112298 - Holdem no limit (80/350/700) - 2024/02/16 19:38:18 UTC
Table: 'Deepstack Hold'em(745131606)#001' 8-max (real money) Seat #1 is the button
Seat 1: Tou-9 (23160)
Seat 2: Hold-up64 (4384)
Seat 3: perebourasse (65251)
Seat 4: _ThibThib21_ (14180)
Seat 5: mcbj0826 (17020)
Seat 6: P1xel7 (38425)
Seat 7: DaenerysAA (29117)
Seat 8: lecomptablef (32062)
*** ANTE/BLINDS ***
Hold-up64 posts ante 80
perebourasse posts ante 80
Tou-9 posts ante 80
_ThibThib21_ posts ante 80
mcbj0826 posts ante 80
P1xel7 posts ante 80
DaenerysAA posts ante 80
lecomptablef posts ante 80
Hold-up64 posts small blind 350
perebourasse posts big blind 700
Dealt to P1xel7 [5c 4h]
*** PRE-FLOP *** 
_ThibThib21_ folds
mcbj0826 folds
P1xel7 folds
DaenerysAA folds
lecomptablef folds
Tou-9 folds
Hold-up64 raises 3604 to 4304 and is all-in
perebourasse calls 3604
*** FLOP *** [Qc Tc 8d]
*** TURN *** [Qc Tc 8d][3d]
*** RIVER *** [Qc Tc 8d 3d][Qd]
*** SHOW DOWN ***
perebourasse shows [2s 2c] (Two pairs : Queens and 2)
Hold-up64 shows [Ks Ts] (Two pairs : Queens and Tens)
Hold-up64 collected 9248 from pot
*** SUMMARY ***
Total pot 9248 | No rake
Board: [Qc Tc 8d 3d Qd]
Seat 2: Hold-up64 (small blind) showed [Ks Ts] and won 9248 with Two pairs : Queens and Tens
Seat 3: perebourasse (big blind) showed [2s 2c] and lost with Two pairs : Queens and 2


Winamax Poker - Tournament "Deepstack Hold'em" buyIn: 0.90€ + 0.10€ level: 8 - HandId: #3200315878985957378-107-1708112370 - Holdem no limit (80/350/700) - 2024/02/16 19:39:30 UTC
Table: 'Deepstack Hold'em(745131606)#001' 8-max (real money) Seat #2 is the button
Seat 1: Tou-9 (23080)
Seat 2: Hold-up64 (9248)
Seat 3: perebourasse (60867)
Seat 4: _ThibThib21_ (14100)
Seat 5: mcbj0826 (16940)
Seat 6: P1xel7 (38345)
Seat 7: DaenerysAA (29037)
Seat 8: lecomptablef (31982)
*** ANTE/BLINDS ***
perebourasse posts ante 80
_ThibThib21_ posts ante 80
Tou-9 posts ante 80
Hold-up64 posts ante 80
mcbj0826 posts ante 80
P1xel7 posts ante 80
DaenerysAA posts ante 80
lecomptablef posts ante 80
perebourasse posts small blind 350
_ThibThib21_ posts big blind 700
Dealt to P1xel7 [9s 3s]
*** PRE-FLOP *** 
mcbj0826 folds
P1xel7 folds
DaenerysAA folds
lecomptablef folds
Tou-9 raises 700 to 1400
Hold-up64 folds
perebourasse folds
_ThibThib21_ folds
Tou-9 collected 3090 from pot
*** SUMMARY ***
Total pot 3090 | No rake
Seat 1: Tou-9 won 3090


Winamax Poker - Tournament "Deepstack Hold'em" buyIn: 0.90€ + 0.10€ level: 8 - HandId: #3200315878985957378-108-1708112414 - Holdem no limit (80/350/700) - 2024/02/16 19:40:14 UTC
Table: 'Deepstack Hold'em(745131606)#001' 8-max (real money) Seat #3 is the button
Seat 1: Tou-9 (24690)
Seat 2: Hold-up64 (9168)
Seat 3: perebourasse (60437)
Seat 4: _ThibThib21_ (13320)
Seat 5: mcbj0826 (16860)
Seat 6: P1xel7 (38265)
Seat 7: DaenerysAA (28957)
Seat 8: lecomptablef (31902)
*** ANTE/BLINDS ***
_ThibThib21_ posts ante 80
mcbj0826 posts ante 80
Tou-9 posts ante 80
Hold-up64 posts ante 80
perebourasse posts ante 80
P1xel7 posts ante 80
DaenerysAA posts ante 80
lecomptablef posts ante 80
_ThibThib21_ posts small blind 350
mcbj0826 posts big blind 700
Dealt to P1xel7 [Jh 3c]
*** PRE-FLOP *** 
P1xel7 folds
DaenerysAA folds
lecomptablef folds
Tou-9 folds
Hold-up64 folds
perebourasse folds
_ThibThib21_ calls 350
mcbj0826 checks
*** FLOP *** [Ah Jd Th]
_ThibThib21_ checks
mcbj0826 checks
*** TURN *** [Ah Jd Th][7s]
_ThibThib21_ bets 1326
mcbj0826 folds
_ThibThib21_ collected 3366 from pot
*** SUMMARY ***
Total pot 3366 | No rake
Board: [Ah Jd Th 7s]
Seat 4: _ThibThib21_ (small blind) won 3366


Winamax Poker - Tournament "Deepstack Hold'em" buyIn: 0.90€ + 0.10€ level: 8 - HandId: #3200315878985957378-109-1708112491 - Holdem no limit (80/350/700) - 2024/02/16 19:41:31 UTC
Table: 'Deepstack Hold'em(745131606)#001' 8-max (real money) Seat #4 is the button
Seat 1: Tou-9 (24610)
Seat 2: Hold-up64 (9088)
Seat 3: perebourasse (60357)
Seat 4: _ThibThib21_ (14580)
Seat 5: mcbj0826 (16080)
Seat 6: P1xel7 (38185)
Seat 8: lecomptablef (31822)
*** ANTE/BLINDS ***
mcbj0826 posts ante 80
P1xel7 posts ante 80
Tou-9 posts ante 80
Hold-up64 posts ante 80
perebourasse posts ante 80
_ThibThib21_ posts ante 80
lecomptablef posts ante 80
mcbj0826 posts small blind 350
P1xel7 posts big blind 700
Dealt to P1xel7 [Qd 7s]
*** PRE-FLOP *** 
lecomptablef raises 700 to 1400
Tou-9 folds
Hold-up64 folds
perebourasse folds
_ThibThib21_ raises 2800 to 4200
mcbj0826 folds
P1xel7 folds
lecomptablef folds
_ThibThib21_ collected 7210 from pot
*** SUMMARY ***
Total pot 7210 | No rake
Seat 4: _ThibThib21_ (button) won 7210


Winamax Poker - Tournament "Deepstack Hold'em" buyIn: 0.90€ + 0.10€ level: 9 - HandId: #3200315878985957378-110-1708112534 - Holdem no limit (100/400/800) - 2024/02/16 19:42:14 UTC
Table: 'Deepstack Hold'em(745131606)#001' 8-max (real money) Seat #5 is the button
Seat 1: Tou-9 (24530)
Seat 2: Hold-up64 (9008)
Seat 3: perebourasse (60277)
Seat 4: _ThibThib21_ (17510)
Seat 5: mcbj0826 (15650)
Seat 6: P1xel7 (37405)
Seat 8: lecomptablef (30342)
*** ANTE/BLINDS ***
P1xel7 posts ante 100
lecomptablef posts ante 100
Tou-9 posts ante 100
Hold-up64 posts ante 100
perebourasse posts ante 100
_ThibThib21_ posts ante 100
mcbj0826 posts ante 100
P1xel7 posts small blind 400
lecomptablef posts big blind 800
Dealt to P1xel7 [9c 4c]
*** PRE-FLOP *** 
Tou-9 folds
Hold-up64 calls 800
perebourasse folds
_ThibThib21_ folds
mcbj0826 folds
P1xel7 folds
lecomptablef checks
*** FLOP *** [Ad 9s 9d]
lecomptablef checks
Hold-up64 checks
*** TURN *** [Ad 9s 9d][Jc]
lecomptablef checks
Hold-up64 checks
*** RIVER *** [Ad 9s 9d Jc][Jh]
lecomptablef bets 2000
Hold-up64 folds
lecomptablef collected 4700 from pot
*** SUMMARY ***
Total pot 4700 | No rake
Board: [Ad 9s 9d Jc Jh]
Seat 8: lecomptablef (big blind) won 4700


Winamax Poker - Tournament "Deepstack Hold'em" buyIn: 0.90€ + 0.10€ level: 9 - HandId: #3200315878985957378-111-1708112622 - Holdem no limit (100/400/800) - 2024/02/16 19:43:42 UTC
Table: 'Deepstack Hold'em(745131606)#001' 8-max (real money) Seat #6 is the button
Seat 1: Tou-9 (24430)
Seat 2: Hold-up64 (8108)
Seat 3: perebourasse (60177)
Seat 4: _ThibThib21_ (17410)
Seat 5: mcbj0826 (15550)
Seat 6: P1xel7 (36905)
Seat 8: lecomptablef (32142)
*** ANTE/BLINDS ***
lecomptablef posts ante 100
Tou-9 posts ante 100
Hold-up64 posts ante 100
perebourasse posts ante 100
_ThibThib21_ posts ante 100
mcbj0826 posts ante 100
P1xel7 posts ante 100
lecomptablef posts small blind 400
Tou-9 posts big blind 800
Dealt to P1xel7 [2d 6c]
*** PRE-FLOP *** 
Hold-up64 folds
perebourasse folds
_ThibThib21_ folds
mcbj0826 folds
P1xel7 folds
lecomptablef folds
Tou-9 collected 1900 from pot
*** SUMMARY ***
Total pot 1900 | No rake
Seat 1: Tou-9 (big blind) won 1900


Winamax Poker - Tournament "Deepstack Hold'em" buyIn: 0.90€ + 0.10€ level: 9 - HandId: #3200315878985957378-112-1708112662 - Holdem no limit (100/400/800) - 2024/02/16 19:44:22 UTC
Table: 'Deepstack Hold'em(745131606)#001' 8-max (real money) Seat #8 is the button
Seat 1: Tou-9 (25430)
Seat 2: Hold-up64 (8008)
Seat 3: perebourasse (60077)
Seat 4: _ThibThib21_ (17310)
Seat 5: mcbj0826 (15450)
Seat 6: P1xel7 (36805)
Seat 8: lecomptablef (31642)
*** ANTE/BLINDS ***
Tou-9 posts ante 100
Hold-up64 posts ante 100
perebourasse posts ante 100
_ThibThib21_ posts ante 100
mcbj0826 posts ante 100
P1xel7 posts ante 100
lecomptablef posts ante 100
Tou-9 posts small blind 400
Hold-up64 posts big blind 800
Dealt to P1xel7 [7d Ts]
*** PRE-FLOP *** 
perebourasse folds
_ThibThib21_ raises 1600 to 2400
mcbj0826 folds
P1xel7 folds
lecomptablef folds
Tou-9 folds
Hold-up64 folds
_ThibThib21_ collected 4300 from pot
*** SUMMARY ***
Total pot 4300 | No rake
Seat 4: _ThibThib21_ won 4300


Winamax Poker - Tournament "Deepstack Hold'em" buyIn: 0.90€ + 0.10€ level: 9 - HandId: #3200315878985957378-113-1708112694 - Holdem no limit (100/400/800) - 2024/02/16 19:44:54 UTC
Table: 'Deepstack Hold'em(745131606)#001' 8-max (real money) Seat #1 is the button
Seat 1: Tou-9 (24930)
Seat 2: Hold-up64 (7108)
Seat 3: perebourasse (59977)
Seat 4: _ThibThib21_ (19110)
Seat 5: mcbj0826 (15350)
Seat 6: P1xel7 (36705)
Seat 7: ShaDehSa (20000)
Seat 8: lecomptablef (31542)
*** ANTE/BLINDS ***
Hold-up64 posts ante 100
perebourasse posts ante 100
Tou-9 posts ante 100
_ThibThib21_ posts ante 100
mcbj0826 posts ante 100
P1xel7 posts ante 100
ShaDehSa posts ante 100
lecomptablef posts ante 100
Hold-up64 posts small blind 400
perebourasse posts big blind 800
Dealt to P1xel7 [2h Tc]
*** PRE-FLOP *** 
_ThibThib21_ folds
mcbj0826 raises 800 to 1600
P1xel7 folds
ShaDehSa folds
lecomptablef folds
Tou-9 folds
Hold-up64 calls 1200
perebourasse folds
*** FLOP *** [2s Kd Ah]
Hold-up64 checks
mcbj0826 bets 1680
Hold-up64 folds
mcbj0826 collected 6480 from pot
*** SUMMARY ***
Total pot 6480 | No rake
Board: [2s Kd Ah]
Seat 5: mcbj0826 won 6480


Winamax Poker - Tournament "Deepstack Hold'em" buyIn: 0.90€ + 0.10€ level: 9 - HandId: #3200315878985957378-114-1708112769 - Holdem no limit (100/400/800) - 2024/02/16 19:46:09 UTC
Table: 'Deepstack Hold'em(745131606)#001' 8-max (real money) Seat #2 is the button
Seat 1: Tou-9 (24830)
Seat 2: Hold-up64 (5408)
Seat 3: perebourasse (59077)
Seat 4: _ThibThib21_ (19010)
Seat 5: mcbj0826 (18450)
Seat 6: P1xel7 (36605)
Seat 7: ShaDehSa (19900)
Seat 8: lecomptablef (31442)
*** ANTE/BLINDS ***
perebourasse posts ante 100
_ThibThib21_ posts ante 100
Tou-9 posts ante 100
Hold-up64 posts ante 100
mcbj0826 posts ante 100
P1xel7 posts ante 100
ShaDehSa posts ante 100
lecomptablef posts ante 100
perebourasse posts small blind 400
_ThibThib21_ posts big blind 800
Dealt to P1xel7 [5d Qs]
*** PRE-FLOP *** 
mcbj0826 folds
P1xel7 folds
ShaDehSa raises 800 to 1600
lecomptablef folds
Tou-9 folds
Hold-up64 folds
perebourasse folds
_ThibThib21_ folds
ShaDehSa collected 3600 from pot
*** SUMMARY ***
Total pot 3600 | No rake
Seat 7: ShaDehSa won 3600


Winamax Poker - Tournament "Deepstack Hold'em" buyIn: 0.90€ + 0.10€ level: 9 - HandId: #3200315878985957378-115-1708112799 - Holdem no limit (100/400/800) - 2024/02/16 19:46:39 UTC
Table: 'Deepstack Hold'em(745131606)#001' 8-max (real money) Seat #3 is the button
Seat 1: Tou-9 (24730)
Seat 2: Hold-up64 (5308)
Seat 3: perebourasse (58577)
Seat 4: _ThibThib21_ (18110)
Seat 5: mcbj0826 (18350)
Seat 6: P1xel7 (36505)
Seat 7: ShaDehSa (21800)
Seat 8: lecomptablef (31342)
*** ANTE/BLINDS ***
_ThibThib21_ posts ante 100
mcbj0826 posts ante 100
Tou-9 posts ante 100
Hold-up64 posts ante 100
perebourasse posts ante 100
P1xel7 posts ante 100
ShaDehSa posts ante 100
lecomptablef posts ante 100
_ThibThib21_ posts small blind 400
mcbj0826 posts big blind 800
Dealt to P1xel7 [9h 2c]
*** PRE-FLOP *** 
P1xel7 folds
ShaDehSa folds
lecomptablef folds
Tou-9 raises 800 to 1600
Hold-up64 raises 3608 to 5208 and is all-in
perebourasse folds
_ThibThib21_ folds
mcbj0826 folds
Tou-9 calls 3608
*** FLOP *** [5d As 8d]
*** TURN *** [5d As 8d][Ks]
*** RIVER *** [5d As 8d Ks][Qh]
*** SHOW DOWN ***
Tou-9 shows [3d 3c] (One pair : 3)
Hold-up64 shows [4h 5h] (One pair : 5)
Hold-up64 collected 12416 from pot
*** SUMMARY ***
Total pot 12416 | No rake
Board: [5d As 8d Ks Qh]
Seat 1: Tou-9 showed [3d 3c] and lost with One pair : 3
Seat 2: Hold-up64 showed [4h 5h] and won 12416 with One pair : 5


Winamax Poker - Tournament "Deepstack Hold'em" buyIn: 0.90€ + 0.10€ level: 9 - HandId: #3200315878985957378-116-1708112844 - Holdem no limit (100/400/800) - 2024/02/16 19:47:24 UTC
Table: 'Deepstack Hold'em(745131606)#001' 8-max (real money) Seat #4 is the button
Seat 1: Tou-9 (19422)
Seat 2: Hold-up64 (12416)
Seat 3: perebourasse (58477)
Seat 4: _ThibThib21_ (17610)
Seat 5: mcbj0826 (17450)
Seat 6: P1xel7 (36405)
Seat 7: ShaDehSa (21700)
Seat 8: lecomptablef (31242)
*** ANTE/BLINDS ***
mcbj0826 posts ante 100
P1xel7 posts ante 100
Tou-9 posts ante 100
Hold-up64 posts ante 100
perebourasse posts ante 100
_ThibThib21_ posts ante 100
ShaDehSa posts ante 100
lecomptablef posts ante 100
mcbj0826 posts small blind 400
P1xel7 posts big blind 800
Dealt to P1xel7 [Kh 8s]
*** PRE-FLOP *** 
ShaDehSa raises 800 to 1600
lecomptablef folds
Tou-9 folds
Hold-up64 folds
perebourasse folds
_ThibThib21_ folds
mcbj0826 folds
P1xel7 folds
ShaDehSa collected 3600 from pot
*** SUMMARY ***
Total pot 3600 | No rake
Seat 7: ShaDehSa won 3600


Winamax Poker - Tournament "Deepstack Hold'em" buyIn: 0.90€ + 0.10€ level: 9 - HandId: #3200315878985957378-117-1708112894 - Holdem no limit (100/400/800) - 2024/02/16 19:48:14 UTC
Table: 'Deepstack Hold'em(745131606)#001' 8-max (real money) Seat #5 is the button
Seat 1: Tou-9 (19322)
Seat 2: Hold-up64 (12316)
Seat 3: perebourasse (58377)
Seat 4: _ThibThib21_ (17510)
Seat 5: mcbj0826 (16950)
Seat 6: P1xel7 (35505)
Seat 7: ShaDehSa (23600)
Seat 8: lecomptablef (31142)
*** ANTE/BLINDS ***
P1xel7 posts ante 100
ShaDehSa posts ante 100
Tou-9 posts ante 100
Hold-up64 posts ante 100
perebourasse posts ante 100
_ThibThib21_ posts ante 100
mcbj0826 posts ante 100
lecomptablef posts ante 100
P1xel7 posts small blind 400
ShaDehSa posts big blind 800
Dealt to P1xel7 [5h Ts]
*** PRE-FLOP *** 
lecomptablef folds
Tou-9 raises 800 to 1600
Hold-up64 raises 10616 to 12216 and is all-in
perebourasse folds
_ThibThib21_ folds
mcbj0826 folds
P1xel7 folds
ShaDehSa folds
Tou-9 folds
Hold-up64 collected 15816 from pot
*** SUMMARY ***
Total pot 15816 | No rake
Seat 2: Hold-up64 won 15816


Winamax Poker - Tournament "Deepstack Hold'em" buyIn: 0.90€ + 0.10€ level: 9 - HandId: #3200315878985957378-118-1708112946 - Holdem no limit (100/400/800) - 2024/02/16 19:49:06 UTC
Table: 'Deepstack Hold'em(745131606)#001' 8-max (real money) Seat #6 is the button
Seat 1: Tou-9 (17622)
Seat 2: Hold-up64 (15816)
Seat 3: perebourasse (58277)
Seat 4: _ThibThib21_ (17410)
Seat 5: mcbj0826 (16850)
Seat 6: P1xel7 (35005)
Seat 7: ShaDehSa (22700)
Seat 8: lecomptablef (31042)
*** ANTE/BLINDS ***
ShaDehSa posts ante 100
lecomptablef posts ante 100
Tou-9 posts ante 100
Hold-up64 posts ante 100
perebourasse posts ante 100
_ThibThib21_ posts ante 100
mcbj0826 posts ante 100
P1xel7 posts ante 100
ShaDehSa posts small blind 400
lecomptablef posts big blind 800
Dealt to P1xel7 [Ah Js]
*** PRE-FLOP *** 
Tou-9 folds
Hold-up64 folds
perebourasse folds
_ThibThib21_ raises 1600 to 2400
mcbj0826 folds
P1xel7 calls 2400
ShaDehSa folds
lecomptablef folds
*** FLOP *** [5c 3h 9s]
_ThibThib21_ bets 4420
P1xel7 folds
_ThibThib21_ collected 11220 from pot
*** SUMMARY ***
Total pot 11220 | No rake
Board: [5c 3h 9s]
Seat 4: _ThibThib21_ won 11220


Winamax Poker - Tournament "Deepstack Hold'em" buyIn: 0.90€ + 0.10€ level: 10 - HandId: #3200315878985957378-119-1708113048 - Holdem no limit (120/500/1000) - 2024/02/16 19:50:48 UTC
Table: 'Deepstack Hold'em(745131606)#001' 8-max (real money) Seat #7 is the button
Seat 1: Tou-9 (17522)
Seat 3: perebourasse (58177)
Seat 4: _ThibThib21_ (21710)
Seat 5: mcbj0826 (16750)
Seat 6: P1xel7 (32505)
Seat 7: ShaDehSa (22200)
Seat 8: lecomptablef (30142)
*** ANTE/BLINDS ***
lecomptablef posts ante 120
Tou-9 posts ante 120
perebourasse posts ante 120
_ThibThib21_ posts ante 120
mcbj0826 posts ante 120
P1xel7 posts ante 120
ShaDehSa posts ante 120
lecomptablef posts small blind 500
Tou-9 posts big blind 1000
Dealt to P1xel7 [Qh Tc]
*** PRE-FLOP *** 
perebourasse folds
_ThibThib21_ folds
mcbj0826 folds
P1xel7 raises 1500 to 2500
ShaDehSa calls 2500
lecomptablef folds
Tou-9 folds
*** FLOP *** [Th 7s 7h]
P1xel7 checks
ShaDehSa checks
*** TURN *** [Th 7s 7h][Js]
P1xel7 bets 1835
ShaDehSa calls 1835
*** RIVER *** [Th 7s 7h Js][5s]
P1xel7 checks
ShaDehSa bets 3853
P1xel7 folds
ShaDehSa collected 14863 from pot
*** SUMMARY ***
Total pot 14863 | No rake
Board: [Th 7s 7h Js 5s]
Seat 7: ShaDehSa (button) won 14863


Winamax Poker - Tournament "Deepstack Hold'em" buyIn: 0.90€ + 0.10€ level: 10 - HandId: #3200315878985957378-120-1708113120 - Holdem no limit (120/500/1000) - 2024/02/16 19:52:00 UTC
Table: 'Deepstack Hold'em(745131606)#001' 8-max (real money) Seat #8 is the button
Seat 1: Tou-9 (16402)
Seat 2: kazu974 (20000)
Seat 4: _ThibThib21_ (21590)
Seat 5: mcbj0826 (16630)
Seat 6: P1xel7 (28050)
Seat 7: ShaDehSa (28755)
Seat 8: lecomptablef (29522)
*** ANTE/BLINDS ***
Tou-9 posts ante 120
kazu974 posts ante 120
_ThibThib21_ posts ante 120
mcbj0826 posts ante 120
P1xel7 posts ante 120
ShaDehSa posts ante 120
lecomptablef posts ante 120
Tou-9 posts small blind 500
kazu974 posts big blind 1000
Dealt to P1xel7 [4c 8c]
*** PRE-FLOP *** 
_ThibThib21_ folds
mcbj0826 folds
P1xel7 folds
ShaDehSa folds
lecomptablef folds
Tou-9 folds
kazu974 collected 2340 from pot
*** SUMMARY ***
Total pot 2340 | No rake
Seat 2: kazu974 (big blind) won 2340


Winamax Poker - Tournament "Deepstack Hold'em" buyIn: 0.90€ + 0.10€ level: 10 - HandId: #3200315878985957378-121-1708113154 - Holdem no limit (120/500/1000) - 2024/02/16 19:52:34 UTC
Table: 'Deepstack Hold'em(745131606)#001' 8-max (real money) Seat #1 is the button
Seat 1: Tou-9 (15782)
Seat 2: kazu974 (21220)
Seat 4: _ThibThib21_ (21470)
Seat 5: mcbj0826 (16510)
Seat 6: P1xel7 (27930)
Seat 7: ShaDehSa (28635)
Seat 8: lecomptablef (29402)
*** ANTE/BLINDS ***
kazu974 posts ante 120
_ThibThib21_ posts ante 120
Tou-9 posts ante 120
mcbj0826 posts ante 120
P1xel7 posts ante 120
ShaDehSa posts ante 120
lecomptablef posts ante 120
kazu974 posts small blind 500
_ThibThib21_ posts big blind 1000
Dealt to P1xel7 [5c Qs]
*** PRE-FLOP *** 
mcbj0826 folds
P1xel7 folds
ShaDehSa raises 1500 to 2500
lecomptablef folds
Tou-9 folds
kazu974 folds
_ThibThib21_ folds
ShaDehSa collected 4840 from pot
*** SUMMARY ***
Total pot 4840 | No rake
Seat 7: ShaDehSa won 4840


Winamax Poker - Tournament "Deepstack Hold'em" buyIn: 0.90€ + 0.10€ level: 10 - HandId: #3200315878985957378-122-1708113265 - Holdem no limit (120/500/1000) - 2024/02/16 19:54:25 UTC
Table: 'Deepstack Hold'em(745131606)#001' 8-max (real money) Seat #2 is the button
Seat 1: Tou-9 (15662)
Seat 2: kazu974 (20600)
Seat 3: Tonio_ms (7206)
Seat 4: _ThibThib21_ (20350)
Seat 5: mcbj0826 (16390)
Seat 6: P1xel7 (27810)
Seat 7: ShaDehSa (30855)
Seat 8: lecomptablef (29282)
*** ANTE/BLINDS ***
_ThibThib21_ posts ante 120
mcbj0826 posts ante 120
Tou-9 posts ante 120
kazu974 posts ante 120
P1xel7 posts ante 120
ShaDehSa posts ante 120
lecomptablef posts ante 120
_ThibThib21_ posts small blind 500
mcbj0826 posts big blind 1000
Dealt to P1xel7 [8s Qc]
*** PRE-FLOP *** 
P1xel7 folds
ShaDehSa folds
lecomptablef folds
Tou-9 folds
kazu974 folds
_ThibThib21_ folds
mcbj0826 collected 2340 from pot
*** SUMMARY ***
Total pot 2340 | No rake
Seat 5: mcbj0826 (big blind) won 2340


Winamax Poker - Tournament "Deepstack Hold'em" buyIn: 0.90€ + 0.10€ level: 10 - HandId: #3200315878985957378-123-1708113280 - Holdem no limit (120/500/1000) - 2024/02/16 19:54:40 UTC
Table: 'Deepstack Hold'em(745131606)#001' 8-max (real money) Seat #4 is the button
Seat 1: Tou-9 (15542)
Seat 2: kazu974 (20480)
Seat 3: Tonio_ms (7206)
Seat 4: _ThibThib21_ (19730)
Seat 5: mcbj0826 (17610)
Seat 6: P1xel7 (27690)
Seat 7: ShaDehSa (30735)
Seat 8: lecomptablef (29162)
*** ANTE/BLINDS ***
mcbj0826 posts ante 120
P1xel7 posts ante 120
Tou-9 posts ante 120
kazu974 posts ante 120
Tonio_ms posts ante 120
_ThibThib21_ posts ante 120
ShaDehSa posts ante 120
lecomptablef posts ante 120
mcbj0826 posts small blind 500
P1xel7 posts big blind 1000
Dealt to P1xel7 [3c Jd]
*** PRE-FLOP *** 
ShaDehSa folds
lecomptablef folds
Tou-9 folds
kazu974 folds
Tonio_ms folds
_ThibThib21_ folds
mcbj0826 raises 1000 to 2000
P1xel7 folds
mcbj0826 collected 3960 from pot
*** SUMMARY ***
Total pot 3960 | No rake
Seat 5: mcbj0826 (small blind) won 3960


Winamax Poker - Tournament "Deepstack Hold'em" buyIn: 0.90€ + 0.10€ level: 10 - HandId: #3200315878985957378-124-1708113660 - Holdem no limit (120/500/1000) - 2024/02/16 20:01:00 UTC
Table: 'Deepstack Hold'em(745131606)#001' 8-max (real money) Seat #5 is the button
Seat 1: Tou-9 (15422)
Seat 2: kazu974 (20360)
Seat 3: Tonio_ms (7086)
Seat 4: _ThibThib21_ (19610)
Seat 5: mcbj0826 (19450)
Seat 6: P1xel7 (26570)
Seat 7: ShaDehSa (30615)
Seat 8: lecomptablef (29042)
*** ANTE/BLINDS ***
P1xel7 posts ante 120
ShaDehSa posts ante 120
Tou-9 posts ante 120
kazu974 posts ante 120
Tonio_ms posts ante 120
_ThibThib21_ posts ante 120
mcbj0826 posts ante 120
lecomptablef posts ante 120
P1xel7 posts small blind 500
ShaDehSa posts big blind 1000
Dealt to P1xel7 [5d Kd]
*** PRE-FLOP *** 
lecomptablef raises 1000 to 2000
Tou-9 folds
kazu974 folds
Tonio_ms folds
_ThibThib21_ folds
mcbj0826 folds
P1xel7 folds
ShaDehSa calls 1000
*** FLOP *** [6c Qc 7d]
ShaDehSa checks
lecomptablef checks
*** TURN *** [6c Qc 7d][4h]
ShaDehSa checks
lecomptablef bets 3549
ShaDehSa folds
lecomptablef collected 9009 from pot
*** SUMMARY ***
Total pot 9009 | No rake
Board: [6c Qc 7d 4h]
Seat 8: lecomptablef won 9009


Winamax Poker - Tournament "Deepstack Hold'em" buyIn: 0.90€ + 0.10€ level: 10 - HandId: #3200315878985957378-125-1708113752 - Holdem no limit (120/500/1000) - 2024/02/16 20:02:32 UTC
Table: 'Deepstack Hold'em(745131606)#001' 8-max (real money) Seat #6 is the button
Seat 1: Tou-9 (15302)
Seat 2: kazu974 (20240)
Seat 3: Tonio_ms (6966)
Seat 4: _ThibThib21_ (19490)
Seat 5: mcbj0826 (19330)
Seat 6: P1xel7 (25950)
Seat 7: ShaDehSa (28495)
Seat 8: lecomptablef (32382)
*** ANTE/BLINDS ***
ShaDehSa posts ante 120
lecomptablef posts ante 120
Tou-9 posts ante 120
kazu974 posts ante 120
Tonio_ms posts ante 120
_ThibThib21_ posts ante 120
mcbj0826 posts ante 120
P1xel7 posts ante 120
ShaDehSa posts small blind 500
lecomptablef posts big blind 1000
Dealt to P1xel7 [8c Jd]
*** PRE-FLOP *** 
Tou-9 folds
kazu974 folds
Tonio_ms raises 5846 to 6846 and is all-in
_ThibThib21_ folds
mcbj0826 folds
P1xel7 folds
ShaDehSa raises 5846 to 12692
lecomptablef folds
*** FLOP *** [Js Jc 9h]
*** TURN *** [Js Jc 9h][Jh]
*** RIVER *** [Js Jc 9h Jh][Td]
*** SHOW DOWN ***
Tonio_ms shows [Qd As] (Trips of Jacks)
ShaDehSa shows [Ks Ac] (Trips of Jacks)
ShaDehSa collected 21498 from pot
*** SUMMARY ***
Total pot 21498 | No rake
Board: [Js Jc 9h Jh Td]
Seat 3: Tonio_ms showed [Qd As] and lost with Trips of Jacks
Seat 7: ShaDehSa (small blind) showed [Ks Ac] and won 21498 with Trips of Jacks


Winamax Poker - Tournament "Deepstack Hold'em" buyIn: 0.90€ + 0.10€ level: 10 - HandId: #3200315878985957378-126-1708113797 - Holdem no limit (120/500/1000) - 2024/02/16 20:03:17 UTC
Table: 'Deepstack Hold'em(745131606)#001' 8-max (real money) Seat #7 is the button
Seat 1: Tou-9 (15182)
Seat 2: kazu974 (20120)
Seat 4: _ThibThib21_ (19370)
Seat 5: mcbj0826 (19210)
Seat 6: P1xel7 (25830)
Seat 7: ShaDehSa (37181)
Seat 8: lecomptablef (31262)
*** ANTE/BLINDS ***
lecomptablef posts ante 120
Tou-9 posts ante 120
kazu974 posts ante 120
_ThibThib21_ posts ante 120
mcbj0826 posts ante 120
P1xel7 posts ante 120
ShaDehSa posts ante 120
lecomptablef posts small blind 500
Tou-9 posts big blind 1000
Dealt to P1xel7 [3c Js]
*** PRE-FLOP *** 
kazu974 folds
_ThibThib21_ folds
mcbj0826 folds
P1xel7 folds
ShaDehSa raises 1500 to 2500
lecomptablef folds
Tou-9 folds
ShaDehSa collected 4840 from pot
*** SUMMARY ***
Total pot 4840 | No rake
Seat 7: ShaDehSa (button) won 4840


Winamax Poker - Tournament "Deepstack Hold'em" buyIn: 0.90€ + 0.10€ level: 11 - HandId: #3200315878985957378-127-1708113842 - Holdem no limit (140/600/1200) - 2024/02/16 20:04:02 UTC
Table: 'Deepstack Hold'em(745131606)#001' 8-max (real money) Seat #8 is the button
Seat 1: Tou-9 (14062)
Seat 2: kazu974 (20000)
Seat 3: Pellegrin ga (20000)
Seat 4: _ThibThib21_ (19250)
Seat 5: mcbj0826 (19090)
Seat 6: P1xel7 (25710)
Seat 7: ShaDehSa (39401)
Seat 8: lecomptablef (30642)
*** ANTE/BLINDS ***
Tou-9 posts ante 140
kazu974 posts ante 140
Pellegrin ga posts ante 140
_ThibThib21_ posts ante 140
mcbj0826 posts ante 140
P1xel7 posts ante 140
ShaDehSa posts ante 140
lecomptablef posts ante 140
Tou-9 posts small blind 600
kazu974 posts big blind 1200
Dealt to P1xel7 [Jh 8h]
*** PRE-FLOP *** 
Pellegrin ga raises 1200 to 2400
_ThibThib21_ folds
mcbj0826 folds
P1xel7 folds
ShaDehSa calls 2400
lecomptablef folds
Tou-9 folds
kazu974 folds
*** FLOP *** [As 6h Ks]
Pellegrin ga bets 5018
ShaDehSa folds
Pellegrin ga collected 12738 from pot
*** SUMMARY ***
Total pot 12738 | No rake
Board: [As 6h Ks]
Seat 3: Pellegrin ga won 12738


Winamax Poker - Tournament "Deepstack Hold'em" buyIn: 0.90€ + 0.10€ level: 11 - HandId: #3200315878985957378-128-1708113922 - Holdem no limit (140/600/1200) - 2024/02/16 20:05:22 UTC
Table: 'Deepstack Hold'em(745131606)#001' 8-max (real money) Seat #1 is the button
Seat 1: Tou-9 (13322)
Seat 2: kazu974 (18660)
Seat 3: Pellegrin ga (25180)
Seat 5: mcbj0826 (18950)
Seat 6: P1xel7 (25570)
Seat 7: ShaDehSa (36861)
Seat 8: lecomptablef (30502)
*** ANTE/BLINDS ***
kazu974 posts ante 140
Pellegrin ga posts ante 140
Tou-9 posts ante 140
mcbj0826 posts ante 140
P1xel7 posts ante 140
ShaDehSa posts ante 140
lecomptablef posts ante 140
kazu974 posts small blind 600
Pellegrin ga posts big blind 1200
Dealt to P1xel7 [9d 4d]
*** PRE-FLOP *** 
mcbj0826 raises 1200 to 2400
P1xel7 folds
ShaDehSa calls 2400
lecomptablef folds
Tou-9 raises 10782 to 13182 and is all-in
kazu974 folds
Pellegrin ga folds
mcbj0826 raises 5628 to 18810 and is all-in
ShaDehSa folds
*** FLOP *** [Th 9c Js]
*** TURN *** [Th 9c Js][Jc]
*** RIVER *** [Th 9c Js Jc][8s]
*** SHOW DOWN ***
Tou-9 shows [Qh Ac] (Straight Queen high)
mcbj0826 shows [8h Ah] (Two pairs : Jacks and 8)
mcbj0826 collected 5628 from side pot 1
Tou-9 collected 31544 from main pot
*** SUMMARY ***
Total pot 37172 | No rake
Board: [Th 9c Js Jc 8s]
Seat 1: Tou-9 (button) showed [Qh Ac] and won 31544 with Straight Queen high
Seat 5: mcbj0826 showed [8h Ah] and won 5628 with Two pairs : Jacks and 8


Winamax Poker - Tournament "Deepstack Hold'em" buyIn: 0.90€ + 0.10€ level: 11 - HandId: #3200315878985957378-129-1708113993 - Holdem no limit (140/600/1200) - 2024/02/16 20:06:33 UTC
Table: 'Deepstack Hold'em(745131606)#001' 8-max (real money) Seat #2 is the button
Seat 1: Tou-9 (31544)
Seat 2: kazu974 (17920)
Seat 3: Pellegrin ga (23840)
Seat 5: mcbj0826 (5628)
Seat 6: P1xel7 (25430)
Seat 7: ShaDehSa (34321)
Seat 8: lecomptablef (30362)
*** ANTE/BLINDS ***
Pellegrin ga posts ante 140
mcbj0826 posts ante 140
Tou-9 posts ante 140
kazu974 posts ante 140
P1xel7 posts ante 140
ShaDehSa posts ante 140
lecomptablef posts ante 140
Pellegrin ga posts small blind 600
mcbj0826 posts big blind 1200
Dealt to P1xel7 [5s 3c]
*** PRE-FLOP *** 
P1xel7 folds
ShaDehSa folds
lecomptablef folds
Tou-9 folds
kazu974 folds
Pellegrin ga calls 600
mcbj0826 checks
*** FLOP *** [7s Ts Ad]
Pellegrin ga bets 1200
mcbj0826 folds
Pellegrin ga collected 4580 from pot
*** SUMMARY ***
Total pot 4580 | No rake
Board: [7s Ts Ad]
Seat 3: Pellegrin ga (small blind) won 4580


Winamax Poker - Tournament "Deepstack Hold'em" buyIn: 0.90€ + 0.10€ level: 11 - HandId: #3200315878985957378-130-1708114079 - Holdem no limit (140/600/1200) - 2024/02/16 20:07:59 UTC
Table: 'Deepstack Hold'em(745131606)#001' 8-max (real money) Seat #3 is the button
Seat 1: Tou-9 (31404)
Seat 2: kazu974 (17780)
Seat 3: Pellegrin ga (25880)
Seat 4: VictorChlp (75694)
Seat 5: mcbj0826 (4288)
Seat 6: P1xel7 (25290)
Seat 7: ShaDehSa (34181)
Seat 8: lecomptablef (30222)
*** ANTE/BLINDS ***
mcbj0826 posts ante 140
P1xel7 posts ante 140
Tou-9 posts ante 140
kazu974 posts ante 140
Pellegrin ga posts ante 140
ShaDehSa posts ante 140
lecomptablef posts ante 140
mcbj0826 posts small blind 600
P1xel7 posts big blind 1200
Dealt to P1xel7 [Ts 4d]
*** PRE-FLOP *** 
ShaDehSa folds
lecomptablef folds
Tou-9 folds
kazu974 folds
Pellegrin ga calls 1200
mcbj0826 calls 600
P1xel7 checks
*** FLOP *** [5s Kc Js]
mcbj0826 bets 2948 and is all-in
P1xel7 folds
Pellegrin ga calls 2948
*** TURN *** [5s Kc Js][9d]
*** RIVER *** [5s Kc Js 9d][5h]
*** SHOW DOWN ***
Pellegrin ga shows [6c Ad] (One pair : 5)
mcbj0826 shows [Jc 7h] (Two pairs : Jacks and 5)
mcbj0826 collected 10476 from pot
*** SUMMARY ***
Total pot 10476 | No rake
Board: [5s Kc Js 9d 5h]
Seat 3: Pellegrin ga (button) showed [6c Ad] and lost with One pair : 5
Seat 5: mcbj0826 (small blind) showed [Jc 7h] and won 10476 with Two pairs : Jacks and 5


Winamax Poker - Tournament "Deepstack Hold'em" buyIn: 0.90€ + 0.10€ level: 11 - HandId: #3200315878985957378-131-1708114151 - Holdem no limit (140/600/1200) - 2024/02/16 20:09:11 UTC
Table: 'Deepstack Hold'em(745131606)#001' 8-max (real money) Seat #5 is the button
Seat 1: Tou-9 (31264)
Seat 2: kazu974 (17640)
Seat 3: Pellegrin ga (21592)
Seat 4: VictorChlp (75694)
Seat 5: mcbj0826 (10476)
Seat 6: P1xel7 (23950)
Seat 8: lecomptablef (30082)
*** ANTE/BLINDS ***
P1xel7 posts ante 140
lecomptablef posts ante 140
Tou-9 posts ante 140
kazu974 posts ante 140
Pellegrin ga posts ante 140
VictorChlp posts ante 140
mcbj0826 posts ante 140
P1xel7 posts small blind 600
lecomptablef posts big blind 1200
Dealt to P1xel7 [Qh Js]
*** PRE-FLOP *** 
Tou-9 folds
kazu974 folds
Pellegrin ga raises 1800 to 3000
VictorChlp calls 3000
mcbj0826 folds
P1xel7 calls 2400
lecomptablef folds
*** FLOP *** [5h 8c 4s]
P1xel7 checks
Pellegrin ga bets 18452 and is all-in
VictorChlp calls 18452
P1xel7 folds
*** TURN *** [5h 8c 4s][5s]
*** RIVER *** [5h 8c 4s 5s][2s]
*** SHOW DOWN ***
Pellegrin ga shows [Kc Ah] (One pair : 5)
VictorChlp shows [3h 3d] (Two pairs : 5 and 3)
VictorChlp collected 48084 from pot
*** SUMMARY ***
Total pot 48084 | No rake
Board: [5h 8c 4s 5s 2s]
Seat 3: Pellegrin ga showed [Kc Ah] and lost with One pair : 5
Seat 4: VictorChlp showed [3h 3d] and won 48084 with Two pairs : 5 and 3


Winamax Poker - Tournament "Deepstack Hold'em" buyIn: 0.90€ + 0.10€ level: 11 - HandId: #3200315878985957378-132-1708114192 - Holdem no limit (140/600/1200) - 2024/02/16 20:09:52 UTC
Table: 'Deepstack Hold'em(745131606)#001' 8-max (real money) Seat #6 is the button
Seat 1: Tou-9 (31124)
Seat 2: kazu974 (17500)
Seat 4: VictorChlp (102186)
Seat 5: mcbj0826 (10336)
Seat 6: P1xel7 (20810)
Seat 8: lecomptablef (28742)
*** ANTE/BLINDS ***
lecomptablef posts ante 140
Tou-9 posts ante 140
kazu974 posts ante 140
VictorChlp posts ante 140
mcbj0826 posts ante 140
P1xel7 posts ante 140
lecomptablef posts small blind 600
Tou-9 posts big blind 1200
Dealt to P1xel7 [Kh 9h]
*** PRE-FLOP *** 
kazu974 folds
VictorChlp folds
mcbj0826 folds
P1xel7 raises 1440 to 2640
lecomptablef folds
Tou-9 folds
P1xel7 collected 5280 from pot
*** SUMMARY ***
Total pot 5280 | No rake
Seat 6: P1xel7 (button) won 5280


Winamax Poker - Tournament "Deepstack Hold'em" buyIn: 0.90€ + 0.10€ level: 11 - HandId: #3200315878985957378-133-1708114228 - Holdem no limit (140/600/1200) - 2024/02/16 20:10:28 UTC
Table: 'Deepstack Hold'em(745131606)#001' 8-max (real money) Seat #8 is the button
Seat 1: Tou-9 (29784)
Seat 2: kazu974 (17360)
Seat 3: ShaDehSa (33901)
Seat 4: VictorChlp (102046)
Seat 5: mcbj0826 (10196)
Seat 6: P1xel7 (23310)
Seat 7: AgatheSky (37740)
Seat 8: lecomptablef (28002)
*** ANTE/BLINDS ***
Tou-9 posts ante 140
kazu974 posts ante 140
ShaDehSa posts ante 140
VictorChlp posts ante 140
mcbj0826 posts ante 140
P1xel7 posts ante 140
AgatheSky posts ante 140
lecomptablef posts ante 140
Tou-9 posts small blind 600
kazu974 posts big blind 1200
Dealt to P1xel7 [4c 7s]
*** PRE-FLOP *** 
ShaDehSa folds
VictorChlp calls 1200
mcbj0826 folds
P1xel7 folds
AgatheSky folds
lecomptablef folds
Tou-9 folds
kazu974 folds
VictorChlp collected 4120 from pot
*** SUMMARY ***
Total pot 4120 | No rake
Seat 4: VictorChlp won 4120


Winamax Poker - Tournament "Deepstack Hold'em" buyIn: 0.90€ + 0.10€ level: 11 - HandId: #3200315878985957378-134-1708114284 - Holdem no limit (140/600/1200) - 2024/02/16 20:11:24 UTC
Table: 'Deepstack Hold'em(745131606)#001' 8-max (real money) Seat #1 is the button
Seat 1: Tou-9 (29044)
Seat 2: kazu974 (16020)
Seat 3: ShaDehSa (33761)
Seat 4: VictorChlp (104826)
Seat 5: mcbj0826 (10056)
Seat 6: P1xel7 (23170)
Seat 7: AgatheSky (37600)
Seat 8: lecomptablef (27862)
*** ANTE/BLINDS ***
kazu974 posts ante 140
ShaDehSa posts ante 140
Tou-9 posts ante 140
VictorChlp posts ante 140
mcbj0826 posts ante 140
P1xel7 posts ante 140
AgatheSky posts ante 140
lecomptablef posts ante 140
kazu974 posts small blind 600
ShaDehSa posts big blind 1200
Dealt to P1xel7 [2c 4s]
*** PRE-FLOP *** 
VictorChlp calls 1200
mcbj0826 folds
P1xel7 folds
AgatheSky folds
lecomptablef folds
Tou-9 folds
kazu974 folds
ShaDehSa checks
*** FLOP *** [Qs 8c 9h]
ShaDehSa checks
VictorChlp checks
*** TURN *** [Qs 8c 9h][9d]
ShaDehSa bets 1442
VictorChlp calls 1442
*** RIVER *** [Qs 8c 9h 9d][3c]
ShaDehSa bets 2451
VictorChlp folds
ShaDehSa collected 9455 from pot
*** SUMMARY ***
Total pot 9455 | No rake
Board: [Qs 8c 9h 9d 3c]
Seat 3: ShaDehSa (big blind) won 9455


Winamax Poker - Tournament "Deepstack Hold'em" buyIn: 0.90€ + 0.10€ level: 12 - HandId: #3200315878985957378-135-1708114381 - Holdem no limit (160/700/1400) - 2024/02/16 20:13:01 UTC
Table: 'Deepstack Hold'em(745131606)#001' 8-max (real money) Seat #2 is the button
Seat 1: Tou-9 (28904)
Seat 2: kazu974 (15280)
Seat 3: ShaDehSa (37983)
Seat 4: VictorChlp (102044)
Seat 5: mcbj0826 (9916)
Seat 6: P1xel7 (23030)
Seat 7: AgatheSky (37460)
Seat 8: lecomptablef (27722)
*** ANTE/BLINDS ***
ShaDehSa posts ante 160
VictorChlp posts ante 160
Tou-9 posts ante 160
kazu974 posts ante 160
mcbj0826 posts ante 160
P1xel7 posts ante 160
AgatheSky posts ante 160
lecomptablef posts ante 160
ShaDehSa posts small blind 700
VictorChlp posts big blind 1400
Dealt to P1xel7 [Jd 2s]
*** PRE-FLOP *** 
mcbj0826 folds
P1xel7 folds
AgatheSky folds
lecomptablef folds
Tou-9 raises 1400 to 2800
kazu974 folds
ShaDehSa folds
VictorChlp calls 1400
*** FLOP *** [Qc 7h 7c]
VictorChlp bets 99084 and is all-in
Tou-9 calls 25944 and is all-in
*** TURN *** [Qc 7h 7c][4c]
*** RIVER *** [Qc 7h 7c 4c][8h]
*** SHOW DOWN ***
Tou-9 shows [3c Ac] (Flush Ace high)
VictorChlp shows [Jh 7d] (Trips of 7)
VictorChlp collected 73140 from side pot 1
Tou-9 collected 59468 from main pot
*** SUMMARY ***
Total pot 132608 | No rake
Board: [Qc 7h 7c 4c 8h]
Seat 1: Tou-9 showed [3c Ac] and won 59468 with Flush Ace high
Seat 4: VictorChlp (big blind) showed [Jh 7d] and won 73140 with Trips of 7


Winamax Poker - Tournament "Deepstack Hold'em" buyIn: 0.90€ + 0.10€ level: 12 - HandId: #3200315878985957378-136-1708114432 - Holdem no limit (160/700/1400) - 2024/02/16 20:13:52 UTC
Table: 'Deepstack Hold'em(745131606)#001' 8-max (real money) Seat #3 is the button
Seat 1: Tou-9 (59468)
Seat 2: kazu974 (15120)
Seat 3: ShaDehSa (37123)
Seat 4: VictorChlp (73140)
Seat 5: mcbj0826 (9756)
Seat 6: P1xel7 (22870)
Seat 7: AgatheSky (37300)
Seat 8: lecomptablef (27562)
*** ANTE/BLINDS ***
VictorChlp posts ante 160
mcbj0826 posts ante 160
Tou-9 posts ante 160
kazu974 posts ante 160
ShaDehSa posts ante 160
P1xel7 posts ante 160
AgatheSky posts ante 160
lecomptablef posts ante 160
VictorChlp posts small blind 700
mcbj0826 posts big blind 1400
Dealt to P1xel7 [4s Js]
*** PRE-FLOP *** 
P1xel7 folds
AgatheSky folds
lecomptablef folds
Tou-9 folds
kazu974 folds
ShaDehSa folds
VictorChlp raises 71580 to 72980 and is all-in
mcbj0826 folds
VictorChlp collected 75660 from pot
*** SUMMARY ***
Total pot 75660 | No rake
Seat 4: VictorChlp (small blind) won 75660


Winamax Poker - Tournament "Deepstack Hold'em" buyIn: 0.90€ + 0.10€ level: 12 - HandId: #3200315878985957378-137-1708114467 - Holdem no limit (160/700/1400) - 2024/02/16 20:14:27 UTC
Table: 'Deepstack Hold'em(745131606)#001' 8-max (real money) Seat #4 is the button
Seat 1: Tou-9 (59308)
Seat 2: kazu974 (14960)
Seat 3: ShaDehSa (36963)
Seat 4: VictorChlp (75660)
Seat 5: mcbj0826 (8196)
Seat 6: P1xel7 (22710)
Seat 7: AgatheSky (37140)
Seat 8: lecomptablef (27402)
*** ANTE/BLINDS ***
mcbj0826 posts ante 160
P1xel7 posts ante 160
Tou-9 posts ante 160
kazu974 posts ante 160
ShaDehSa posts ante 160
VictorChlp posts ante 160
AgatheSky posts ante 160
lecomptablef posts ante 160
mcbj0826 posts small blind 700
P1xel7 posts big blind 1400
Dealt to P1xel7 [5s Ad]
*** PRE-FLOP *** 
AgatheSky folds
lecomptablef folds
Tou-9 folds
kazu974 folds
ShaDehSa folds
VictorChlp folds
mcbj0826 raises 6636 to 8036 and is all-in
P1xel7 folds
mcbj0826 collected 10716 from pot
*** SUMMARY ***
Total pot 10716 | No rake
Seat 5: mcbj0826 (small blind) won 10716


Winamax Poker - Tournament "Deepstack Hold'em" buyIn: 0.90€ + 0.10€ level: 12 - HandId: #3200315878985957378-138-1708114526 - Holdem no limit (160/700/1400) - 2024/02/16 20:15:26 UTC
Table: 'Deepstack Hold'em(745131606)#001' 8-max (real money) Seat #5 is the button
Seat 1: Tou-9 (59148)
Seat 2: kazu974 (14800)
Seat 3: ShaDehSa (36803)
Seat 4: VictorChlp (75500)
Seat 5: mcbj0826 (10716)
Seat 6: P1xel7 (21150)
Seat 7: AgatheSky (36980)
Seat 8: lecomptablef (27242)
*** ANTE/BLINDS ***
P1xel7 posts ante 160
AgatheSky posts ante 160
Tou-9 posts ante 160
kazu974 posts ante 160
ShaDehSa posts ante 160
VictorChlp posts ante 160
mcbj0826 posts ante 160
lecomptablef posts ante 160
P1xel7 posts small blind 700
AgatheSky posts big blind 1400
Dealt to P1xel7 [7c Js]
*** PRE-FLOP *** 
lecomptablef folds
Tou-9 folds
kazu974 folds
ShaDehSa raises 1400 to 2800
VictorChlp calls 2800
mcbj0826 folds
P1xel7 folds
AgatheSky calls 1400
*** FLOP *** [8c Qd Kh]
AgatheSky checks
ShaDehSa checks
VictorChlp checks
*** TURN *** [8c Qd Kh][5d]
AgatheSky checks
ShaDehSa checks
VictorChlp bets 3633
AgatheSky folds
ShaDehSa folds
VictorChlp collected 14013 from pot
*** SUMMARY ***
Total pot 14013 | No rake
Board: [8c Qd Kh 5d]
Seat 4: VictorChlp won 14013


Winamax Poker - Tournament "Deepstack Hold'em" buyIn: 0.90€ + 0.10€ level: 12 - HandId: #3200315878985957378-139-1708114581 - Holdem no limit (160/700/1400) - 2024/02/16 20:16:21 UTC
Table: 'Deepstack Hold'em(745131606)#001' 8-max (real money) Seat #6 is the button
Seat 2: kazu974 (14640)
Seat 3: ShaDehSa (33843)
Seat 4: VictorChlp (82920)
Seat 5: mcbj0826 (10556)
Seat 6: P1xel7 (20290)
Seat 7: AgatheSky (34020)
Seat 8: lecomptablef (27082)
*** ANTE/BLINDS ***
AgatheSky posts ante 160
lecomptablef posts ante 160
kazu974 posts ante 160
ShaDehSa posts ante 160
VictorChlp posts ante 160
mcbj0826 posts ante 160
P1xel7 posts ante 160
AgatheSky posts small blind 700
lecomptablef posts big blind 1400
Dealt to P1xel7 [9c Kh]
*** PRE-FLOP *** 
kazu974 folds
ShaDehSa raises 1400 to 2800
VictorChlp folds
mcbj0826 folds
P1xel7 raises 17330 to 20130 and is all-in
AgatheSky folds
lecomptablef folds
ShaDehSa calls 17330
*** FLOP *** [5s 8h Qs]
*** TURN *** [5s 8h Qs][6c]
*** RIVER *** [5s 8h Qs 6c][Js]
*** SHOW DOWN ***
P1xel7 shows [9c Kh] (High card : King)
ShaDehSa shows [Qc Ac] (One pair : Queens)
ShaDehSa collected 43480 from pot
*** SUMMARY ***
Total pot 43480 | No rake
Board: [5s 8h Qs 6c Js]
Seat 3: ShaDehSa showed [Qc Ac] and won 43480 with One pair : Queens
Seat 6: P1xel7 (button) showed [9c Kh] and lost with High card : King


