Winamax Poker - Tournament "SPARTACUS" buyIn: 1.80€ + 0.20€ level: 5 - HandId: #3200323025811537999-27-1708111171 - Holdem no limit (50/200/400) - 2024/02/16 19:19:31 UTC
Table: 'SPARTACUS(745133270)#0078' 8-max (real money) Seat #5 is the button
Seat 1: SacradoKaya (12036, 0.90€ bounty)
Seat 2: ChavalBrutal (12854, 0.90€ bounty)
Seat 3: kryys51 (98213, 2.70€ bounty)
Seat 4: P1xel7 (20000, 0.90€ bounty)
Seat 5: ObeurNoir (18576, 0.90€ bounty)
Seat 6: Seuze (22752, 0.90€ bounty)
Seat 7: Pioness_ (19800, 0.90€ bounty)
Seat 8: coffeex (34221, 1.35€ bounty)
*** ANTE/BLINDS ***
Seuze posts ante 50
Pioness_ posts ante 50
SacradoKaya posts ante 50
ChavalBrutal posts ante 50
kryys51 posts ante 50
P1xel7 posts ante 50
ObeurNoir posts ante 50
coffeex posts ante 50
Seuze posts small blind 200
Pioness_ posts big blind 400
Dealt to P1xel7 [Kd 4c]
*** PRE-FLOP *** 
coffeex folds
SacradoKaya raises 400 to 800
ChavalBrutal calls 800
kryys51 calls 800
P1xel7 folds
ObeurNoir calls 800
Seuze folds
Pioness_ folds
*** FLOP *** [9h 8s As]
SacradoKaya bets 2100
ChavalBrutal folds
kryys51 calls 2100
ObeurNoir calls 2100
*** TURN *** [9h 8s As][4h]
SacradoKaya bets 9086 and is all-in
kryys51 folds
ObeurNoir folds
SacradoKaya collected 19586 from pot
*** SUMMARY ***
Total pot 19586 | No rake
Board: [9h 8s As 4h]
Seat 1: SacradoKaya won 19586


Winamax Poker - Tournament "SPARTACUS" buyIn: 1.80€ + 0.20€ level: 5 - HandId: #3200323025811537999-28-1708111246 - Holdem no limit (50/200/400) - 2024/02/16 19:20:46 UTC
Table: 'SPARTACUS(745133270)#0078' 8-max (real money) Seat #6 is the button
Seat 1: SacradoKaya (19586, 0.90€ bounty)
Seat 2: ChavalBrutal (12004, 0.90€ bounty)
Seat 3: kryys51 (95263, 2.70€ bounty)
Seat 4: P1xel7 (19950, 0.90€ bounty)
Seat 5: ObeurNoir (15626, 0.90€ bounty)
Seat 6: Seuze (22502, 0.90€ bounty)
Seat 7: Pioness_ (19350, 0.90€ bounty)
Seat 8: coffeex (34171, 1.35€ bounty)
*** ANTE/BLINDS ***
Pioness_ posts ante 50
coffeex posts ante 50
SacradoKaya posts ante 50
ChavalBrutal posts ante 50
kryys51 posts ante 50
P1xel7 posts ante 50
ObeurNoir posts ante 50
Seuze posts ante 50
Pioness_ posts small blind 200
coffeex posts big blind 400
Dealt to P1xel7 [Ad Qc]
*** PRE-FLOP *** 
SacradoKaya folds
ChavalBrutal folds
kryys51 folds
P1xel7 raises 600 to 1000
ObeurNoir calls 1000
Seuze folds
Pioness_ folds
coffeex calls 600
*** FLOP *** [Td 4d 9d]
coffeex checks
P1xel7 checks
ObeurNoir checks
*** TURN *** [Td 4d 9d][Tc]
coffeex checks
P1xel7 checks
ObeurNoir checks
*** RIVER *** [Td 4d 9d Tc][6h]
coffeex bets 3600
P1xel7 folds
ObeurNoir folds
coffeex collected 7200 from pot
*** SUMMARY ***
Total pot 7200 | No rake
Board: [Td 4d 9d Tc 6h]
Seat 8: coffeex (big blind) won 7200


Winamax Poker - Tournament "SPARTACUS" buyIn: 1.80€ + 0.20€ level: 6 - HandId: #3200323025811537999-29-1708111331 - Holdem no limit (60/250/500) - 2024/02/16 19:22:11 UTC
Table: 'SPARTACUS(745133270)#0078' 8-max (real money) Seat #7 is the button
Seat 1: SacradoKaya (19536, 0.90€ bounty)
Seat 2: ChavalBrutal (11954, 0.90€ bounty)
Seat 3: kryys51 (95213, 2.70€ bounty)
Seat 4: P1xel7 (18900, 0.90€ bounty)
Seat 5: ObeurNoir (14576, 0.90€ bounty)
Seat 6: Seuze (22452, 0.90€ bounty)
Seat 7: Pioness_ (19100, 0.90€ bounty)
Seat 8: coffeex (36721, 1.35€ bounty)
*** ANTE/BLINDS ***
coffeex posts ante 60
SacradoKaya posts ante 60
ChavalBrutal posts ante 60
kryys51 posts ante 60
P1xel7 posts ante 60
ObeurNoir posts ante 60
Seuze posts ante 60
Pioness_ posts ante 60
coffeex posts small blind 250
SacradoKaya posts big blind 500
Dealt to P1xel7 [Jc 2d]
*** PRE-FLOP *** 
ChavalBrutal folds
kryys51 folds
P1xel7 folds
ObeurNoir raises 1000 to 1500
Seuze folds
Pioness_ folds
coffeex calls 1250
SacradoKaya calls 1000
*** FLOP *** [2h 4c 8h]
coffeex checks
SacradoKaya checks
ObeurNoir bets 13016 and is all-in
coffeex folds
SacradoKaya folds
ObeurNoir collected 17996 from pot
*** SUMMARY ***
Total pot 17996 | No rake
Board: [2h 4c 8h]
Seat 5: ObeurNoir won 17996


Winamax Poker - Tournament "SPARTACUS" buyIn: 1.80€ + 0.20€ level: 6 - HandId: #3200323025811537999-30-1708111382 - Holdem no limit (60/250/500) - 2024/02/16 19:23:02 UTC
Table: 'SPARTACUS(745133270)#0078' 8-max (real money) Seat #8 is the button
Seat 1: SacradoKaya (17976, 0.90€ bounty)
Seat 2: ChavalBrutal (11894, 0.90€ bounty)
Seat 3: kryys51 (95153, 2.70€ bounty)
Seat 4: P1xel7 (18840, 0.90€ bounty)
Seat 5: ObeurNoir (17996, 0.90€ bounty)
Seat 6: Seuze (22392, 0.90€ bounty)
Seat 7: Pioness_ (19040, 0.90€ bounty)
Seat 8: coffeex (35161, 1.35€ bounty)
*** ANTE/BLINDS ***
SacradoKaya posts ante 60
ChavalBrutal posts ante 60
kryys51 posts ante 60
P1xel7 posts ante 60
ObeurNoir posts ante 60
Seuze posts ante 60
Pioness_ posts ante 60
coffeex posts ante 60
SacradoKaya posts small blind 250
ChavalBrutal posts big blind 500
Dealt to P1xel7 [Kd Ks]
*** PRE-FLOP *** 
kryys51 folds
P1xel7 raises 600 to 1100
ObeurNoir folds
Seuze folds
Pioness_ folds
coffeex folds
SacradoKaya folds
ChavalBrutal folds
P1xel7 collected 2330 from pot
*** SUMMARY ***
Total pot 2330 | No rake
Seat 4: P1xel7 won 2330


Winamax Poker - Tournament "SPARTACUS" buyIn: 1.80€ + 0.20€ level: 6 - HandId: #3200323025811537999-31-1708111404 - Holdem no limit (60/250/500) - 2024/02/16 19:23:24 UTC
Table: 'SPARTACUS(745133270)#0078' 8-max (real money) Seat #1 is the button
Seat 1: SacradoKaya (17666, 0.90€ bounty)
Seat 2: ChavalBrutal (11334, 0.90€ bounty)
Seat 3: kryys51 (95093, 2.70€ bounty)
Seat 4: P1xel7 (20010, 0.90€ bounty)
Seat 5: ObeurNoir (17936, 0.90€ bounty)
Seat 6: Seuze (22332, 0.90€ bounty)
Seat 7: Pioness_ (18980, 0.90€ bounty)
Seat 8: coffeex (35101, 1.35€ bounty)
*** ANTE/BLINDS ***
ChavalBrutal posts ante 60
kryys51 posts ante 60
SacradoKaya posts ante 60
P1xel7 posts ante 60
ObeurNoir posts ante 60
Seuze posts ante 60
Pioness_ posts ante 60
coffeex posts ante 60
ChavalBrutal posts small blind 250
kryys51 posts big blind 500
Dealt to P1xel7 [6d 5s]
*** PRE-FLOP *** 
P1xel7 folds
ObeurNoir calls 500
Seuze folds
Pioness_ folds
coffeex folds
SacradoKaya folds
ChavalBrutal calls 250
kryys51 checks
*** FLOP *** [8d 3c Kc]
ChavalBrutal checks
kryys51 checks
ObeurNoir checks
*** TURN *** [8d 3c Kc][Ac]
ChavalBrutal checks
kryys51 checks
ObeurNoir checks
*** RIVER *** [8d 3c Kc Ac][9s]
ChavalBrutal bets 1584
kryys51 folds
ObeurNoir folds
ChavalBrutal collected 3564 from pot
*** SUMMARY ***
Total pot 3564 | No rake
Board: [8d 3c Kc Ac 9s]
Seat 2: ChavalBrutal (small blind) won 3564


Winamax Poker - Tournament "SPARTACUS" buyIn: 1.80€ + 0.20€ level: 6 - HandId: #3200323025811537999-32-1708111498 - Holdem no limit (60/250/500) - 2024/02/16 19:24:58 UTC
Table: 'SPARTACUS(745133270)#0078' 8-max (real money) Seat #2 is the button
Seat 1: SacradoKaya (17606, 0.90€ bounty)
Seat 2: ChavalBrutal (12754, 0.90€ bounty)
Seat 3: kryys51 (94533, 2.70€ bounty)
Seat 4: P1xel7 (19950, 0.90€ bounty)
Seat 5: ObeurNoir (17376, 0.90€ bounty)
Seat 6: Seuze (22272, 0.90€ bounty)
Seat 7: Pioness_ (18920, 0.90€ bounty)
Seat 8: coffeex (35041, 1.35€ bounty)
*** ANTE/BLINDS ***
kryys51 posts ante 60
P1xel7 posts ante 60
SacradoKaya posts ante 60
ChavalBrutal posts ante 60
ObeurNoir posts ante 60
Seuze posts ante 60
Pioness_ posts ante 60
coffeex posts ante 60
kryys51 posts small blind 250
P1xel7 posts big blind 500
Dealt to P1xel7 [2s Kc]
*** PRE-FLOP *** 
ObeurNoir raises 1000 to 1500
Seuze folds
Pioness_ folds
coffeex folds
SacradoKaya folds
ChavalBrutal folds
kryys51 calls 1250
P1xel7 folds
*** FLOP *** [Js 8c Jh]
kryys51 checks
ObeurNoir checks
*** TURN *** [Js 8c Jh][Td]
kryys51 checks
ObeurNoir bets 2250
kryys51 folds
ObeurNoir collected 6230 from pot
*** SUMMARY ***
Total pot 6230 | No rake
Board: [Js 8c Jh Td]
Seat 5: ObeurNoir won 6230


Winamax Poker - Tournament "SPARTACUS" buyIn: 1.80€ + 0.20€ level: 6 - HandId: #3200323025811537999-33-1708111553 - Holdem no limit (60/250/500) - 2024/02/16 19:25:53 UTC
Table: 'SPARTACUS(745133270)#0078' 8-max (real money) Seat #3 is the button
Seat 1: SacradoKaya (17546, 0.90€ bounty)
Seat 2: ChavalBrutal (12694, 0.90€ bounty)
Seat 3: kryys51 (92973, 2.70€ bounty)
Seat 4: P1xel7 (19390, 0.90€ bounty)
Seat 5: ObeurNoir (19796, 0.90€ bounty)
Seat 6: Seuze (22212, 0.90€ bounty)
Seat 7: Pioness_ (18860, 0.90€ bounty)
Seat 8: coffeex (34981, 1.35€ bounty)
*** ANTE/BLINDS ***
P1xel7 posts ante 60
ObeurNoir posts ante 60
SacradoKaya posts ante 60
ChavalBrutal posts ante 60
kryys51 posts ante 60
Seuze posts ante 60
Pioness_ posts ante 60
coffeex posts ante 60
P1xel7 posts small blind 250
ObeurNoir posts big blind 500
Dealt to P1xel7 [Qd 5h]
*** PRE-FLOP *** 
Seuze folds
Pioness_ folds
coffeex raises 1000 to 1500
SacradoKaya folds
ChavalBrutal folds
kryys51 folds
P1xel7 folds
ObeurNoir folds
coffeex collected 2730 from pot
*** SUMMARY ***
Total pot 2730 | No rake
Seat 8: coffeex won 2730


Winamax Poker - Tournament "SPARTACUS" buyIn: 1.80€ + 0.20€ level: 7 - HandId: #3200323025811537999-34-1708111574 - Holdem no limit (70/300/600) - 2024/02/16 19:26:14 UTC
Table: 'SPARTACUS(745133270)#0078' 8-max (real money) Seat #4 is the button
Seat 1: SacradoKaya (17486, 0.90€ bounty)
Seat 2: ChavalBrutal (12634, 0.90€ bounty)
Seat 3: kryys51 (92913, 2.70€ bounty)
Seat 4: P1xel7 (19080, 0.90€ bounty)
Seat 5: ObeurNoir (19236, 0.90€ bounty)
Seat 6: Seuze (22152, 0.90€ bounty)
Seat 8: coffeex (36151, 1.35€ bounty)
*** ANTE/BLINDS ***
ObeurNoir posts ante 70
Seuze posts ante 70
SacradoKaya posts ante 70
ChavalBrutal posts ante 70
kryys51 posts ante 70
P1xel7 posts ante 70
coffeex posts ante 70
ObeurNoir posts small blind 300
Seuze posts big blind 600
Dealt to P1xel7 [4s Ts]
*** PRE-FLOP *** 
coffeex folds
SacradoKaya folds
ChavalBrutal folds
kryys51 folds
P1xel7 folds
ObeurNoir raises 1200 to 1800
Seuze folds
ObeurNoir collected 2890 from pot
*** SUMMARY ***
Total pot 2890 | No rake
Seat 5: ObeurNoir (small blind) won 2890


Winamax Poker - Tournament "SPARTACUS" buyIn: 1.80€ + 0.20€ level: 7 - HandId: #3200323025811537999-35-1708111603 - Holdem no limit (70/300/600) - 2024/02/16 19:26:43 UTC
Table: 'SPARTACUS(745133270)#0078' 8-max (real money) Seat #5 is the button
Seat 1: SacradoKaya (17416, 0.90€ bounty)
Seat 2: ChavalBrutal (12564, 0.90€ bounty)
Seat 3: kryys51 (92843, 2.70€ bounty)
Seat 4: P1xel7 (19010, 0.90€ bounty)
Seat 5: ObeurNoir (20256, 0.90€ bounty)
Seat 6: Seuze (21482, 0.90€ bounty)
Seat 8: coffeex (36081, 1.35€ bounty)
*** ANTE/BLINDS ***
Seuze posts ante 70
coffeex posts ante 70
SacradoKaya posts ante 70
ChavalBrutal posts ante 70
kryys51 posts ante 70
P1xel7 posts ante 70
ObeurNoir posts ante 70
Seuze posts small blind 300
coffeex posts big blind 600
Dealt to P1xel7 [2c Kh]
*** PRE-FLOP *** 
SacradoKaya folds
ChavalBrutal folds
kryys51 calls 600
P1xel7 folds
ObeurNoir calls 600
Seuze raises 4390 to 4990
coffeex folds
kryys51 calls 4390
ObeurNoir folds
*** FLOP *** [As Td 2h]
Seuze bets 4085
kryys51 folds
Seuze collected 15755 from pot
*** SUMMARY ***
Total pot 15755 | No rake
Board: [As Td 2h]
Seat 6: Seuze (small blind) won 15755


Winamax Poker - Tournament "SPARTACUS" buyIn: 1.80€ + 0.20€ level: 7 - HandId: #3200323025811537999-36-1708111653 - Holdem no limit (70/300/600) - 2024/02/16 19:27:33 UTC
Table: 'SPARTACUS(745133270)#0078' 8-max (real money) Seat #6 is the button
Seat 1: SacradoKaya (17346, 0.90€ bounty)
Seat 2: ChavalBrutal (12494, 0.90€ bounty)
Seat 3: kryys51 (87783, 2.70€ bounty)
Seat 4: P1xel7 (18940, 0.90€ bounty)
Seat 5: ObeurNoir (19586, 0.90€ bounty)
Seat 6: Seuze (28092, 0.90€ bounty)
Seat 7: el-gringo69 (20000, 0.90€ bounty)
Seat 8: coffeex (35411, 1.35€ bounty)
*** ANTE/BLINDS ***
coffeex posts ante 70
SacradoKaya posts ante 70
ChavalBrutal posts ante 70
kryys51 posts ante 70
P1xel7 posts ante 70
ObeurNoir posts ante 70
Seuze posts ante 70
coffeex posts small blind 300
SacradoKaya posts big blind 600
Dealt to P1xel7 [7d Jh]
*** PRE-FLOP *** 
ChavalBrutal folds
kryys51 folds
P1xel7 folds
ObeurNoir raises 720 to 1320
Seuze folds
coffeex calls 1020
SacradoKaya folds
*** FLOP *** [5s 7c 8d]
coffeex checks
ObeurNoir checks
*** TURN *** [5s 7c 8d][Td]
coffeex checks
ObeurNoir bets 1865
coffeex folds
ObeurNoir collected 5595 from pot
*** SUMMARY ***
Total pot 5595 | No rake
Board: [5s 7c 8d Td]
Seat 5: ObeurNoir won 5595


Winamax Poker - Tournament "SPARTACUS" buyIn: 1.80€ + 0.20€ level: 7 - HandId: #3200323025811537999-37-1708111688 - Holdem no limit (70/300/600) - 2024/02/16 19:28:08 UTC
Table: 'SPARTACUS(745133270)#0078' 8-max (real money) Seat #8 is the button
Seat 1: SacradoKaya (16676, 0.90€ bounty)
Seat 2: ChavalBrutal (12424, 0.90€ bounty)
Seat 3: kryys51 (87713, 2.70€ bounty)
Seat 4: P1xel7 (18870, 0.90€ bounty)
Seat 5: ObeurNoir (21926, 0.90€ bounty)
Seat 6: Seuze (28022, 0.90€ bounty)
Seat 7: el-gringo69 (20000, 0.90€ bounty)
Seat 8: coffeex (34021, 1.35€ bounty)
*** ANTE/BLINDS ***
SacradoKaya posts ante 70
ChavalBrutal posts ante 70
kryys51 posts ante 70
P1xel7 posts ante 70
ObeurNoir posts ante 70
Seuze posts ante 70
el-gringo69 posts ante 70
coffeex posts ante 70
SacradoKaya posts small blind 300
ChavalBrutal posts big blind 600
Dealt to P1xel7 [5h Ts]
*** PRE-FLOP *** 
kryys51 folds
P1xel7 folds
ObeurNoir folds
Seuze folds
el-gringo69 raises 600 to 1200
coffeex calls 1200
SacradoKaya calls 900
ChavalBrutal raises 11154 to 12354 and is all-in
el-gringo69 folds
coffeex raises 21597 to 33951 and is all-in
SacradoKaya folds
*** FLOP *** [9d 4h 8c]
*** TURN *** [9d 4h 8c][Jh]
*** RIVER *** [9d 4h 8c Jh][9s]
*** SHOW DOWN ***
ChavalBrutal shows [Ad Ks] (One pair : 9)
coffeex shows [Ah 7h] (One pair : 9)
coffeex collected 21597 from side pot 1
ChavalBrutal collected 27668 from main pot
*** SUMMARY ***
Total pot 49265 | No rake
Board: [9d 4h 8c Jh 9s]
Seat 2: ChavalBrutal (big blind) showed [Ad Ks] and won 27668 with One pair : 9
Seat 8: coffeex (button) showed [Ah 7h] and won 21597 with One pair : 9


Winamax Poker - Tournament "SPARTACUS" buyIn: 1.80€ + 0.20€ level: 7 - HandId: #3200323025811537999-38-1708111740 - Holdem no limit (70/300/600) - 2024/02/16 19:29:00 UTC
Table: 'SPARTACUS(745133270)#0078' 8-max (real money) Seat #1 is the button
Seat 1: SacradoKaya (15406, 0.90€ bounty)
Seat 2: ChavalBrutal (27668, 0.90€ bounty)
Seat 3: kryys51 (87643, 2.70€ bounty)
Seat 4: P1xel7 (18800, 0.90€ bounty)
Seat 5: ObeurNoir (21856, 0.90€ bounty)
Seat 6: Seuze (27952, 0.90€ bounty)
Seat 7: el-gringo69 (18730, 0.90€ bounty)
Seat 8: coffeex (21597, 1.35€ bounty)
*** ANTE/BLINDS ***
ChavalBrutal posts ante 70
kryys51 posts ante 70
SacradoKaya posts ante 70
P1xel7 posts ante 70
ObeurNoir posts ante 70
Seuze posts ante 70
el-gringo69 posts ante 70
coffeex posts ante 70
ChavalBrutal posts small blind 300
kryys51 posts big blind 600
Dealt to P1xel7 [8s Ad]
*** PRE-FLOP *** 
P1xel7 folds
ObeurNoir folds
Seuze folds
el-gringo69 folds
coffeex folds
SacradoKaya folds
ChavalBrutal folds
kryys51 collected 1460 from pot
*** SUMMARY ***
Total pot 1460 | No rake
Seat 3: kryys51 (big blind) won 1460


Winamax Poker - Tournament "SPARTACUS" buyIn: 1.80€ + 0.20€ level: 7 - HandId: #3200323025811537999-39-1708111772 - Holdem no limit (70/300/600) - 2024/02/16 19:29:32 UTC
Table: 'SPARTACUS(745133270)#0078' 8-max (real money) Seat #2 is the button
Seat 1: SacradoKaya (15336, 0.90€ bounty)
Seat 2: ChavalBrutal (27298, 0.90€ bounty)
Seat 3: kryys51 (88433, 2.70€ bounty)
Seat 4: P1xel7 (18730, 0.90€ bounty)
Seat 5: ObeurNoir (21786, 0.90€ bounty)
Seat 6: Seuze (27882, 0.90€ bounty)
Seat 7: el-gringo69 (18660, 0.90€ bounty)
Seat 8: coffeex (21527, 1.35€ bounty)
*** ANTE/BLINDS ***
kryys51 posts ante 70
P1xel7 posts ante 70
SacradoKaya posts ante 70
ChavalBrutal posts ante 70
ObeurNoir posts ante 70
Seuze posts ante 70
el-gringo69 posts ante 70
coffeex posts ante 70
kryys51 posts small blind 300
P1xel7 posts big blind 600
Dealt to P1xel7 [6d Kc]
*** PRE-FLOP *** 
ObeurNoir folds
Seuze folds
el-gringo69 folds
coffeex folds
SacradoKaya folds
ChavalBrutal folds
kryys51 folds
P1xel7 collected 1460 from pot
*** SUMMARY ***
Total pot 1460 | No rake
Seat 4: P1xel7 (big blind) won 1460


Winamax Poker - Tournament "SPARTACUS" buyIn: 1.80€ + 0.20€ level: 7 - HandId: #3200323025811537999-40-1708111839 - Holdem no limit (70/300/600) - 2024/02/16 19:30:39 UTC
Table: 'SPARTACUS(745133270)#0078' 8-max (real money) Seat #3 is the button
Seat 1: SacradoKaya (15266, 0.90€ bounty)
Seat 2: ChavalBrutal (27228, 0.90€ bounty)
Seat 3: kryys51 (88063, 2.70€ bounty)
Seat 4: P1xel7 (19520, 0.90€ bounty)
Seat 5: ObeurNoir (21716, 0.90€ bounty)
Seat 6: Seuze (27812, 0.90€ bounty)
Seat 7: el-gringo69 (18590, 0.90€ bounty)
Seat 8: coffeex (21457, 1.35€ bounty)
*** ANTE/BLINDS ***
P1xel7 posts ante 70
ObeurNoir posts ante 70
SacradoKaya posts ante 70
ChavalBrutal posts ante 70
kryys51 posts ante 70
Seuze posts ante 70
el-gringo69 posts ante 70
coffeex posts ante 70
P1xel7 posts small blind 300
ObeurNoir posts big blind 600
Dealt to P1xel7 [6c 9h]
*** PRE-FLOP *** 
Seuze folds
el-gringo69 folds
coffeex folds
SacradoKaya raises 600 to 1200
ChavalBrutal folds
kryys51 folds
P1xel7 folds
ObeurNoir calls 600
*** FLOP *** [6d Jc Tc]
ObeurNoir checks
SacradoKaya bets 1630
ObeurNoir calls 1630
*** TURN *** [6d Jc Tc][7d]
ObeurNoir checks
SacradoKaya bets 3260
ObeurNoir raises 5440 to 8700
SacradoKaya folds
ObeurNoir collected 18480 from pot
*** SUMMARY ***
Total pot 18480 | No rake
Board: [6d Jc Tc 7d]
Seat 5: ObeurNoir (big blind) won 18480


Winamax Poker - Tournament "SPARTACUS" buyIn: 1.80€ + 0.20€ level: 8 - HandId: #3200323025811537999-41-1708111923 - Holdem no limit (80/350/700) - 2024/02/16 19:32:03 UTC
Table: 'SPARTACUS(745133270)#0078' 8-max (real money) Seat #4 is the button
Seat 1: SacradoKaya (9106, 0.90€ bounty)
Seat 2: ChavalBrutal (27158, 0.90€ bounty)
Seat 3: kryys51 (87993, 2.70€ bounty)
Seat 4: P1xel7 (19150, 0.90€ bounty)
Seat 5: ObeurNoir (28596, 0.90€ bounty)
Seat 6: Seuze (27742, 0.90€ bounty)
Seat 7: el-gringo69 (18520, 0.90€ bounty)
Seat 8: coffeex (21387, 1.35€ bounty)
*** ANTE/BLINDS ***
ObeurNoir posts ante 80
Seuze posts ante 80
SacradoKaya posts ante 80
ChavalBrutal posts ante 80
kryys51 posts ante 80
P1xel7 posts ante 80
el-gringo69 posts ante 80
coffeex posts ante 80
ObeurNoir posts small blind 350
Seuze posts big blind 700
Dealt to P1xel7 [Ad Ac]
*** PRE-FLOP *** 
el-gringo69 folds
coffeex raises 1050 to 1750
SacradoKaya raises 7276 to 9026 and is all-in
ChavalBrutal folds
kryys51 folds
P1xel7 calls 9026
ObeurNoir folds
Seuze folds
coffeex calls 7276
*** FLOP *** [Qh Jd 6d]
coffeex checks
P1xel7 bets 10044 and is all-in
coffeex calls 10044
*** TURN *** [Qh Jd 6d][Jh]
*** RIVER *** [Qh Jd 6d Jh][4c]
*** SHOW DOWN ***
coffeex shows [Qc Th] (Two pairs : Queens and Jacks)
SacradoKaya shows [Jc Js] (Quads of Jacks)
P1xel7 shows [Ad Ac] (Two pairs : Aces and Jacks)
P1xel7 collected 20088 from side pot 1
SacradoKaya collected 28768 from main pot
*** SUMMARY ***
Total pot 48856 | No rake
Board: [Qh Jd 6d Jh 4c]
Seat 1: SacradoKaya showed [Jc Js] and won 28768 with Quads of Jacks
Seat 4: P1xel7 (button) showed [Ad Ac] and won 20088 with Two pairs : Aces and Jacks
Seat 8: coffeex showed [Qc Th] and lost with Two pairs : Queens and Jacks


Winamax Poker - Tournament "SPARTACUS" buyIn: 1.80€ + 0.20€ level: 8 - HandId: #3200323025811537999-42-1708111989 - Holdem no limit (80/350/700) - 2024/02/16 19:33:09 UTC
Table: 'SPARTACUS(745133270)#0078' 8-max (real money) Seat #5 is the button
Seat 1: SacradoKaya (28768, 0.90€ bounty)
Seat 2: ChavalBrutal (27078, 0.90€ bounty)
Seat 3: kryys51 (87913, 2.70€ bounty)
Seat 4: P1xel7 (20088, 0.90€ bounty)
Seat 5: ObeurNoir (28166, 0.90€ bounty)
Seat 6: Seuze (26962, 0.90€ bounty)
Seat 7: el-gringo69 (18440, 0.90€ bounty)
Seat 8: coffeex (2237, 1.35€ bounty)
*** ANTE/BLINDS ***
Seuze posts ante 80
el-gringo69 posts ante 80
SacradoKaya posts ante 80
ChavalBrutal posts ante 80
kryys51 posts ante 80
P1xel7 posts ante 80
ObeurNoir posts ante 80
coffeex posts ante 80
Seuze posts small blind 350
el-gringo69 posts big blind 700
Dealt to P1xel7 [7h Qs]
*** PRE-FLOP *** 
coffeex folds
SacradoKaya folds
ChavalBrutal folds
kryys51 folds
P1xel7 folds
ObeurNoir raises 1050 to 1750
Seuze folds
el-gringo69 calls 1050
*** FLOP *** [3c Ad Jc]
el-gringo69 checks
ObeurNoir checks
*** TURN *** [3c Ad Jc][2c]
el-gringo69 checks
ObeurNoir checks
*** RIVER *** [3c Ad Jc 2c][2h]
el-gringo69 bets 1572
ObeurNoir folds
el-gringo69 collected 6062 from pot
*** SUMMARY ***
Total pot 6062 | No rake
Board: [3c Ad Jc 2c 2h]
Seat 7: el-gringo69 (big blind) won 6062


Winamax Poker - Tournament "SPARTACUS" buyIn: 1.80€ + 0.20€ level: 8 - HandId: #3200323025811537999-43-1708112031 - Holdem no limit (80/350/700) - 2024/02/16 19:33:51 UTC
Table: 'SPARTACUS(745133270)#0078' 8-max (real money) Seat #6 is the button
Seat 1: SacradoKaya (28688, 0.90€ bounty)
Seat 2: ChavalBrutal (26998, 0.90€ bounty)
Seat 3: kryys51 (87833, 2.70€ bounty)
Seat 4: P1xel7 (20008, 0.90€ bounty)
Seat 5: ObeurNoir (26336, 0.90€ bounty)
Seat 6: Seuze (26532, 0.90€ bounty)
Seat 7: el-gringo69 (21100, 0.90€ bounty)
Seat 8: coffeex (2157, 1.35€ bounty)
*** ANTE/BLINDS ***
el-gringo69 posts ante 80
coffeex posts ante 80
SacradoKaya posts ante 80
ChavalBrutal posts ante 80
kryys51 posts ante 80
P1xel7 posts ante 80
ObeurNoir posts ante 80
Seuze posts ante 80
el-gringo69 posts small blind 350
coffeex posts big blind 700
Dealt to P1xel7 [Ad 7c]
*** PRE-FLOP *** 
SacradoKaya folds
ChavalBrutal folds
kryys51 folds
P1xel7 folds
ObeurNoir folds
Seuze raises 700 to 1400
el-gringo69 folds
coffeex calls 700
*** FLOP *** [Ts Qs 8s]
coffeex checks
Seuze checks
*** TURN *** [Ts Qs 8s][9h]
coffeex checks
Seuze bets 1050
coffeex folds
Seuze collected 4840 from pot
*** SUMMARY ***
Total pot 4840 | No rake
Board: [Ts Qs 8s 9h]
Seat 6: Seuze (button) won 4840


Winamax Poker - Tournament "SPARTACUS" buyIn: 1.80€ + 0.20€ level: 8 - HandId: #3200323025811537999-44-1708112092 - Holdem no limit (80/350/700) - 2024/02/16 19:34:52 UTC
Table: 'SPARTACUS(745133270)#0078' 8-max (real money) Seat #7 is the button
Seat 1: SacradoKaya (28608, 0.90€ bounty)
Seat 2: ChavalBrutal (26918, 0.90€ bounty)
Seat 3: kryys51 (87753, 2.70€ bounty)
Seat 4: P1xel7 (19928, 0.90€ bounty)
Seat 5: ObeurNoir (26256, 0.90€ bounty)
Seat 6: Seuze (28842, 0.90€ bounty)
Seat 7: el-gringo69 (20670, 0.90€ bounty)
Seat 8: coffeex (677, 1.35€ bounty)
*** ANTE/BLINDS ***
coffeex posts ante 80
SacradoKaya posts ante 80
ChavalBrutal posts ante 80
kryys51 posts ante 80
P1xel7 posts ante 80
ObeurNoir posts ante 80
Seuze posts ante 80
el-gringo69 posts ante 80
coffeex posts small blind 350
SacradoKaya posts big blind 700
Dealt to P1xel7 [3h 6d]
*** PRE-FLOP *** 
ChavalBrutal folds
kryys51 folds
P1xel7 folds
ObeurNoir raises 2100 to 2800
Seuze calls 2800
el-gringo69 folds
coffeex calls 247 and is all-in
SacradoKaya folds
*** FLOP *** [Ts Ac 3d]
ObeurNoir checks
Seuze bets 2638
ObeurNoir calls 2638
*** TURN *** [Ts Ac 3d][6h]
ObeurNoir checks
Seuze bets 8328
ObeurNoir raises 12410 to 20738 and is all-in
Seuze folds
*** RIVER *** [Ts Ac 3d 6h][8d]
*** SHOW DOWN ***
coffeex shows [Kd 7d] (High card : Ace)
ObeurNoir shows [Td Tc] (Trips of Tens)
ObeurNoir collected 41879 from pot
*** SUMMARY ***
Total pot 41879 | No rake
Board: [Ts Ac 3d 6h 8d]
Seat 5: ObeurNoir showed [Td Tc] and won 41879 with Trips of Tens
Seat 8: coffeex (small blind) showed [Kd 7d] and lost with High card : Ace


Winamax Poker - Tournament "SPARTACUS" buyIn: 1.80€ + 0.20€ level: 9 - HandId: #3200323025811537999-45-1708112185 - Holdem no limit (100/400/800) - 2024/02/16 19:36:25 UTC
Table: 'SPARTACUS(745133270)#0078' 8-max (real money) Seat #8 is the button
Seat 1: SacradoKaya (27828, 0.90€ bounty)
Seat 2: ChavalBrutal (26838, 0.90€ bounty)
Seat 3: kryys51 (87673, 2.70€ bounty)
Seat 4: P1xel7 (19848, 0.90€ bounty)
Seat 5: ObeurNoir (41879, 1.57€ bounty)
Seat 6: Seuze (14996, 0.90€ bounty)
Seat 7: el-gringo69 (20590, 0.90€ bounty)
*** ANTE/BLINDS ***
SacradoKaya posts ante 100
ChavalBrutal posts ante 100
kryys51 posts ante 100
P1xel7 posts ante 100
ObeurNoir posts ante 100
Seuze posts ante 100
el-gringo69 posts ante 100
SacradoKaya posts small blind 400
ChavalBrutal posts big blind 800
Dealt to P1xel7 [4h As]
*** PRE-FLOP *** 
kryys51 folds
P1xel7 folds
ObeurNoir folds
Seuze raises 800 to 1600
el-gringo69 folds
SacradoKaya folds
ChavalBrutal calls 800
*** FLOP *** [6d Ad 6h]
ChavalBrutal checks
Seuze bets 1905
ChavalBrutal calls 1905
*** TURN *** [6d Ad 6h][Qh]
ChavalBrutal checks
Seuze bets 3239
ChavalBrutal calls 3239
*** RIVER *** [6d Ad 6h Qh][9d]
ChavalBrutal bets 19994 and is all-in
Seuze calls 8152 and is all-in
*** SHOW DOWN ***
Seuze shows [Jh Ah] (Two pairs : Aces and 6)
ChavalBrutal shows [2d Qd] (Flush Ace high)
ChavalBrutal collected 42734 from pot
*** SUMMARY ***
Total pot 42734 | No rake
Board: [6d Ad 6h Qh 9d]
Seat 2: ChavalBrutal (big blind) showed [2d Qd] and won 42734 with Flush Ace high
Seat 6: Seuze showed [Jh Ah] and lost with Two pairs : Aces and 6


Winamax Poker - Tournament "SPARTACUS" buyIn: 1.80€ + 0.20€ level: 9 - HandId: #3200323025811537999-46-1708112252 - Holdem no limit (100/400/800) - 2024/02/16 19:37:32 UTC
Table: 'SPARTACUS(745133270)#0078' 8-max (real money) Seat #1 is the button
Seat 1: SacradoKaya (27328, 0.90€ bounty)
Seat 2: ChavalBrutal (42734, 1.35€ bounty)
Seat 3: kryys51 (87573, 2.70€ bounty)
Seat 4: P1xel7 (19748, 0.90€ bounty)
Seat 5: ObeurNoir (41779, 1.57€ bounty)
Seat 7: el-gringo69 (20490, 0.90€ bounty)
*** ANTE/BLINDS ***
ChavalBrutal posts ante 100
kryys51 posts ante 100
SacradoKaya posts ante 100
P1xel7 posts ante 100
ObeurNoir posts ante 100
el-gringo69 posts ante 100
ChavalBrutal posts small blind 400
kryys51 posts big blind 800
Dealt to P1xel7 [Td Ks]
*** PRE-FLOP *** 
P1xel7 folds
ObeurNoir folds
el-gringo69 folds
SacradoKaya folds
ChavalBrutal raises 1600 to 2400
kryys51 folds
ChavalBrutal collected 3800 from pot
*** SUMMARY ***
Total pot 3800 | No rake
Seat 2: ChavalBrutal (small blind) won 3800


Winamax Poker - Tournament "SPARTACUS" buyIn: 1.80€ + 0.20€ level: 9 - HandId: #3200323025811537999-47-1708112282 - Holdem no limit (100/400/800) - 2024/02/16 19:38:02 UTC
Table: 'SPARTACUS(745133270)#0078' 8-max (real money) Seat #2 is the button
Seat 1: SacradoKaya (27228, 0.90€ bounty)
Seat 2: ChavalBrutal (44034, 1.35€ bounty)
Seat 3: kryys51 (86673, 2.70€ bounty)
Seat 4: P1xel7 (19648, 0.90€ bounty)
Seat 5: ObeurNoir (41679, 1.57€ bounty)
Seat 7: el-gringo69 (20390, 0.90€ bounty)
Seat 8: wptpoker (22122, 0.90€ bounty)
*** ANTE/BLINDS ***
kryys51 posts ante 100
P1xel7 posts ante 100
SacradoKaya posts ante 100
ChavalBrutal posts ante 100
ObeurNoir posts ante 100
el-gringo69 posts ante 100
wptpoker posts ante 100
kryys51 posts small blind 400
P1xel7 posts big blind 800
Dealt to P1xel7 [Th 5s]
*** PRE-FLOP *** 
ObeurNoir raises 1200 to 2000
el-gringo69 folds
wptpoker folds
SacradoKaya folds
ChavalBrutal folds
kryys51 folds
P1xel7 folds
ObeurNoir collected 3900 from pot
*** SUMMARY ***
Total pot 3900 | No rake
Seat 5: ObeurNoir won 3900


Winamax Poker - Tournament "SPARTACUS" buyIn: 1.80€ + 0.20€ level: 9 - HandId: #3200323025811537999-48-1708112313 - Holdem no limit (100/400/800) - 2024/02/16 19:38:33 UTC
Table: 'SPARTACUS(745133270)#0078' 8-max (real money) Seat #3 is the button
Seat 1: SacradoKaya (27128, 0.90€ bounty)
Seat 2: ChavalBrutal (43934, 1.35€ bounty)
Seat 3: kryys51 (86173, 2.70€ bounty)
Seat 4: P1xel7 (18748, 0.90€ bounty)
Seat 5: ObeurNoir (43479, 1.57€ bounty)
Seat 7: el-gringo69 (20290, 0.90€ bounty)
Seat 8: wptpoker (22022, 0.90€ bounty)
*** ANTE/BLINDS ***
P1xel7 posts ante 100
ObeurNoir posts ante 100
SacradoKaya posts ante 100
ChavalBrutal posts ante 100
kryys51 posts ante 100
el-gringo69 posts ante 100
wptpoker posts ante 100
P1xel7 posts small blind 400
ObeurNoir posts big blind 800
Dealt to P1xel7 [Kh 4s]
*** PRE-FLOP *** 
el-gringo69 folds
wptpoker folds
SacradoKaya folds
ChavalBrutal folds
kryys51 raises 800 to 1600
P1xel7 folds
ObeurNoir calls 800
*** FLOP *** [Ts 5h 4d]
ObeurNoir checks
kryys51 checks
*** TURN *** [Ts 5h 4d][6d]
ObeurNoir checks
kryys51 checks
*** RIVER *** [Ts 5h 4d 6d][8s]
ObeurNoir checks
kryys51 checks
*** SHOW DOWN ***
ObeurNoir shows [9c Qd] (High card : Queen)
kryys51 shows [Kc As] (High card : Ace)
kryys51 collected 4300 from pot
*** SUMMARY ***
Total pot 4300 | No rake
Board: [Ts 5h 4d 6d 8s]
Seat 3: kryys51 (button) showed [Kc As] and won 4300 with High card : Ace
Seat 5: ObeurNoir (big blind) showed [9c Qd] and lost with High card : Queen


Winamax Poker - Tournament "SPARTACUS" buyIn: 1.80€ + 0.20€ level: 9 - HandId: #3200323025811537999-49-1708112347 - Holdem no limit (100/400/800) - 2024/02/16 19:39:07 UTC
Table: 'SPARTACUS(745133270)#0078' 8-max (real money) Seat #4 is the button
Seat 1: SacradoKaya (27028, 0.90€ bounty)
Seat 2: ChavalBrutal (43834, 1.35€ bounty)
Seat 3: kryys51 (88773, 2.70€ bounty)
Seat 4: P1xel7 (18248, 0.90€ bounty)
Seat 5: ObeurNoir (41779, 1.57€ bounty)
Seat 7: el-gringo69 (20190, 0.90€ bounty)
Seat 8: wptpoker (21922, 0.90€ bounty)
*** ANTE/BLINDS ***
ObeurNoir posts ante 100
el-gringo69 posts ante 100
SacradoKaya posts ante 100
ChavalBrutal posts ante 100
kryys51 posts ante 100
P1xel7 posts ante 100
wptpoker posts ante 100
ObeurNoir posts small blind 400
el-gringo69 posts big blind 800
Dealt to P1xel7 [8h 7d]
*** PRE-FLOP *** 
wptpoker folds
SacradoKaya raises 800 to 1600
ChavalBrutal folds
kryys51 calls 1600
P1xel7 folds
ObeurNoir calls 1200
el-gringo69 calls 800
*** FLOP *** [Ac Qh 9d]
ObeurNoir checks
el-gringo69 checks
SacradoKaya checks
kryys51 checks
*** TURN *** [Ac Qh 9d][3c]
ObeurNoir checks
el-gringo69 checks
SacradoKaya checks
kryys51 checks
*** RIVER *** [Ac Qh 9d 3c][5h]
ObeurNoir checks
el-gringo69 checks
SacradoKaya checks
kryys51 checks
*** SHOW DOWN ***
SacradoKaya shows [Kd Tc] (High card : Ace)
ObeurNoir shows [7s Js] (High card : Ace)
el-gringo69 shows [Ks 6c] (High card : Ace)
kryys51 shows [Kc Jc] (High card : Ace)
kryys51 collected 7100 from pot
*** SUMMARY ***
Total pot 7100 | No rake
Board: [Ac Qh 9d 3c 5h]
Seat 1: SacradoKaya showed [Kd Tc] and lost with High card : Ace
Seat 3: kryys51 showed [Kc Jc] and won 7100 with High card : Ace
Seat 5: ObeurNoir (small blind) showed [7s Js] and lost with High card : Ace
Seat 7: el-gringo69 (big blind) showed [Ks 6c] and lost with High card : Ace


Winamax Poker - Tournament "SPARTACUS" buyIn: 1.80€ + 0.20€ level: 9 - HandId: #3200323025811537999-50-1708112420 - Holdem no limit (100/400/800) - 2024/02/16 19:40:20 UTC
Table: 'SPARTACUS(745133270)#0078' 8-max (real money) Seat #5 is the button
Seat 1: SacradoKaya (25328, 0.90€ bounty)
Seat 2: ChavalBrutal (43734, 1.35€ bounty)
Seat 3: kryys51 (94173, 2.70€ bounty)
Seat 4: P1xel7 (18148, 0.90€ bounty)
Seat 5: ObeurNoir (40079, 1.57€ bounty)
Seat 6: Monsieur X. (20000, 0.90€ bounty)
Seat 7: el-gringo69 (18490, 0.90€ bounty)
Seat 8: wptpoker (21822, 0.90€ bounty)
*** ANTE/BLINDS ***
el-gringo69 posts ante 100
wptpoker posts ante 100
SacradoKaya posts ante 100
ChavalBrutal posts ante 100
kryys51 posts ante 100
P1xel7 posts ante 100
ObeurNoir posts ante 100
el-gringo69 posts small blind 400
wptpoker posts big blind 800
Dealt to P1xel7 [Tc Kd]
*** PRE-FLOP *** 
SacradoKaya folds
ChavalBrutal folds
kryys51 calls 800
P1xel7 calls 800
ObeurNoir folds
el-gringo69 calls 400
wptpoker checks
*** FLOP *** [3s Jc Jh]
el-gringo69 checks
wptpoker checks
kryys51 checks
P1xel7 checks
*** TURN *** [3s Jc Jh][Ad]
el-gringo69 bets 1950
wptpoker folds
kryys51 folds
P1xel7 calls 1950
*** RIVER *** [3s Jc Jh Ad][6c]
el-gringo69 bets 6400
P1xel7 folds
el-gringo69 collected 14200 from pot
*** SUMMARY ***
Total pot 14200 | No rake
Board: [3s Jc Jh Ad 6c]
Seat 7: el-gringo69 (small blind) won 14200


Winamax Poker - Tournament "SPARTACUS" buyIn: 1.80€ + 0.20€ level: 10 - HandId: #3200323025811537999-51-1708112515 - Holdem no limit (120/500/1000) - 2024/02/16 19:41:55 UTC
Table: 'SPARTACUS(745133270)#0078' 8-max (real money) Seat #7 is the button
Seat 1: SacradoKaya (25228, 0.90€ bounty)
Seat 2: ChavalBrutal (43634, 1.35€ bounty)
Seat 3: kryys51 (93273, 2.70€ bounty)
Seat 4: P1xel7 (15298, 0.90€ bounty)
Seat 5: ObeurNoir (39979, 1.57€ bounty)
Seat 6: Monsieur X. (20000, 0.90€ bounty)
Seat 7: el-gringo69 (23440, 0.90€ bounty)
Seat 8: wptpoker (20922, 0.90€ bounty)
*** ANTE/BLINDS ***
wptpoker posts ante 120
SacradoKaya posts ante 120
ChavalBrutal posts ante 120
kryys51 posts ante 120
P1xel7 posts ante 120
ObeurNoir posts ante 120
Monsieur X. posts ante 120
el-gringo69 posts ante 120
wptpoker posts small blind 500
SacradoKaya posts big blind 1000
Dealt to P1xel7 [Jd 4s]
*** PRE-FLOP *** 
ChavalBrutal folds
kryys51 folds
P1xel7 folds
ObeurNoir folds
Monsieur X. folds
el-gringo69 folds
wptpoker folds
SacradoKaya collected 2460 from pot
*** SUMMARY ***
Total pot 2460 | No rake
Seat 1: SacradoKaya (big blind) won 2460


Winamax Poker - Tournament "SPARTACUS" buyIn: 1.80€ + 0.20€ level: 10 - HandId: #3200323025811537999-52-1708112547 - Holdem no limit (120/500/1000) - 2024/02/16 19:42:27 UTC
Table: 'SPARTACUS(745133270)#0078' 8-max (real money) Seat #8 is the button
Seat 1: SacradoKaya (26568, 0.90€ bounty)
Seat 2: ChavalBrutal (43514, 1.35€ bounty)
Seat 3: kryys51 (93153, 2.70€ bounty)
Seat 4: P1xel7 (15178, 0.90€ bounty)
Seat 5: ObeurNoir (39859, 1.57€ bounty)
Seat 6: Monsieur X. (19880, 0.90€ bounty)
Seat 7: el-gringo69 (23320, 0.90€ bounty)
Seat 8: wptpoker (20302, 0.90€ bounty)
*** ANTE/BLINDS ***
SacradoKaya posts ante 120
ChavalBrutal posts ante 120
kryys51 posts ante 120
P1xel7 posts ante 120
ObeurNoir posts ante 120
Monsieur X. posts ante 120
el-gringo69 posts ante 120
wptpoker posts ante 120
SacradoKaya posts small blind 500
ChavalBrutal posts big blind 1000
Dealt to P1xel7 [8c 3c]
*** PRE-FLOP *** 
kryys51 folds
P1xel7 folds
ObeurNoir folds
Monsieur X. folds
el-gringo69 folds
wptpoker raises 19182 to 20182 and is all-in
SacradoKaya folds
ChavalBrutal folds
wptpoker collected 22642 from pot
*** SUMMARY ***
Total pot 22642 | No rake
Seat 8: wptpoker (button) won 22642


Winamax Poker - Tournament "SPARTACUS" buyIn: 1.80€ + 0.20€ level: 10 - HandId: #3200323025811537999-53-1708112578 - Holdem no limit (120/500/1000) - 2024/02/16 19:42:58 UTC
Table: 'SPARTACUS(745133270)#0078' 8-max (real money) Seat #1 is the button
Seat 1: SacradoKaya (25948, 0.90€ bounty)
Seat 2: ChavalBrutal (42394, 1.35€ bounty)
Seat 3: kryys51 (93033, 2.70€ bounty)
Seat 4: P1xel7 (15058, 0.90€ bounty)
Seat 5: ObeurNoir (39739, 1.57€ bounty)
Seat 6: Monsieur X. (19760, 0.90€ bounty)
Seat 7: el-gringo69 (23200, 0.90€ bounty)
Seat 8: wptpoker (22642, 0.90€ bounty)
*** ANTE/BLINDS ***
ChavalBrutal posts ante 120
kryys51 posts ante 120
SacradoKaya posts ante 120
P1xel7 posts ante 120
ObeurNoir posts ante 120
Monsieur X. posts ante 120
el-gringo69 posts ante 120
wptpoker posts ante 120
ChavalBrutal posts small blind 500
kryys51 posts big blind 1000
Dealt to P1xel7 [Ks 5h]
*** PRE-FLOP *** 
P1xel7 folds
ObeurNoir folds
Monsieur X. folds
el-gringo69 folds
wptpoker folds
SacradoKaya folds
ChavalBrutal calls 500
kryys51 checks
*** FLOP *** [4s 5s Ad]
ChavalBrutal checks
kryys51 bets 4000
ChavalBrutal folds
kryys51 collected 6960 from pot
*** SUMMARY ***
Total pot 6960 | No rake
Board: [4s 5s Ad]
Seat 3: kryys51 (big blind) won 6960


Winamax Poker - Tournament "SPARTACUS" buyIn: 1.80€ + 0.20€ level: 10 - HandId: #3200323025811537999-54-1708112641 - Holdem no limit (120/500/1000) - 2024/02/16 19:44:01 UTC
Table: 'SPARTACUS(745133270)#0078' 8-max (real money) Seat #2 is the button
Seat 1: SacradoKaya (25828, 0.90€ bounty)
Seat 2: ChavalBrutal (41274, 1.35€ bounty)
Seat 3: kryys51 (94873, 2.70€ bounty)
Seat 4: P1xel7 (14938, 0.90€ bounty)
Seat 5: ObeurNoir (39619, 1.57€ bounty)
Seat 6: Monsieur X. (19640, 0.90€ bounty)
Seat 7: el-gringo69 (23080, 0.90€ bounty)
Seat 8: wptpoker (22522, 0.90€ bounty)
*** ANTE/BLINDS ***
kryys51 posts ante 120
P1xel7 posts ante 120
SacradoKaya posts ante 120
ChavalBrutal posts ante 120
ObeurNoir posts ante 120
Monsieur X. posts ante 120
el-gringo69 posts ante 120
wptpoker posts ante 120
kryys51 posts small blind 500
P1xel7 posts big blind 1000
Dealt to P1xel7 [5s 8s]
*** PRE-FLOP *** 
ObeurNoir raises 1500 to 2500
Monsieur X. folds
el-gringo69 folds
wptpoker folds
SacradoKaya folds
ChavalBrutal folds
kryys51 raises 2500 to 5000
P1xel7 folds
ObeurNoir calls 2500
*** FLOP *** [Ts 7c 8c]
kryys51 bets 10137
ObeurNoir folds
kryys51 collected 22097 from pot
*** SUMMARY ***
Total pot 22097 | No rake
Board: [Ts 7c 8c]
Seat 3: kryys51 (small blind) won 22097


Winamax Poker - Tournament "SPARTACUS" buyIn: 1.80€ + 0.20€ level: 10 - HandId: #3200323025811537999-55-1708112703 - Holdem no limit (120/500/1000) - 2024/02/16 19:45:03 UTC
Table: 'SPARTACUS(745133270)#0078' 8-max (real money) Seat #3 is the button
Seat 1: SacradoKaya (25708, 0.90€ bounty)
Seat 2: ChavalBrutal (41154, 1.35€ bounty)
Seat 3: kryys51 (101713, 2.70€ bounty)
Seat 4: P1xel7 (13818, 0.90€ bounty)
Seat 5: ObeurNoir (34499, 1.57€ bounty)
Seat 6: Monsieur X. (19520, 0.90€ bounty)
Seat 7: el-gringo69 (22960, 0.90€ bounty)
Seat 8: wptpoker (22402, 0.90€ bounty)
*** ANTE/BLINDS ***
P1xel7 posts ante 120
ObeurNoir posts ante 120
SacradoKaya posts ante 120
ChavalBrutal posts ante 120
kryys51 posts ante 120
Monsieur X. posts ante 120
el-gringo69 posts ante 120
wptpoker posts ante 120
P1xel7 posts small blind 500
ObeurNoir posts big blind 1000
Dealt to P1xel7 [8c 9d]
*** PRE-FLOP *** 
Monsieur X. folds
el-gringo69 folds
wptpoker folds
SacradoKaya folds
ChavalBrutal folds
kryys51 raises 1000 to 2000
P1xel7 folds
ObeurNoir calls 1000
*** FLOP *** [9h 5h Qc]
ObeurNoir checks
kryys51 checks
*** TURN *** [9h 5h Qc][4s]
ObeurNoir checks
kryys51 checks
*** RIVER *** [9h 5h Qc 4s][Jc]
ObeurNoir checks
kryys51 checks
*** SHOW DOWN ***
ObeurNoir shows [Kd 6s] (High card : King)
kryys51 shows [Ac 6c] (High card : Ace)
kryys51 collected 5460 from pot
*** SUMMARY ***
Total pot 5460 | No rake
Board: [9h 5h Qc 4s Jc]
Seat 3: kryys51 (button) showed [Ac 6c] and won 5460 with High card : Ace
Seat 5: ObeurNoir (big blind) showed [Kd 6s] and lost with High card : King


Winamax Poker - Tournament "SPARTACUS" buyIn: 1.80€ + 0.20€ level: 11 - HandId: #3200323025811537999-56-1708112780 - Holdem no limit (140/600/1200) - 2024/02/16 19:46:20 UTC
Table: 'SPARTACUS(745133270)#0078' 8-max (real money) Seat #4 is the button
Seat 1: SacradoKaya (25588, 0.90€ bounty)
Seat 2: ChavalBrutal (41034, 1.35€ bounty)
Seat 3: kryys51 (105053, 2.70€ bounty)
Seat 4: P1xel7 (13198, 0.90€ bounty)
Seat 5: ObeurNoir (32379, 1.57€ bounty)
Seat 6: Monsieur X. (19400, 0.90€ bounty)
Seat 7: el-gringo69 (22840, 0.90€ bounty)
Seat 8: wptpoker (22282, 0.90€ bounty)
*** ANTE/BLINDS ***
ObeurNoir posts ante 140
Monsieur X. posts ante 140
SacradoKaya posts ante 140
ChavalBrutal posts ante 140
kryys51 posts ante 140
P1xel7 posts ante 140
el-gringo69 posts ante 140
wptpoker posts ante 140
ObeurNoir posts small blind 600
Monsieur X. posts big blind 1200
Dealt to P1xel7 [Qs 9h]
*** PRE-FLOP *** 
el-gringo69 raises 1800 to 3000
wptpoker folds
SacradoKaya folds
ChavalBrutal folds
kryys51 calls 3000
P1xel7 folds
ObeurNoir folds
Monsieur X. calls 1800
*** FLOP *** [7c Jh 7s]
Monsieur X. checks
el-gringo69 checks
kryys51 bets 2400
Monsieur X. raises 13860 to 16260 and is all-in
el-gringo69 folds
kryys51 calls 13860
*** TURN *** [7c Jh 7s][Ah]
*** RIVER *** [7c Jh 7s Ah][Ac]
*** SHOW DOWN ***
kryys51 shows [9s 9d] (Two pairs : Aces and 9)
Monsieur X. shows [Jc 8c] (Two pairs : Aces and Jacks)
Monsieur X. collected 43240 from pot
*** SUMMARY ***
Total pot 43240 | No rake
Board: [7c Jh 7s Ah Ac]
Seat 3: kryys51 showed [9s 9d] and lost with Two pairs : Aces and 9
Seat 6: Monsieur X. (big blind) showed [Jc 8c] and won 43240 with Two pairs : Aces and Jacks


Winamax Poker - Tournament "SPARTACUS" buyIn: 1.80€ + 0.20€ level: 11 - HandId: #3200323025811537999-57-1708112866 - Holdem no limit (140/600/1200) - 2024/02/16 19:47:46 UTC
Table: 'SPARTACUS(745133270)#0078' 8-max (real money) Seat #5 is the button
Seat 1: SacradoKaya (25448, 0.90€ bounty)
Seat 2: ChavalBrutal (40894, 1.35€ bounty)
Seat 3: kryys51 (85653, 2.70€ bounty)
Seat 4: P1xel7 (13058, 0.90€ bounty)
Seat 5: ObeurNoir (31639, 1.57€ bounty)
Seat 6: Monsieur X. (43240, 0.90€ bounty)
Seat 7: el-gringo69 (19700, 0.90€ bounty)
Seat 8: wptpoker (22142, 0.90€ bounty)
*** ANTE/BLINDS ***
Monsieur X. posts ante 140
el-gringo69 posts ante 140
SacradoKaya posts ante 140
ChavalBrutal posts ante 140
kryys51 posts ante 140
P1xel7 posts ante 140
ObeurNoir posts ante 140
wptpoker posts ante 140
Monsieur X. posts small blind 600
el-gringo69 posts big blind 1200
Dealt to P1xel7 [8d Qh]
*** PRE-FLOP *** 
wptpoker folds
SacradoKaya folds
ChavalBrutal folds
kryys51 folds
P1xel7 folds
ObeurNoir raises 1800 to 3000
Monsieur X. folds
el-gringo69 calls 1800
*** FLOP *** [9c 5c Kh]
el-gringo69 checks
ObeurNoir bets 3600
el-gringo69 calls 3600
*** TURN *** [9c 5c Kh][Tc]
el-gringo69 checks
ObeurNoir bets 14920
el-gringo69 calls 12960 and is all-in
*** RIVER *** [9c 5c Kh Tc][4c]
*** SHOW DOWN ***
ObeurNoir shows [5h Ts] (Two pairs : Tens and 5)
el-gringo69 shows [Td 9h] (Two pairs : Tens and 9)
el-gringo69 collected 40840 from main pot
ObeurNoir collected 1960 from side pot 1
*** SUMMARY ***
Total pot 42800 | No rake
Board: [9c 5c Kh Tc 4c]
Seat 5: ObeurNoir (button) showed [5h Ts] and won 1960 with Two pairs : Tens and 5
Seat 7: el-gringo69 (big blind) showed [Td 9h] and won 40840 with Two pairs : Tens and 9


Winamax Poker - Tournament "SPARTACUS" buyIn: 1.80€ + 0.20€ level: 11 - HandId: #3200323025811537999-58-1708112925 - Holdem no limit (140/600/1200) - 2024/02/16 19:48:45 UTC
Table: 'SPARTACUS(745133270)#0078' 8-max (real money) Seat #6 is the button
Seat 1: SacradoKaya (25308, 0.90€ bounty)
Seat 2: ChavalBrutal (40754, 1.35€ bounty)
Seat 3: kryys51 (85513, 2.70€ bounty)
Seat 4: P1xel7 (12918, 0.90€ bounty)
Seat 5: ObeurNoir (11939, 1.57€ bounty)
Seat 6: Monsieur X. (42500, 0.90€ bounty)
Seat 7: el-gringo69 (40840, 0.90€ bounty)
Seat 8: wptpoker (22002, 0.90€ bounty)
*** ANTE/BLINDS ***
el-gringo69 posts ante 140
wptpoker posts ante 140
SacradoKaya posts ante 140
ChavalBrutal posts ante 140
kryys51 posts ante 140
P1xel7 posts ante 140
ObeurNoir posts ante 140
Monsieur X. posts ante 140
el-gringo69 posts small blind 600
wptpoker posts big blind 1200
Dealt to P1xel7 [2c 8s]
*** PRE-FLOP *** 
SacradoKaya folds
ChavalBrutal folds
kryys51 folds
P1xel7 folds
ObeurNoir raises 10599 to 11799 and is all-in
Monsieur X. folds
el-gringo69 folds
wptpoker folds
ObeurNoir collected 14719 from pot
*** SUMMARY ***
Total pot 14719 | No rake
Seat 5: ObeurNoir won 14719


Winamax Poker - Tournament "SPARTACUS" buyIn: 1.80€ + 0.20€ level: 11 - HandId: #3200323025811537999-59-1708112961 - Holdem no limit (140/600/1200) - 2024/02/16 19:49:21 UTC
Table: 'SPARTACUS(745133270)#0078' 8-max (real money) Seat #7 is the button
Seat 1: SacradoKaya (25168, 0.90€ bounty)
Seat 2: ChavalBrutal (40614, 1.35€ bounty)
Seat 3: kryys51 (85373, 2.70€ bounty)
Seat 4: P1xel7 (12778, 0.90€ bounty)
Seat 5: ObeurNoir (14719, 1.57€ bounty)
Seat 6: Monsieur X. (42360, 0.90€ bounty)
Seat 7: el-gringo69 (40100, 0.90€ bounty)
Seat 8: wptpoker (20662, 0.90€ bounty)
*** ANTE/BLINDS ***
wptpoker posts ante 140
SacradoKaya posts ante 140
ChavalBrutal posts ante 140
kryys51 posts ante 140
P1xel7 posts ante 140
ObeurNoir posts ante 140
Monsieur X. posts ante 140
el-gringo69 posts ante 140
wptpoker posts small blind 600
SacradoKaya posts big blind 1200
Dealt to P1xel7 [7c 7d]
*** PRE-FLOP *** 
ChavalBrutal folds
kryys51 folds
P1xel7 raises 11438 to 12638 and is all-in
ObeurNoir raises 1941 to 14579 and is all-in
Monsieur X. raises 27641 to 42220 and is all-in
el-gringo69 folds
wptpoker folds
SacradoKaya folds
*** FLOP *** [Tc 7h Qd]
*** TURN *** [Tc 7h Qd][9c]
*** RIVER *** [Tc 7h Qd 9c][As]
*** SHOW DOWN ***
ObeurNoir shows [Kh 9h] (One pair : 9)
P1xel7 shows [7c 7d] (Trips of 7)
Monsieur X. shows [Td Ac] (Two pairs : Aces and Tens)
Monsieur X. collected 31523 from side pot 1
P1xel7 collected 40834 from main pot
*** SUMMARY ***
Total pot 72357 | No rake
Board: [Tc 7h Qd 9c As]
Seat 4: P1xel7 showed [7c 7d] and won 40834 with Trips of 7
Seat 5: ObeurNoir showed [Kh 9h] and lost with One pair : 9
Seat 6: Monsieur X. showed [Td Ac] and won 31523 with Two pairs : Aces and Tens


Winamax Poker - Tournament "SPARTACUS" buyIn: 1.80€ + 0.20€ level: 11 - HandId: #3200323025811537999-60-1708113047 - Holdem no limit (140/600/1200) - 2024/02/16 19:50:47 UTC
Table: 'SPARTACUS(745133270)#0078' 8-max (real money) Seat #8 is the button
Seat 1: SacradoKaya (23828, 0.90€ bounty)
Seat 2: ChavalBrutal (40474, 1.35€ bounty)
Seat 3: kryys51 (85233, 2.70€ bounty)
Seat 4: P1xel7 (40834, 0.90€ bounty)
Seat 6: Monsieur X. (31523, 1.68€ bounty)
Seat 7: el-gringo69 (39960, 0.90€ bounty)
Seat 8: wptpoker (19922, 0.90€ bounty)
*** ANTE/BLINDS ***
SacradoKaya posts ante 140
ChavalBrutal posts ante 140
kryys51 posts ante 140
P1xel7 posts ante 140
Monsieur X. posts ante 140
el-gringo69 posts ante 140
wptpoker posts ante 140
SacradoKaya posts small blind 600
ChavalBrutal posts big blind 1200
Dealt to P1xel7 [Ts 4d]
*** PRE-FLOP *** 
kryys51 folds
P1xel7 folds
Monsieur X. folds
el-gringo69 folds
wptpoker raises 1320 to 2520
SacradoKaya folds
ChavalBrutal folds
wptpoker collected 5300 from pot
*** SUMMARY ***
Total pot 5300 | No rake
Seat 8: wptpoker (button) won 5300


Winamax Poker - Tournament "SPARTACUS" buyIn: 1.80€ + 0.20€ level: 12 - HandId: #3200323025811537999-61-1708113074 - Holdem no limit (160/700/1400) - 2024/02/16 19:51:14 UTC
Table: 'SPARTACUS(745133270)#0078' 8-max (real money) Seat #1 is the button
Seat 1: SacradoKaya (23088, 0.90€ bounty)
Seat 2: ChavalBrutal (39134, 1.35€ bounty)
Seat 3: kryys51 (85093, 2.70€ bounty)
Seat 4: P1xel7 (40694, 0.90€ bounty)
Seat 6: Monsieur X. (31383, 1.68€ bounty)
Seat 7: el-gringo69 (39820, 0.90€ bounty)
Seat 8: wptpoker (22562, 0.90€ bounty)
*** ANTE/BLINDS ***
ChavalBrutal posts ante 160
kryys51 posts ante 160
SacradoKaya posts ante 160
P1xel7 posts ante 160
Monsieur X. posts ante 160
el-gringo69 posts ante 160
wptpoker posts ante 160
ChavalBrutal posts small blind 700
kryys51 posts big blind 1400
Dealt to P1xel7 [9s 5h]
*** PRE-FLOP *** 
P1xel7 folds
Monsieur X. folds
el-gringo69 folds
wptpoker folds
SacradoKaya folds
ChavalBrutal folds
kryys51 collected 3220 from pot
*** SUMMARY ***
Total pot 3220 | No rake
Seat 3: kryys51 (big blind) won 3220


Winamax Poker - Tournament "SPARTACUS" buyIn: 1.80€ + 0.20€ level: 12 - HandId: #3200323025811537999-62-1708113105 - Holdem no limit (160/700/1400) - 2024/02/16 19:51:45 UTC
Table: 'SPARTACUS(745133270)#0078' 8-max (real money) Seat #2 is the button
Seat 1: SacradoKaya (22928, 0.90€ bounty)
Seat 2: ChavalBrutal (38274, 1.35€ bounty)
Seat 3: kryys51 (86753, 2.70€ bounty)
Seat 4: P1xel7 (40534, 0.90€ bounty)
Seat 6: Monsieur X. (31223, 1.68€ bounty)
Seat 7: el-gringo69 (39660, 0.90€ bounty)
Seat 8: wptpoker (22402, 0.90€ bounty)
*** ANTE/BLINDS ***
kryys51 posts ante 160
P1xel7 posts ante 160
SacradoKaya posts ante 160
ChavalBrutal posts ante 160
Monsieur X. posts ante 160
el-gringo69 posts ante 160
wptpoker posts ante 160
kryys51 posts small blind 700
P1xel7 posts big blind 1400
Dealt to P1xel7 [9d Kd]
*** PRE-FLOP *** 
Monsieur X. folds
el-gringo69 folds
wptpoker folds
SacradoKaya raises 1400 to 2800
ChavalBrutal folds
kryys51 folds
P1xel7 calls 1400
*** FLOP *** [7c 7s Td]
P1xel7 checks
SacradoKaya bets 3710
P1xel7 calls 3710
*** TURN *** [7c 7s Td][Js]
P1xel7 checks
SacradoKaya checks
*** RIVER *** [7c 7s Td Js][Kh]
P1xel7 bets 7420
SacradoKaya folds
P1xel7 collected 22260 from pot
*** SUMMARY ***
Total pot 22260 | No rake
Board: [7c 7s Td Js Kh]
Seat 4: P1xel7 (big blind) won 22260


Winamax Poker - Tournament "SPARTACUS" buyIn: 1.80€ + 0.20€ level: 12 - HandId: #3200323025811537999-63-1708113146 - Holdem no limit (160/700/1400) - 2024/02/16 19:52:26 UTC
Table: 'SPARTACUS(745133270)#0078' 8-max (real money) Seat #3 is the button
Seat 1: SacradoKaya (16258, 0.90€ bounty)
Seat 2: ChavalBrutal (38114, 1.35€ bounty)
Seat 3: kryys51 (85893, 2.70€ bounty)
Seat 4: P1xel7 (48704, 0.90€ bounty)
Seat 5: _SNOWFALL_ (25666, 0.90€ bounty)
Seat 6: Monsieur X. (31063, 1.68€ bounty)
Seat 7: el-gringo69 (39500, 0.90€ bounty)
Seat 8: wptpoker (22242, 0.90€ bounty)
*** ANTE/BLINDS ***
P1xel7 posts ante 160
_SNOWFALL_ posts ante 160
SacradoKaya posts ante 160
ChavalBrutal posts ante 160
kryys51 posts ante 160
Monsieur X. posts ante 160
el-gringo69 posts ante 160
wptpoker posts ante 160
P1xel7 posts small blind 700
_SNOWFALL_ posts big blind 1400
Dealt to P1xel7 [7s Jh]
*** PRE-FLOP *** 
Monsieur X. folds
el-gringo69 raises 1750 to 3150
wptpoker folds
SacradoKaya folds
ChavalBrutal folds
kryys51 folds
P1xel7 folds
_SNOWFALL_ folds
el-gringo69 collected 6530 from pot
*** SUMMARY ***
Total pot 6530 | No rake
Seat 7: el-gringo69 won 6530


Winamax Poker - Tournament "SPARTACUS" buyIn: 1.80€ + 0.20€ level: 12 - HandId: #3200323025811537999-64-1708113168 - Holdem no limit (160/700/1400) - 2024/02/16 19:52:48 UTC
Table: 'SPARTACUS(745133270)#0078' 8-max (real money) Seat #4 is the button
Seat 1: SacradoKaya (16098, 0.90€ bounty)
Seat 2: ChavalBrutal (37954, 1.35€ bounty)
Seat 3: kryys51 (85733, 2.70€ bounty)
Seat 4: P1xel7 (47844, 0.90€ bounty)
Seat 5: _SNOWFALL_ (24106, 0.90€ bounty)
Seat 6: Monsieur X. (30903, 1.68€ bounty)
Seat 7: el-gringo69 (42720, 0.90€ bounty)
Seat 8: wptpoker (22082, 0.90€ bounty)
*** ANTE/BLINDS ***
_SNOWFALL_ posts ante 160
Monsieur X. posts ante 160
SacradoKaya posts ante 160
ChavalBrutal posts ante 160
kryys51 posts ante 160
P1xel7 posts ante 160
el-gringo69 posts ante 160
wptpoker posts ante 160
_SNOWFALL_ posts small blind 700
Monsieur X. posts big blind 1400
Dealt to P1xel7 [5d Ad]
*** PRE-FLOP *** 
el-gringo69 folds
wptpoker folds
SacradoKaya folds
ChavalBrutal folds
kryys51 folds
P1xel7 raises 1400 to 2800
_SNOWFALL_ folds
Monsieur X. calls 1400
*** FLOP *** [8s 3s 7h]
Monsieur X. checks
P1xel7 checks
*** TURN *** [8s 3s 7h][4d]
Monsieur X. bets 4927
P1xel7 calls 4927
*** RIVER *** [8s 3s 7h 4d][4c]
Monsieur X. bets 23016 and is all-in
P1xel7 folds
Monsieur X. collected 40450 from pot
*** SUMMARY ***
Total pot 40450 | No rake
Board: [8s 3s 7h 4d 4c]
Seat 6: Monsieur X. (big blind) won 40450


Winamax Poker - Tournament "SPARTACUS" buyIn: 1.80€ + 0.20€ level: 12 - HandId: #3200323025811537957-67-1708113660 - Holdem no limit (160/700/1400) - 2024/02/16 20:01:00 UTC
Table: 'SPARTACUS(745133270)#0036' 8-max (real money) Seat #2 is the button
Seat 1: Bikout (55188, 2.47€ bounty)
Seat 2: ddrsin (23182, 1.35€ bounty)
Seat 3: R3iivAx (28148, 0.90€ bounty)
Seat 4: JoOkovitch (38632, 0.90€ bounty)
Seat 5: DRS93-4LIFE (78422, 0.90€ bounty)
Seat 6: -LinoOoo- (86274, 2.25€ bounty)
Seat 7: arrachtou (12801, 0.90€ bounty)
Seat 8: P1xel7 (39957, 0.90€ bounty)
*** ANTE/BLINDS ***
R3iivAx posts ante 160
JoOkovitch posts ante 160
Bikout posts ante 160
ddrsin posts ante 160
DRS93-4LIFE posts ante 160
-LinoOoo- posts ante 160
arrachtou posts ante 160
P1xel7 posts ante 160
R3iivAx posts small blind 700
JoOkovitch posts big blind 1400
Dealt to P1xel7 [7h Ks]
*** PRE-FLOP *** 
DRS93-4LIFE folds
-LinoOoo- folds
arrachtou folds
P1xel7 folds
Bikout folds
ddrsin raises 2100 to 3500
R3iivAx raises 24488 to 27988 and is all-in
JoOkovitch folds
ddrsin calls 19522 and is all-in
*** FLOP *** [8d 6c 6s]
*** TURN *** [8d 6c 6s][Ts]
*** RIVER *** [8d 6c 6s Ts][Kd]
*** SHOW DOWN ***
ddrsin shows [Qd As] (One pair : 6)
R3iivAx shows [9s 9d] (Two pairs : 9 and 6)
R3iivAx collected 53690 from pot
*** SUMMARY ***
Total pot 53690 | No rake
Board: [8d 6c 6s Ts Kd]
Seat 2: ddrsin (button) showed [Qd As] and lost with One pair : 6
Seat 3: R3iivAx (small blind) showed [9s 9d] and won 53690 with Two pairs : 9 and 6


Winamax Poker - Tournament "SPARTACUS" buyIn: 1.80€ + 0.20€ level: 12 - HandId: #3200323025811537957-68-1708113710 - Holdem no limit (160/700/1400) - 2024/02/16 20:01:50 UTC
Table: 'SPARTACUS(745133270)#0036' 8-max (real money) Seat #3 is the button
Seat 1: Bikout (55028, 2.47€ bounty)
Seat 3: R3iivAx (53690, 1.57€ bounty)
Seat 4: JoOkovitch (37072, 0.90€ bounty)
Seat 5: DRS93-4LIFE (78262, 0.90€ bounty)
Seat 6: -LinoOoo- (86114, 2.25€ bounty)
Seat 7: arrachtou (12641, 0.90€ bounty)
Seat 8: P1xel7 (39797, 0.90€ bounty)
*** ANTE/BLINDS ***
JoOkovitch posts ante 160
DRS93-4LIFE posts ante 160
Bikout posts ante 160
R3iivAx posts ante 160
-LinoOoo- posts ante 160
arrachtou posts ante 160
P1xel7 posts ante 160
JoOkovitch posts small blind 700
DRS93-4LIFE posts big blind 1400
Dealt to P1xel7 [4h 6s]
*** PRE-FLOP *** 
-LinoOoo- folds
arrachtou folds
P1xel7 folds
Bikout raises 1400 to 2800
R3iivAx calls 2800
JoOkovitch folds
DRS93-4LIFE calls 1400
*** FLOP *** [9h 8s 3c]
DRS93-4LIFE checks
Bikout bets 3475
R3iivAx calls 3475
DRS93-4LIFE folds
*** TURN *** [9h 8s 3c][8d]
Bikout checks
R3iivAx checks
*** RIVER *** [9h 8s 3c 8d][Ts]
Bikout bets 11200
R3iivAx folds
Bikout collected 28370 from pot
*** SUMMARY ***
Total pot 28370 | No rake
Board: [9h 8s 3c 8d Ts]
Seat 1: Bikout won 28370


Winamax Poker - Tournament "SPARTACUS" buyIn: 1.80€ + 0.20€ level: 13 - HandId: #3200323025811537957-69-1708113859 - Holdem no limit (200/800/1600) - 2024/02/16 20:04:19 UTC
Table: 'SPARTACUS(745133270)#0036' 8-max (real money) Seat #4 is the button
Seat 1: Bikout (65763, 2.47€ bounty)
Seat 2: kryys51 (82133, 2.70€ bounty)
Seat 3: R3iivAx (47255, 1.57€ bounty)
Seat 4: JoOkovitch (36212, 0.90€ bounty)
Seat 5: DRS93-4LIFE (75302, 0.90€ bounty)
Seat 6: -LinoOoo- (85954, 2.25€ bounty)
Seat 7: arrachtou (12481, 0.90€ bounty)
Seat 8: P1xel7 (39637, 0.90€ bounty)
*** ANTE/BLINDS ***
DRS93-4LIFE posts ante 200
-LinoOoo- posts ante 200
Bikout posts ante 200
kryys51 posts ante 200
R3iivAx posts ante 200
JoOkovitch posts ante 200
arrachtou posts ante 200
P1xel7 posts ante 200
DRS93-4LIFE posts small blind 800
-LinoOoo- posts big blind 1600
Dealt to P1xel7 [6s Qc]
*** PRE-FLOP *** 
arrachtou folds
P1xel7 folds
Bikout folds
kryys51 folds
R3iivAx raises 1792 to 3392
JoOkovitch folds
DRS93-4LIFE folds
-LinoOoo- folds
R3iivAx collected 7392 from pot
*** SUMMARY ***
Total pot 7392 | No rake
Seat 3: R3iivAx won 7392


Winamax Poker - Tournament "SPARTACUS" buyIn: 1.80€ + 0.20€ level: 13 - HandId: #3200323025811537957-70-1708113901 - Holdem no limit (200/800/1600) - 2024/02/16 20:05:01 UTC
Table: 'SPARTACUS(745133270)#0036' 8-max (real money) Seat #5 is the button
Seat 1: Bikout (65563, 2.47€ bounty)
Seat 2: kryys51 (81933, 2.70€ bounty)
Seat 3: R3iivAx (51055, 1.57€ bounty)
Seat 4: JoOkovitch (36012, 0.90€ bounty)
Seat 5: DRS93-4LIFE (74302, 0.90€ bounty)
Seat 6: -LinoOoo- (84154, 2.25€ bounty)
Seat 7: arrachtou (12281, 0.90€ bounty)
Seat 8: P1xel7 (39437, 0.90€ bounty)
*** ANTE/BLINDS ***
-LinoOoo- posts ante 200
arrachtou posts ante 200
Bikout posts ante 200
kryys51 posts ante 200
R3iivAx posts ante 200
JoOkovitch posts ante 200
DRS93-4LIFE posts ante 200
P1xel7 posts ante 200
-LinoOoo- posts small blind 800
arrachtou posts big blind 1600
Dealt to P1xel7 [2h 3d]
*** PRE-FLOP *** 
P1xel7 folds
Bikout folds
kryys51 folds
R3iivAx folds
JoOkovitch calls 1600
DRS93-4LIFE folds
-LinoOoo- calls 800
arrachtou raises 6400 to 8000
JoOkovitch raises 27812 to 35812 and is all-in
-LinoOoo- folds
arrachtou calls 4081 and is all-in
*** FLOP *** [Jd 3c 7h]
*** TURN *** [Jd 3c 7h][9h]
*** RIVER *** [Jd 3c 7h 9h][6h]
*** SHOW DOWN ***
JoOkovitch shows [Kh Ac] (High card : Ace)
arrachtou shows [Th Td] (One pair : Tens)
arrachtou collected 27362 from main pot
JoOkovitch collected 23731 from side pot 1
*** SUMMARY ***
Total pot 51093 | No rake
Board: [Jd 3c 7h 9h 6h]
Seat 4: JoOkovitch showed [Kh Ac] and won 23731 with High card : Ace
Seat 7: arrachtou (big blind) showed [Th Td] and won 27362 with One pair : Tens


Winamax Poker - Tournament "SPARTACUS" buyIn: 1.80€ + 0.20€ level: 13 - HandId: #3200323025811537957-71-1708113948 - Holdem no limit (200/800/1600) - 2024/02/16 20:05:48 UTC
Table: 'SPARTACUS(745133270)#0036' 8-max (real money) Seat #6 is the button
Seat 1: Bikout (65363, 2.47€ bounty)
Seat 2: kryys51 (81733, 2.70€ bounty)
Seat 3: R3iivAx (50855, 1.57€ bounty)
Seat 4: JoOkovitch (23731, 0.90€ bounty)
Seat 5: DRS93-4LIFE (74102, 0.90€ bounty)
Seat 6: -LinoOoo- (82354, 2.25€ bounty)
Seat 7: arrachtou (27362, 0.90€ bounty)
Seat 8: P1xel7 (39237, 0.90€ bounty)
*** ANTE/BLINDS ***
arrachtou posts ante 200
P1xel7 posts ante 200
Bikout posts ante 200
kryys51 posts ante 200
R3iivAx posts ante 200
JoOkovitch posts ante 200
DRS93-4LIFE posts ante 200
-LinoOoo- posts ante 200
arrachtou posts small blind 800
P1xel7 posts big blind 1600
Dealt to P1xel7 [8h 7s]
*** PRE-FLOP *** 
Bikout folds
kryys51 folds
R3iivAx raises 2000 to 3600
JoOkovitch folds
DRS93-4LIFE folds
-LinoOoo- folds
arrachtou raises 10400 to 14000
P1xel7 folds
R3iivAx folds
arrachtou collected 20800 from pot
*** SUMMARY ***
Total pot 20800 | No rake
Seat 7: arrachtou (small blind) won 20800


Winamax Poker - Tournament "SPARTACUS" buyIn: 1.80€ + 0.20€ level: 13 - HandId: #3200323025811537957-72-1708114003 - Holdem no limit (200/800/1600) - 2024/02/16 20:06:43 UTC
Table: 'SPARTACUS(745133270)#0036' 8-max (real money) Seat #7 is the button
Seat 1: Bikout (65163, 2.47€ bounty)
Seat 2: kryys51 (81533, 2.70€ bounty)
Seat 3: R3iivAx (47055, 1.57€ bounty)
Seat 4: JoOkovitch (23531, 0.90€ bounty)
Seat 5: DRS93-4LIFE (73902, 0.90€ bounty)
Seat 6: -LinoOoo- (82154, 2.25€ bounty)
Seat 7: arrachtou (33962, 0.90€ bounty)
Seat 8: P1xel7 (37437, 0.90€ bounty)
*** ANTE/BLINDS ***
P1xel7 posts ante 200
Bikout posts ante 200
kryys51 posts ante 200
R3iivAx posts ante 200
JoOkovitch posts ante 200
DRS93-4LIFE posts ante 200
-LinoOoo- posts ante 200
arrachtou posts ante 200
P1xel7 posts small blind 800
Bikout posts big blind 1600
Dealt to P1xel7 [9d Th]
*** PRE-FLOP *** 
kryys51 folds
R3iivAx raises 2000 to 3600
JoOkovitch folds
DRS93-4LIFE folds
-LinoOoo- folds
arrachtou folds
P1xel7 folds
Bikout calls 2000
*** FLOP *** [Tc 4c 3s]
Bikout checks
R3iivAx bets 5120
Bikout raises 6880 to 12000
R3iivAx calls 6880
*** TURN *** [Tc 4c 3s][Ks]
Bikout bets 8400
R3iivAx calls 8400
*** RIVER *** [Tc 4c 3s Ks][4s]
Bikout checks
R3iivAx bets 6718
Bikout calls 6718
*** SHOW DOWN ***
R3iivAx shows [Jh Jc] (Two pairs : Jacks and 4)
Bikout shows [Ac Ad] (Two pairs : Aces and 4)
Bikout collected 63836 from pot
*** SUMMARY ***
Total pot 63836 | No rake
Board: [Tc 4c 3s Ks 4s]
Seat 1: Bikout (big blind) showed [Ac Ad] and won 63836 with Two pairs : Aces and 4
Seat 3: R3iivAx showed [Jh Jc] and lost with Two pairs : Jacks and 4


Winamax Poker - Tournament "SPARTACUS" buyIn: 1.80€ + 0.20€ level: 14 - HandId: #3200323025811537957-73-1708114144 - Holdem no limit (250/1000/2000) - 2024/02/16 20:09:04 UTC
Table: 'SPARTACUS(745133270)#0036' 8-max (real money) Seat #8 is the button
Seat 1: Bikout (98081, 2.47€ bounty)
Seat 2: kryys51 (81333, 2.70€ bounty)
Seat 3: R3iivAx (16137, 1.57€ bounty)
Seat 4: JoOkovitch (23331, 0.90€ bounty)
Seat 5: DRS93-4LIFE (73702, 0.90€ bounty)
Seat 6: -LinoOoo- (81954, 2.25€ bounty)
Seat 7: arrachtou (33762, 0.90€ bounty)
Seat 8: P1xel7 (36437, 0.90€ bounty)
*** ANTE/BLINDS ***
Bikout posts ante 250
kryys51 posts ante 250
R3iivAx posts ante 250
JoOkovitch posts ante 250
DRS93-4LIFE posts ante 250
-LinoOoo- posts ante 250
arrachtou posts ante 250
P1xel7 posts ante 250
Bikout posts small blind 1000
kryys51 posts big blind 2000
Dealt to P1xel7 [5d Td]
*** PRE-FLOP *** 
R3iivAx folds
JoOkovitch calls 2000
DRS93-4LIFE folds
-LinoOoo- folds
arrachtou calls 2000
P1xel7 folds
Bikout raises 4000 to 6000
kryys51 calls 4000
JoOkovitch folds
arrachtou calls 4000
*** FLOP *** [Qd Ac 6s]
Bikout checks
kryys51 checks
arrachtou checks
*** TURN *** [Qd Ac 6s][2h]
Bikout checks
kryys51 checks
arrachtou bets 11000
Bikout calls 11000
kryys51 folds
*** RIVER *** [Qd Ac 6s 2h][Ts]
Bikout checks
arrachtou bets 16512 and is all-in
Bikout calls 16512
*** SHOW DOWN ***
arrachtou shows [4d 3d] (High card : Ace)
Bikout shows [Qc Qh] (Trips of Queens)
Bikout collected 77024 from pot
*** SUMMARY ***
Total pot 77024 | No rake
Board: [Qd Ac 6s 2h Ts]
Seat 1: Bikout (small blind) showed [Qc Qh] and won 77024 with Trips of Queens
Seat 7: arrachtou showed [4d 3d] and lost with High card : Ace


Winamax Poker - Tournament "SPARTACUS" buyIn: 1.80€ + 0.20€ level: 14 - HandId: #3200323025811537957-74-1708114247 - Holdem no limit (250/1000/2000) - 2024/02/16 20:10:47 UTC
Table: 'SPARTACUS(745133270)#0036' 8-max (real money) Seat #1 is the button
Seat 1: Bikout (141343, 2.92€ bounty)
Seat 2: kryys51 (75083, 2.70€ bounty)
Seat 3: R3iivAx (15887, 1.57€ bounty)
Seat 4: JoOkovitch (21081, 0.90€ bounty)
Seat 5: DRS93-4LIFE (73452, 0.90€ bounty)
Seat 6: -LinoOoo- (81704, 2.25€ bounty)
Seat 8: P1xel7 (36187, 0.90€ bounty)
*** ANTE/BLINDS ***
kryys51 posts ante 250
R3iivAx posts ante 250
Bikout posts ante 250
JoOkovitch posts ante 250
DRS93-4LIFE posts ante 250
-LinoOoo- posts ante 250
P1xel7 posts ante 250
kryys51 posts small blind 1000
R3iivAx posts big blind 2000
Dealt to P1xel7 [6h 5c]
*** PRE-FLOP *** 
JoOkovitch folds
DRS93-4LIFE folds
-LinoOoo- folds
P1xel7 folds
Bikout raises 2000 to 4000
kryys51 folds
R3iivAx folds
Bikout collected 8750 from pot
*** SUMMARY ***
Total pot 8750 | No rake
Seat 1: Bikout (button) won 8750


Winamax Poker - Tournament "SPARTACUS" buyIn: 1.80€ + 0.20€ level: 14 - HandId: #3200323025811537957-75-1708114283 - Holdem no limit (250/1000/2000) - 2024/02/16 20:11:23 UTC
Table: 'SPARTACUS(745133270)#0036' 8-max (real money) Seat #2 is the button
Seat 1: Bikout (145843, 2.92€ bounty)
Seat 2: kryys51 (73833, 2.70€ bounty)
Seat 3: R3iivAx (13637, 1.57€ bounty)
Seat 4: JoOkovitch (20831, 0.90€ bounty)
Seat 5: DRS93-4LIFE (73202, 0.90€ bounty)
Seat 6: -LinoOoo- (81454, 2.25€ bounty)
Seat 8: P1xel7 (35937, 0.90€ bounty)
*** ANTE/BLINDS ***
R3iivAx posts ante 250
JoOkovitch posts ante 250
Bikout posts ante 250
kryys51 posts ante 250
DRS93-4LIFE posts ante 250
-LinoOoo- posts ante 250
P1xel7 posts ante 250
R3iivAx posts small blind 1000
JoOkovitch posts big blind 2000
Dealt to P1xel7 [2s Ah]
*** PRE-FLOP *** 
DRS93-4LIFE folds
-LinoOoo- folds
P1xel7 raises 2400 to 4400
Bikout calls 4400
kryys51 calls 4400
R3iivAx folds
JoOkovitch folds
*** FLOP *** [6s 3h 2c]
P1xel7 bets 31287 and is all-in
Bikout folds
kryys51 folds
P1xel7 collected 49237 from pot
*** SUMMARY ***
Total pot 49237 | No rake
Board: [6s 3h 2c]
Seat 8: P1xel7 won 49237


Winamax Poker - Tournament "SPARTACUS" buyIn: 1.80€ + 0.20€ level: 15 - HandId: #3200323025811537957-76-1708114343 - Holdem no limit (300/1250/2500) - 2024/02/16 20:12:23 UTC
Table: 'SPARTACUS(745133270)#0036' 8-max (real money) Seat #3 is the button
Seat 1: Bikout (141193, 2.92€ bounty)
Seat 2: kryys51 (69183, 2.70€ bounty)
Seat 3: R3iivAx (12387, 1.57€ bounty)
Seat 4: JoOkovitch (18581, 0.90€ bounty)
Seat 5: DRS93-4LIFE (72952, 0.90€ bounty)
Seat 6: -LinoOoo- (81204, 2.25€ bounty)
Seat 8: P1xel7 (49237, 0.90€ bounty)
*** ANTE/BLINDS ***
JoOkovitch posts ante 300
DRS93-4LIFE posts ante 300
Bikout posts ante 300
kryys51 posts ante 300
R3iivAx posts ante 300
-LinoOoo- posts ante 300
P1xel7 posts ante 300
JoOkovitch posts small blind 1250
DRS93-4LIFE posts big blind 2500
Dealt to P1xel7 [4h 6s]
*** PRE-FLOP *** 
-LinoOoo- folds
P1xel7 folds
Bikout folds
kryys51 raises 5000 to 7500
R3iivAx folds
JoOkovitch folds
DRS93-4LIFE raises 15000 to 22500
kryys51 calls 15000
*** FLOP *** [3s Jd Qc]
DRS93-4LIFE checks
kryys51 checks
*** TURN *** [3s Jd Qc][Ac]
DRS93-4LIFE bets 50152 and is all-in
kryys51 calls 46383 and is all-in
*** RIVER *** [3s Jd Qc Ac][5h]
*** SHOW DOWN ***
kryys51 shows [Ad Kh] (One pair : Aces)
DRS93-4LIFE shows [Qh Qs] (Trips of Queens)
DRS93-4LIFE collected 144885 from pot
*** SUMMARY ***
Total pot 144885 | No rake
Board: [3s Jd Qc Ac 5h]
Seat 2: kryys51 showed [Ad Kh] and lost with One pair : Aces
Seat 5: DRS93-4LIFE (big blind) showed [Qh Qs] and won 144885 with Trips of Queens


Winamax Poker - Tournament "SPARTACUS" buyIn: 1.80€ + 0.20€ level: 15 - HandId: #3200323025811537957-77-1708114390 - Holdem no limit (300/1250/2500) - 2024/02/16 20:13:10 UTC
Table: 'SPARTACUS(745133270)#0036' 8-max (real money) Seat #4 is the button
Seat 1: Bikout (140893, 2.92€ bounty)
Seat 3: R3iivAx (12087, 1.57€ bounty)
Seat 4: JoOkovitch (17031, 0.90€ bounty)
Seat 5: DRS93-4LIFE (144885, 2.25€ bounty)
Seat 6: -LinoOoo- (80904, 2.25€ bounty)
Seat 7: 4EverG00DRun (60660, 0.90€ bounty)
Seat 8: P1xel7 (48937, 0.90€ bounty)
*** ANTE/BLINDS ***
DRS93-4LIFE posts ante 300
-LinoOoo- posts ante 300
Bikout posts ante 300
R3iivAx posts ante 300
JoOkovitch posts ante 300
4EverG00DRun posts ante 300
P1xel7 posts ante 300
DRS93-4LIFE posts small blind 1250
-LinoOoo- posts big blind 2500
Dealt to P1xel7 [9s 5c]
*** PRE-FLOP *** 
4EverG00DRun folds
P1xel7 folds
Bikout folds
R3iivAx raises 9287 to 11787 and is all-in
JoOkovitch folds
DRS93-4LIFE raises 132798 to 144585 and is all-in
-LinoOoo- folds
*** FLOP *** [9h 3s 3d]
*** TURN *** [9h 3s 3d][Js]
*** RIVER *** [9h 3s 3d Js][8d]
*** SHOW DOWN ***
R3iivAx shows [As 6c] (One pair : 3)
DRS93-4LIFE shows [Tc Ah] (One pair : 3)
DRS93-4LIFE collected 160972 from pot
*** SUMMARY ***
Total pot 160972 | No rake
Board: [9h 3s 3d Js 8d]
Seat 3: R3iivAx showed [As 6c] and lost with One pair : 3
Seat 5: DRS93-4LIFE (small blind) showed [Tc Ah] and won 160972 with One pair : 3


Winamax Poker - Tournament "SPARTACUS" buyIn: 1.80€ + 0.20€ level: 15 - HandId: #3200323025811537957-78-1708114431 - Holdem no limit (300/1250/2500) - 2024/02/16 20:13:51 UTC
Table: 'SPARTACUS(745133270)#0036' 8-max (real money) Seat #5 is the button
Seat 1: Bikout (140593, 2.92€ bounty)
Seat 4: JoOkovitch (16731, 0.90€ bounty)
Seat 5: DRS93-4LIFE (160972, 3.03€ bounty)
Seat 6: -LinoOoo- (78104, 2.25€ bounty)
Seat 7: 4EverG00DRun (60360, 0.90€ bounty)
Seat 8: P1xel7 (48637, 0.90€ bounty)
*** ANTE/BLINDS ***
-LinoOoo- posts ante 300
4EverG00DRun posts ante 300
Bikout posts ante 300
JoOkovitch posts ante 300
DRS93-4LIFE posts ante 300
P1xel7 posts ante 300
-LinoOoo- posts small blind 1250
4EverG00DRun posts big blind 2500
Dealt to P1xel7 [6s 7d]
*** PRE-FLOP *** 
P1xel7 folds
Bikout folds
JoOkovitch raises 13931 to 16431 and is all-in
DRS93-4LIFE folds
-LinoOoo- calls 15181
4EverG00DRun folds
*** FLOP *** [8s 5h Qh]
*** TURN *** [8s 5h Qh][6d]
*** RIVER *** [8s 5h Qh 6d][4s]
*** SHOW DOWN ***
-LinoOoo- shows [2d 2c] (One pair : 2)
JoOkovitch shows [Ac 7c] (Straight 8 high)
JoOkovitch collected 37162 from pot
*** SUMMARY ***
Total pot 37162 | No rake
Board: [8s 5h Qh 6d 4s]
Seat 4: JoOkovitch showed [Ac 7c] and won 37162 with Straight 8 high
Seat 6: -LinoOoo- (small blind) showed [2d 2c] and lost with One pair : 2


Winamax Poker - Tournament "SPARTACUS" buyIn: 1.80€ + 0.20€ level: 15 - HandId: #3200323025811537957-79-1708114467 - Holdem no limit (300/1250/2500) - 2024/02/16 20:14:27 UTC
Table: 'SPARTACUS(745133270)#0036' 8-max (real money) Seat #6 is the button
Seat 1: Bikout (140293, 2.92€ bounty)
Seat 4: JoOkovitch (37162, 0.90€ bounty)
Seat 5: DRS93-4LIFE (160672, 3.03€ bounty)
Seat 6: -LinoOoo- (61373, 2.25€ bounty)
Seat 7: 4EverG00DRun (57560, 0.90€ bounty)
Seat 8: P1xel7 (48337, 0.90€ bounty)
*** ANTE/BLINDS ***
4EverG00DRun posts ante 300
P1xel7 posts ante 300
Bikout posts ante 300
JoOkovitch posts ante 300
DRS93-4LIFE posts ante 300
-LinoOoo- posts ante 300
4EverG00DRun posts small blind 1250
P1xel7 posts big blind 2500
Dealt to P1xel7 [Jd Kc]
*** PRE-FLOP *** 
Bikout folds
JoOkovitch folds
DRS93-4LIFE folds
-LinoOoo- raises 8050 to 10550
4EverG00DRun folds
P1xel7 raises 37487 to 48037 and is all-in
-LinoOoo- raises 13036 to 61073 and is all-in
*** FLOP *** [7s 2h 8d]
*** TURN *** [7s 2h 8d][8h]
*** RIVER *** [7s 2h 8d 8h][5c]
*** SHOW DOWN ***
P1xel7 shows [Jd Kc] (One pair : 8)
-LinoOoo- shows [9c Ah] (One pair : 8)
-LinoOoo- collected 112160 from pot
*** SUMMARY ***
Total pot 112160 | No rake
Board: [7s 2h 8d 8h 5c]
Seat 6: -LinoOoo- (button) showed [9c Ah] and won 112160 with One pair : 8
Seat 8: P1xel7 (big blind) showed [Jd Kc] and lost with One pair : 8


