Winamax Poker - Tournament "Starting Block WiPT - Déglingos" buyIn: 0€ + 0€ level: 1 - HandId: #3228699647102943233-1-1707070298 - Holdem no limit (10/20) - 2024/02/04 18:11:38 UTC
Table: 'Starting Block WiPT - Déglingos(751740217)#0' 6-max (real money) Seat #6 is the button
Seat 1: givre8175026 (500)
Seat 2: P1xel7 (500)
Seat 3: Jhmthai (500)
Seat 4: Stetoo44 (500)
Seat 5: Rigged34 (500)
Seat 6: hobitts83 (500)
*** ANTE/BLINDS ***
givre8175026 posts small blind 10
P1xel7 posts big blind 20
Dealt to P1xel7 [Tc 3s]
*** PRE-FLOP *** 
Jhmthai calls 20
Stetoo44 raises 480 to 500 and is all-in
Rigged34 folds
hobitts83 folds
givre8175026 calls 490 and is all-in
P1xel7 folds
Jhmthai folds
*** FLOP *** [Ts Kh Kd]
*** TURN *** [Ts Kh Kd][Td]
*** RIVER *** [Ts Kh Kd Td][4s]
*** SHOW DOWN ***
givre8175026 shows [3d Qd] (Two pairs : Kings and Tens)
Stetoo44 shows [Qs 6c] (Two pairs : Kings and Tens)
Stetoo44 collected 520 from pot
givre8175026 collected 520 from pot
*** SUMMARY ***
Total pot 1040 | No rake
Board: [Ts Kh Kd Td 4s]
Seat 1: givre8175026 (small blind) showed [3d Qd] and won 520 with Two pairs : Kings and Tens
Seat 4: Stetoo44 showed [Qs 6c] and won 520 with Two pairs : Kings and Tens


Winamax Poker - Tournament "Starting Block WiPT - Déglingos" buyIn: 0€ + 0€ level: 1 - HandId: #3228699647102943233-2-1707070369 - Holdem no limit (10/20) - 2024/02/04 18:12:49 UTC
Table: 'Starting Block WiPT - Déglingos(751740217)#0' 6-max (real money) Seat #1 is the button
Seat 1: givre8175026 (520)
Seat 2: P1xel7 (480)
Seat 3: Jhmthai (480)
Seat 4: Stetoo44 (520)
Seat 5: Rigged34 (500)
Seat 6: hobitts83 (500)
*** ANTE/BLINDS ***
P1xel7 posts small blind 10
Jhmthai posts big blind 20
Dealt to P1xel7 [4c 3d]
*** PRE-FLOP *** 
Stetoo44 raises 500 to 520 and is all-in
Rigged34 calls 500 and is all-in
hobitts83 folds
givre8175026 folds
P1xel7 folds
Jhmthai folds
*** FLOP *** [Jh 3c Tc]
*** TURN *** [Jh 3c Tc][7s]
*** RIVER *** [Jh 3c Tc 7s][9d]
*** SHOW DOWN ***
Stetoo44 shows [As Kd] (High card : Ace)
Rigged34 shows [Qh Kh] (Straight King high)
Rigged34 collected 1030 from main pot
Stetoo44 collected 20 from side pot 1
*** SUMMARY ***
Total pot 1050 | No rake
Board: [Jh 3c Tc 7s 9d]
Seat 4: Stetoo44 showed [As Kd] and won 20 with High card : Ace
Seat 5: Rigged34 showed [Qh Kh] and won 1030 with Straight King high


Winamax Poker - Tournament "Starting Block WiPT - Déglingos" buyIn: 0€ + 0€ level: 2 - HandId: #3228699647102943233-3-1707070390 - Holdem no limit (15/30) - 2024/02/04 18:13:10 UTC
Table: 'Starting Block WiPT - Déglingos(751740217)#0' 6-max (real money) Seat #2 is the button
Seat 1: givre8175026 (520)
Seat 2: P1xel7 (470)
Seat 3: Jhmthai (460)
Seat 4: Stetoo44 (20)
Seat 5: Rigged34 (1030)
Seat 6: hobitts83 (500)
*** ANTE/BLINDS ***
Jhmthai posts small blind 15
Stetoo44 posts big blind 20 and is all-in
Dealt to P1xel7 [3h 5d]
*** PRE-FLOP *** 
Rigged34 folds
hobitts83 folds
givre8175026 calls 30
P1xel7 folds
Jhmthai raises 45 to 75
givre8175026 calls 45
*** FLOP *** [Kc 5c 3s]
Jhmthai bets 111
givre8175026 calls 111
*** TURN *** [Kc 5c 3s][8d]
Jhmthai bets 274 and is all-in
givre8175026 calls 274
*** RIVER *** [Kc 5c 3s 8d][Ts]
*** SHOW DOWN ***
givre8175026 shows [Kh 4c] (One pair : Kings)
Stetoo44 shows [6h 2d] (High card : King)
Jhmthai shows [Ks 8s] (Two pairs : Kings and 8)
Jhmthai collected 940 from pot
*** SUMMARY ***
Total pot 940 | No rake
Board: [Kc 5c 3s 8d Ts]
Seat 1: givre8175026 showed [Kh 4c] and lost with One pair : Kings
Seat 3: Jhmthai (small blind) showed [Ks 8s] and won 940 with Two pairs : Kings and 8
Seat 4: Stetoo44 (big blind) showed [6h 2d] and lost with High card : King


Winamax Poker - Tournament "Starting Block WiPT - Déglingos" buyIn: 0€ + 0€ level: 2 - HandId: #3228699647102943233-4-1707070412 - Holdem no limit (15/30) - 2024/02/04 18:13:32 UTC
Table: 'Starting Block WiPT - Déglingos(751740217)#0' 6-max (real money) Seat #3 is the button
Seat 1: givre8175026 (60)
Seat 2: P1xel7 (470)
Seat 3: Jhmthai (940)
Seat 5: Rigged34 (1030)
Seat 6: hobitts83 (500)
*** ANTE/BLINDS ***
Rigged34 posts big blind 30
Dealt to P1xel7 [9s Jd]
*** PRE-FLOP *** 
hobitts83 folds
givre8175026 calls 30
P1xel7 folds
Jhmthai calls 30
Rigged34 checks
*** FLOP *** [Ah 3d 2s]
Rigged34 checks
givre8175026 checks
Jhmthai checks
*** TURN *** [Ah 3d 2s][6c]
Rigged34 checks
givre8175026 bets 30 and is all-in
Jhmthai calls 30
Rigged34 folds
*** RIVER *** [Ah 3d 2s 6c][Tc]
*** SHOW DOWN ***
givre8175026 shows [7c 9h] (High card : Ace)
Jhmthai shows [Ks 5h] (High card : Ace)
Jhmthai collected 150 from pot
*** SUMMARY ***
Total pot 150 | No rake
Board: [Ah 3d 2s 6c Tc]
Seat 1: givre8175026 showed [7c 9h] and lost with High card : Ace
Seat 3: Jhmthai (button) showed [Ks 5h] and won 150 with High card : Ace


Winamax Poker - Tournament "Starting Block WiPT - Déglingos" buyIn: 0€ + 0€ level: 2 - HandId: #3228699647102943233-5-1707070441 - Holdem no limit (15/30) - 2024/02/04 18:14:01 UTC
Table: 'Starting Block WiPT - Déglingos(751740217)#0' 6-max (real money) Seat #4 is the button
Seat 2: P1xel7 (470)
Seat 3: Jhmthai (1030)
Seat 5: Rigged34 (1000)
Seat 6: hobitts83 (500)
*** ANTE/BLINDS ***
Rigged34 posts small blind 15
hobitts83 posts big blind 30
Dealt to P1xel7 [Qh 8h]
*** PRE-FLOP *** 
P1xel7 folds
Jhmthai calls 30
Rigged34 calls 15
hobitts83 checks
*** FLOP *** [Ks Ts Ad]
Rigged34 checks
hobitts83 checks
Jhmthai checks
*** TURN *** [Ks Ts Ad][Kh]
Rigged34 bets 59
hobitts83 folds
Jhmthai calls 59
*** RIVER *** [Ks Ts Ad Kh][3s]
Rigged34 bets 150
Jhmthai folds
Rigged34 collected 358 from pot
*** SUMMARY ***
Total pot 358 | No rake
Board: [Ks Ts Ad Kh 3s]
Seat 5: Rigged34 (small blind) won 358


Winamax Poker - Tournament "Starting Block WiPT - Déglingos" buyIn: 0€ + 0€ level: 2 - HandId: #3228699647102943233-6-1707070463 - Holdem no limit (15/30) - 2024/02/04 18:14:23 UTC
Table: 'Starting Block WiPT - Déglingos(751740217)#0' 6-max (real money) Seat #5 is the button
Seat 2: P1xel7 (470)
Seat 3: Jhmthai (941)
Seat 5: Rigged34 (1119)
Seat 6: hobitts83 (470)
*** ANTE/BLINDS ***
hobitts83 posts small blind 15
P1xel7 posts big blind 30
Dealt to P1xel7 [Th Ad]
*** PRE-FLOP *** 
Jhmthai folds
Rigged34 folds
hobitts83 folds
P1xel7 collected 45 from pot
*** SUMMARY ***
Total pot 45 | No rake
Seat 2: P1xel7 (big blind) won 45


Winamax Poker - Tournament "Starting Block WiPT - Déglingos" buyIn: 0€ + 0€ level: 3 - HandId: #3228699647102943233-7-1707070476 - Holdem no limit (20/40) - 2024/02/04 18:14:36 UTC
Table: 'Starting Block WiPT - Déglingos(751740217)#0' 6-max (real money) Seat #6 is the button
Seat 2: P1xel7 (485)
Seat 3: Jhmthai (941)
Seat 5: Rigged34 (1119)
Seat 6: hobitts83 (455)
*** ANTE/BLINDS ***
P1xel7 posts small blind 20
Jhmthai posts big blind 40
Dealt to P1xel7 [Td 8d]
*** PRE-FLOP *** 
Rigged34 folds
hobitts83 folds
P1xel7 raises 50 to 90
Jhmthai folds
P1xel7 collected 130 from pot
*** SUMMARY ***
Total pot 130 | No rake
Seat 2: P1xel7 (small blind) won 130


Winamax Poker - Tournament "Starting Block WiPT - Déglingos" buyIn: 0€ + 0€ level: 3 - HandId: #3228699647102943233-8-1707070486 - Holdem no limit (20/40) - 2024/02/04 18:14:46 UTC
Table: 'Starting Block WiPT - Déglingos(751740217)#0' 6-max (real money) Seat #2 is the button
Seat 2: P1xel7 (525)
Seat 3: Jhmthai (901)
Seat 5: Rigged34 (1119)
Seat 6: hobitts83 (455)
*** ANTE/BLINDS ***
Jhmthai posts small blind 20
Rigged34 posts big blind 40
Dealt to P1xel7 [As 3c]
*** PRE-FLOP *** 
hobitts83 folds
P1xel7 raises 485 to 525 and is all-in
Jhmthai folds
Rigged34 folds
P1xel7 collected 585 from pot
*** SUMMARY ***
Total pot 585 | No rake
Seat 2: P1xel7 (button) won 585


Winamax Poker - Tournament "Starting Block WiPT - Déglingos" buyIn: 0€ + 0€ level: 3 - HandId: #3228699647102943233-9-1707070499 - Holdem no limit (20/40) - 2024/02/04 18:14:59 UTC
Table: 'Starting Block WiPT - Déglingos(751740217)#0' 6-max (real money) Seat #3 is the button
Seat 2: P1xel7 (585)
Seat 3: Jhmthai (881)
Seat 5: Rigged34 (1079)
Seat 6: hobitts83 (455)
*** ANTE/BLINDS ***
Rigged34 posts small blind 20
hobitts83 posts big blind 40
Dealt to P1xel7 [8c Ad]
*** PRE-FLOP *** 
P1xel7 raises 545 to 585 and is all-in
Jhmthai folds
Rigged34 folds
hobitts83 folds
P1xel7 collected 645 from pot
*** SUMMARY ***
Total pot 645 | No rake
Seat 2: P1xel7 won 645


Winamax Poker - Tournament "Starting Block WiPT - Déglingos" buyIn: 0€ + 0€ level: 3 - HandId: #3228699647102943233-10-1707070512 - Holdem no limit (20/40) - 2024/02/04 18:15:12 UTC
Table: 'Starting Block WiPT - Déglingos(751740217)#0' 6-max (real money) Seat #5 is the button
Seat 2: P1xel7 (645)
Seat 3: Jhmthai (881)
Seat 5: Rigged34 (1059)
Seat 6: hobitts83 (415)
*** ANTE/BLINDS ***
hobitts83 posts small blind 20
P1xel7 posts big blind 40
Dealt to P1xel7 [5h Kc]
*** PRE-FLOP *** 
Jhmthai raises 40 to 80
Rigged34 folds
hobitts83 folds
P1xel7 raises 40 to 120
Jhmthai raises 40 to 160
P1xel7 calls 40
*** FLOP *** [Th Tc 4s]
P1xel7 checks
Jhmthai bets 221
P1xel7 folds
Jhmthai collected 561 from pot
*** SUMMARY ***
Total pot 561 | No rake
Board: [Th Tc 4s]
Seat 3: Jhmthai won 561


Winamax Poker - Tournament "Starting Block WiPT - Déglingos" buyIn: 0€ + 0€ level: 3 - HandId: #3228699647102943233-11-1707070549 - Holdem no limit (20/40) - 2024/02/04 18:15:49 UTC
Table: 'Starting Block WiPT - Déglingos(751740217)#0' 6-max (real money) Seat #6 is the button
Seat 2: P1xel7 (485)
Seat 3: Jhmthai (1061)
Seat 5: Rigged34 (1059)
Seat 6: hobitts83 (395)
*** ANTE/BLINDS ***
P1xel7 posts small blind 20
Jhmthai posts big blind 40
Dealt to P1xel7 [2c Kh]
*** PRE-FLOP *** 
Rigged34 raises 40 to 80
hobitts83 folds
P1xel7 folds
Jhmthai calls 40
*** FLOP *** [Jh Ad 9d]
Jhmthai bets 117
Rigged34 calls 117
*** TURN *** [Jh Ad 9d][Td]
Jhmthai bets 864 and is all-in
Rigged34 folds
Jhmthai collected 1278 from pot
*** SUMMARY ***
Total pot 1278 | No rake
Board: [Jh Ad 9d Td]
Seat 3: Jhmthai (big blind) won 1278


Winamax Poker - Tournament "Starting Block WiPT - Déglingos" buyIn: 0€ + 0€ level: 4 - HandId: #3228699647102943233-12-1707070583 - Holdem no limit (30/60) - 2024/02/04 18:16:23 UTC
Table: 'Starting Block WiPT - Déglingos(751740217)#0' 6-max (real money) Seat #2 is the button
Seat 2: P1xel7 (465)
Seat 3: Jhmthai (1278)
Seat 5: Rigged34 (862)
Seat 6: hobitts83 (395)
*** ANTE/BLINDS ***
Jhmthai posts small blind 30
Rigged34 posts big blind 60
Dealt to P1xel7 [7s Ac]
*** PRE-FLOP *** 
hobitts83 folds
P1xel7 raises 405 to 465 and is all-in
Jhmthai folds
Rigged34 folds
P1xel7 collected 555 from pot
*** SUMMARY ***
Total pot 555 | No rake
Seat 2: P1xel7 (button) won 555


Winamax Poker - Tournament "Starting Block WiPT - Déglingos" buyIn: 0€ + 0€ level: 4 - HandId: #3228699647102943233-13-1707070598 - Holdem no limit (30/60) - 2024/02/04 18:16:38 UTC
Table: 'Starting Block WiPT - Déglingos(751740217)#0' 6-max (real money) Seat #3 is the button
Seat 2: P1xel7 (555)
Seat 3: Jhmthai (1248)
Seat 5: Rigged34 (802)
Seat 6: hobitts83 (395)
*** ANTE/BLINDS ***
Rigged34 posts small blind 30
hobitts83 posts big blind 60
Dealt to P1xel7 [8c 5s]
*** PRE-FLOP *** 
P1xel7 folds
Jhmthai folds
Rigged34 raises 60 to 120
hobitts83 folds
Rigged34 collected 180 from pot
*** SUMMARY ***
Total pot 180 | No rake
Seat 5: Rigged34 (small blind) won 180


Winamax Poker - Tournament "Starting Block WiPT - Déglingos" buyIn: 0€ + 0€ level: 4 - HandId: #3228699647102943233-14-1707070605 - Holdem no limit (30/60) - 2024/02/04 18:16:45 UTC
Table: 'Starting Block WiPT - Déglingos(751740217)#0' 6-max (real money) Seat #5 is the button
Seat 2: P1xel7 (555)
Seat 3: Jhmthai (1248)
Seat 5: Rigged34 (862)
Seat 6: hobitts83 (335)
*** ANTE/BLINDS ***
hobitts83 posts small blind 30
P1xel7 posts big blind 60
Dealt to P1xel7 [5c Qh]
*** PRE-FLOP *** 
Jhmthai folds
Rigged34 raises 802 to 862 and is all-in
hobitts83 folds
P1xel7 folds
Rigged34 collected 952 from pot
*** SUMMARY ***
Total pot 952 | No rake
Seat 5: Rigged34 (button) won 952


Winamax Poker - Tournament "Starting Block WiPT - Déglingos" buyIn: 0€ + 0€ level: 4 - HandId: #3228699647102943233-15-1707070616 - Holdem no limit (30/60) - 2024/02/04 18:16:56 UTC
Table: 'Starting Block WiPT - Déglingos(751740217)#0' 6-max (real money) Seat #6 is the button
Seat 2: P1xel7 (495)
Seat 3: Jhmthai (1248)
Seat 5: Rigged34 (952)
Seat 6: hobitts83 (305)
*** ANTE/BLINDS ***
P1xel7 posts small blind 30
Jhmthai posts big blind 60
Dealt to P1xel7 [Qs 9c]
*** PRE-FLOP *** 
Rigged34 folds
hobitts83 folds
P1xel7 raises 435 to 495 and is all-in
Jhmthai calls 435
*** FLOP *** [Kd 5s 2s]
*** TURN *** [Kd 5s 2s][2d]
*** RIVER *** [Kd 5s 2s 2d][5d]
*** SHOW DOWN ***
P1xel7 shows [Qs 9c] (Two pairs : 5 and 2)
Jhmthai shows [Jh Qd] (Two pairs : 5 and 2)
Jhmthai collected 495 from pot
P1xel7 collected 495 from pot
*** SUMMARY ***
Total pot 990 | No rake
Board: [Kd 5s 2s 2d 5d]
Seat 2: P1xel7 (small blind) showed [Qs 9c] and won 495 with Two pairs : 5 and 2
Seat 3: Jhmthai (big blind) showed [Jh Qd] and won 495 with Two pairs : 5 and 2


Winamax Poker - Tournament "Starting Block WiPT - Déglingos" buyIn: 0€ + 0€ level: 4 - HandId: #3228699647102943233-16-1707070631 - Holdem no limit (30/60) - 2024/02/04 18:17:11 UTC
Table: 'Starting Block WiPT - Déglingos(751740217)#0' 6-max (real money) Seat #2 is the button
Seat 2: P1xel7 (495)
Seat 3: Jhmthai (1248)
Seat 5: Rigged34 (952)
Seat 6: hobitts83 (305)
*** ANTE/BLINDS ***
Jhmthai posts small blind 30
Rigged34 posts big blind 60
Dealt to P1xel7 [Td 5h]
*** PRE-FLOP *** 
hobitts83 folds
P1xel7 folds
Jhmthai folds
Rigged34 collected 90 from pot
*** SUMMARY ***
Total pot 90 | No rake
Seat 5: Rigged34 (big blind) won 90


Winamax Poker - Tournament "Starting Block WiPT - Déglingos" buyIn: 0€ + 0€ level: 4 - HandId: #3228699647102943233-17-1707070648 - Holdem no limit (30/60) - 2024/02/04 18:17:28 UTC
Table: 'Starting Block WiPT - Déglingos(751740217)#0' 6-max (real money) Seat #3 is the button
Seat 2: P1xel7 (495)
Seat 3: Jhmthai (1218)
Seat 5: Rigged34 (982)
Seat 6: hobitts83 (305)
*** ANTE/BLINDS ***
Rigged34 posts small blind 30
hobitts83 posts big blind 60
Dealt to P1xel7 [7c 3c]
*** PRE-FLOP *** 
P1xel7 folds
Jhmthai folds
Rigged34 raises 60 to 120
hobitts83 folds
Rigged34 collected 180 from pot
*** SUMMARY ***
Total pot 180 | No rake
Seat 5: Rigged34 (small blind) won 180


Winamax Poker - Tournament "Starting Block WiPT - Déglingos" buyIn: 0€ + 0€ level: 5 - HandId: #3228699647102943233-18-1707070656 - Holdem no limit (40/80) - 2024/02/04 18:17:36 UTC
Table: 'Starting Block WiPT - Déglingos(751740217)#0' 6-max (real money) Seat #5 is the button
Seat 2: P1xel7 (495)
Seat 3: Jhmthai (1218)
Seat 5: Rigged34 (1042)
Seat 6: hobitts83 (245)
*** ANTE/BLINDS ***
hobitts83 posts small blind 40
P1xel7 posts big blind 80
Dealt to P1xel7 [2h Ts]
*** PRE-FLOP *** 
Jhmthai raises 80 to 160
Rigged34 folds
hobitts83 folds
P1xel7 folds
Jhmthai collected 280 from pot
*** SUMMARY ***
Total pot 280 | No rake
Seat 3: Jhmthai won 280


Winamax Poker - Tournament "Starting Block WiPT - Déglingos" buyIn: 0€ + 0€ level: 5 - HandId: #3228699647102943233-19-1707070667 - Holdem no limit (40/80) - 2024/02/04 18:17:47 UTC
Table: 'Starting Block WiPT - Déglingos(751740217)#0' 6-max (real money) Seat #6 is the button
Seat 2: P1xel7 (415)
Seat 3: Jhmthai (1338)
Seat 5: Rigged34 (1042)
Seat 6: hobitts83 (205)
*** ANTE/BLINDS ***
P1xel7 posts small blind 40
Jhmthai posts big blind 80
Dealt to P1xel7 [8s 6h]
*** PRE-FLOP *** 
Rigged34 folds
hobitts83 folds
P1xel7 raises 100 to 180
Jhmthai calls 100
*** FLOP *** [Ad Ts 2s]
P1xel7 checks
Jhmthai checks
*** TURN *** [Ad Ts 2s][Td]
P1xel7 bets 235 and is all-in
Jhmthai folds
P1xel7 collected 595 from pot
*** SUMMARY ***
Total pot 595 | No rake
Board: [Ad Ts 2s Td]
Seat 2: P1xel7 (small blind) won 595


Winamax Poker - Tournament "Starting Block WiPT - Déglingos" buyIn: 0€ + 0€ level: 5 - HandId: #3228699647102943233-20-1707070691 - Holdem no limit (40/80) - 2024/02/04 18:18:11 UTC
Table: 'Starting Block WiPT - Déglingos(751740217)#0' 6-max (real money) Seat #2 is the button
Seat 2: P1xel7 (595)
Seat 3: Jhmthai (1158)
Seat 5: Rigged34 (1042)
Seat 6: hobitts83 (205)
*** ANTE/BLINDS ***
Jhmthai posts small blind 40
Rigged34 posts big blind 80
Dealt to P1xel7 [7s 4d]
*** PRE-FLOP *** 
hobitts83 folds
P1xel7 folds
Jhmthai raises 80 to 160
Rigged34 raises 882 to 1042 and is all-in
Jhmthai calls 882
*** FLOP *** [Kc Ts 3s]
*** TURN *** [Kc Ts 3s][6c]
*** RIVER *** [Kc Ts 3s 6c][8h]
*** SHOW DOWN ***
Jhmthai shows [9s Qs] (High card : King)
Rigged34 shows [Ad Jd] (High card : Ace)
Rigged34 collected 2084 from pot
*** SUMMARY ***
Total pot 2084 | No rake
Board: [Kc Ts 3s 6c 8h]
Seat 3: Jhmthai (small blind) showed [9s Qs] and lost with High card : King
Seat 5: Rigged34 (big blind) showed [Ad Jd] and won 2084 with High card : Ace


Winamax Poker - Tournament "Starting Block WiPT - Déglingos" buyIn: 0€ + 0€ level: 5 - HandId: #3228699647102943233-21-1707070712 - Holdem no limit (40/80) - 2024/02/04 18:18:32 UTC
Table: 'Starting Block WiPT - Déglingos(751740217)#0' 6-max (real money) Seat #3 is the button
Seat 2: P1xel7 (595)
Seat 3: Jhmthai (116)
Seat 5: Rigged34 (2084)
Seat 6: hobitts83 (205)
*** ANTE/BLINDS ***
Rigged34 posts small blind 40
hobitts83 posts big blind 80
Dealt to P1xel7 [7d 7s]
*** PRE-FLOP *** 
P1xel7 raises 515 to 595 and is all-in
Jhmthai calls 116 and is all-in
Rigged34 folds
hobitts83 folds
*** FLOP *** [7c 3s 4h]
*** TURN *** [7c 3s 4h][6d]
*** RIVER *** [7c 3s 4h 6d][Js]
*** SHOW DOWN ***
Jhmthai shows [8h 7h] (One pair : 7)
P1xel7 shows [7d 7s] (Trips of 7)
P1xel7 collected 831 from pot
*** SUMMARY ***
Total pot 831 | No rake
Board: [7c 3s 4h 6d Js]
Seat 2: P1xel7 showed [7d 7s] and won 831 with Trips of 7
Seat 3: Jhmthai (button) showed [8h 7h] and lost with One pair : 7


Winamax Poker - Tournament "Starting Block WiPT - Déglingos" buyIn: 0€ + 0€ level: 5 - HandId: #3228699647102943233-22-1707070730 - Holdem no limit (40/80) - 2024/02/04 18:18:50 UTC
Table: 'Starting Block WiPT - Déglingos(751740217)#0' 6-max (real money) Seat #5 is the button
Seat 2: P1xel7 (831)
Seat 5: Rigged34 (2044)
Seat 6: hobitts83 (125)
*** ANTE/BLINDS ***
hobitts83 posts small blind 40
P1xel7 posts big blind 80
Dealt to P1xel7 [3h 6s]
*** PRE-FLOP *** 
Rigged34 raises 80 to 160
hobitts83 folds
P1xel7 folds
Rigged34 collected 280 from pot
*** SUMMARY ***
Total pot 280 | No rake
Seat 5: Rigged34 (button) won 280


Winamax Poker - Tournament "Starting Block WiPT - Déglingos" buyIn: 0€ + 0€ level: 6 - HandId: #3228699647102943233-23-1707070748 - Holdem no limit (60/120) - 2024/02/04 18:19:08 UTC
Table: 'Starting Block WiPT - Déglingos(751740217)#0' 6-max (real money) Seat #6 is the button
Seat 2: P1xel7 (751)
Seat 5: Rigged34 (2164)
Seat 6: hobitts83 (85)
*** ANTE/BLINDS ***
P1xel7 posts small blind 60
Rigged34 posts big blind 120
Dealt to P1xel7 [Td Jc]
*** PRE-FLOP *** 
hobitts83 folds
P1xel7 raises 631 to 751 and is all-in
Rigged34 raises 631 to 1382
*** FLOP *** [Ad Kd 8d]
*** TURN *** [Ad Kd 8d][6h]
*** RIVER *** [Ad Kd 8d 6h][2s]
*** SHOW DOWN ***
P1xel7 shows [Td Jc] (High card : Ace)
Rigged34 shows [Kh Qd] (One pair : Kings)
Rigged34 collected 2133 from pot
*** SUMMARY ***
Total pot 2133 | No rake
Board: [Ad Kd 8d 6h 2s]
Seat 2: P1xel7 (small blind) showed [Td Jc] and lost with High card : Ace
Seat 5: Rigged34 (big blind) showed [Kh Qd] and won 2133 with One pair : Kings


