Winamax Poker - Tournament "MYSTERY KO" buyIn: 0.90€ + 0.10€ level: 1 - HandId: #3173533321921560619-24-1706816103 - Holdem no limit (25/100/200) - 2024/02/01 19:35:03 UTC
Table: 'MYSTERY KO(738895806)#0042' 6-max (real money) Seat #5 is the button
Seat 1: Boulk449 (19525)
Seat 2: JNLRP (19575)
Seat 3: Pika78 (38143)
Seat 4: P1xel7 (20000)
Seat 5: Mr Djoudj (18405)
Seat 6: le-daron (27014)
*** ANTE/BLINDS ***
le-daron posts ante 25
Boulk449 posts ante 25
JNLRP posts ante 25
Pika78 posts ante 25
P1xel7 posts ante 25
Mr Djoudj posts ante 25
le-daron posts small blind 100
Boulk449 posts big blind 200
Dealt to P1xel7 [Jd Kc]
*** PRE-FLOP *** 
JNLRP raises 200 to 400
Pika78 folds
P1xel7 calls 400
Mr Djoudj calls 400
le-daron calls 300
Boulk449 folds
*** FLOP *** [9h Ac 8d]
le-daron checks
JNLRP bets 683
P1xel7 folds
Mr Djoudj folds
le-daron folds
JNLRP collected 2633 from pot
*** SUMMARY ***
Total pot 2633 | No rake
Board: [9h Ac 8d]
Seat 2: JNLRP won 2633


Winamax Poker - Tournament "MYSTERY KO" buyIn: 0.90€ + 0.10€ level: 1 - HandId: #3173533321921560619-25-1706816163 - Holdem no limit (25/100/200) - 2024/02/01 19:36:03 UTC
Table: 'MYSTERY KO(738895806)#0042' 6-max (real money) Seat #6 is the button
Seat 1: Boulk449 (19300)
Seat 2: JNLRP (21100)
Seat 3: Pika78 (38118)
Seat 4: P1xel7 (19575)
Seat 5: Mr Djoudj (17980)
Seat 6: le-daron (26589)
*** ANTE/BLINDS ***
Boulk449 posts ante 25
JNLRP posts ante 25
Pika78 posts ante 25
P1xel7 posts ante 25
Mr Djoudj posts ante 25
le-daron posts ante 25
Boulk449 posts small blind 100
JNLRP posts big blind 200
Dealt to P1xel7 [3s 8d]
*** PRE-FLOP *** 
Pika78 folds
P1xel7 folds
Mr Djoudj folds
le-daron folds
Boulk449 folds
JNLRP collected 450 from pot
*** SUMMARY ***
Total pot 450 | No rake
Seat 2: JNLRP (big blind) won 450


Winamax Poker - Tournament "MYSTERY KO" buyIn: 0.90€ + 0.10€ level: 1 - HandId: #3173533321921560619-26-1706816178 - Holdem no limit (25/100/200) - 2024/02/01 19:36:18 UTC
Table: 'MYSTERY KO(738895806)#0042' 6-max (real money) Seat #1 is the button
Seat 1: Boulk449 (19175)
Seat 2: JNLRP (21325)
Seat 3: Pika78 (38093)
Seat 4: P1xel7 (19550)
Seat 5: Mr Djoudj (17955)
Seat 6: le-daron (26564)
*** ANTE/BLINDS ***
JNLRP posts ante 25
Pika78 posts ante 25
Boulk449 posts ante 25
P1xel7 posts ante 25
Mr Djoudj posts ante 25
le-daron posts ante 25
JNLRP posts small blind 100
Pika78 posts big blind 200
Dealt to P1xel7 [3d 4c]
*** PRE-FLOP *** 
P1xel7 folds
Mr Djoudj raises 650 to 850
le-daron calls 850
Boulk449 folds
JNLRP folds
Pika78 folds
*** FLOP *** [As 7c Kh]
Mr Djoudj checks
le-daron bets 753
Mr Djoudj calls 753
*** TURN *** [As 7c Kh][Js]
Mr Djoudj checks
le-daron checks
*** RIVER *** [As 7c Kh Js][8d]
Mr Djoudj checks
le-daron checks
*** SHOW DOWN ***
Mr Djoudj shows [Tc Td] (One pair : Tens)
le-daron shows [Qs Kd] (One pair : Kings)
le-daron collected 3656 from pot
*** SUMMARY ***
Total pot 3656 | No rake
Board: [As 7c Kh Js 8d]
Seat 5: Mr Djoudj showed [Tc Td] and lost with One pair : Tens
Seat 6: le-daron showed [Qs Kd] and won 3656 with One pair : Kings


Winamax Poker - Tournament "MYSTERY KO" buyIn: 0.90€ + 0.10€ level: 1 - HandId: #3173533321921560619-27-1706816243 - Holdem no limit (25/100/200) - 2024/02/01 19:37:23 UTC
Table: 'MYSTERY KO(738895806)#0042' 6-max (real money) Seat #2 is the button
Seat 1: Boulk449 (19150)
Seat 2: JNLRP (21200)
Seat 3: Pika78 (37868)
Seat 4: P1xel7 (19525)
Seat 5: Mr Djoudj (16327)
Seat 6: le-daron (28592)
*** ANTE/BLINDS ***
Pika78 posts ante 25
P1xel7 posts ante 25
Boulk449 posts ante 25
JNLRP posts ante 25
Mr Djoudj posts ante 25
le-daron posts ante 25
Pika78 posts small blind 100
P1xel7 posts big blind 200
Dealt to P1xel7 [9c 6d]
*** PRE-FLOP *** 
Mr Djoudj folds
le-daron folds
Boulk449 folds
JNLRP raises 200 to 400
Pika78 calls 300
P1xel7 folds
*** FLOP *** [3h Ks 8c]
Pika78 checks
JNLRP bets 403
Pika78 calls 403
*** TURN *** [3h Ks 8c][9d]
Pika78 checks
JNLRP bets 685
Pika78 folds
JNLRP collected 2641 from pot
*** SUMMARY ***
Total pot 2641 | No rake
Board: [3h Ks 8c 9d]
Seat 2: JNLRP (button) won 2641


Winamax Poker - Tournament "MYSTERY KO" buyIn: 0.90€ + 0.10€ level: 1 - HandId: #3173533321921560619-28-1706816285 - Holdem no limit (25/100/200) - 2024/02/01 19:38:05 UTC
Table: 'MYSTERY KO(738895806)#0042' 6-max (real money) Seat #3 is the button
Seat 1: Boulk449 (19125)
Seat 2: JNLRP (22328)
Seat 3: Pika78 (37040)
Seat 4: P1xel7 (19300)
Seat 5: Mr Djoudj (16302)
Seat 6: le-daron (28567)
*** ANTE/BLINDS ***
P1xel7 posts ante 25
Mr Djoudj posts ante 25
Boulk449 posts ante 25
JNLRP posts ante 25
Pika78 posts ante 25
le-daron posts ante 25
P1xel7 posts small blind 100
Mr Djoudj posts big blind 200
Dealt to P1xel7 [3c 9s]
*** PRE-FLOP *** 
le-daron folds
Boulk449 folds
JNLRP folds
Pika78 folds
P1xel7 folds
Mr Djoudj collected 450 from pot
*** SUMMARY ***
Total pot 450 | No rake
Seat 5: Mr Djoudj (big blind) won 450


Winamax Poker - Tournament "MYSTERY KO" buyIn: 0.90€ + 0.10€ level: 1 - HandId: #3173533321921560619-29-1706816296 - Holdem no limit (25/100/200) - 2024/02/01 19:38:16 UTC
Table: 'MYSTERY KO(738895806)#0042' 6-max (real money) Seat #4 is the button
Seat 1: Boulk449 (19100)
Seat 2: JNLRP (22303)
Seat 3: Pika78 (37015)
Seat 4: P1xel7 (19175)
Seat 5: Mr Djoudj (16527)
Seat 6: le-daron (28542)
*** ANTE/BLINDS ***
Mr Djoudj posts ante 25
le-daron posts ante 25
Boulk449 posts ante 25
JNLRP posts ante 25
Pika78 posts ante 25
P1xel7 posts ante 25
Mr Djoudj posts small blind 100
le-daron posts big blind 200
Dealt to P1xel7 [4s 4d]
*** PRE-FLOP *** 
Boulk449 folds
JNLRP folds
Pika78 folds
P1xel7 raises 300 to 500
Mr Djoudj calls 400
le-daron folds
*** FLOP *** [7s 6c 9s]
Mr Djoudj checks
P1xel7 checks
*** TURN *** [7s 6c 9s][Jh]
Mr Djoudj checks
P1xel7 checks
*** RIVER *** [7s 6c 9s Jh][5s]
Mr Djoudj checks
P1xel7 checks
*** SHOW DOWN ***
Mr Djoudj shows [Th Ac] (High card : Ace)
P1xel7 shows [4s 4d] (One pair : 4)
P1xel7 collected 1350 from pot
*** SUMMARY ***
Total pot 1350 | No rake
Board: [7s 6c 9s Jh 5s]
Seat 4: P1xel7 (button) showed [4s 4d] and won 1350 with One pair : 4
Seat 5: Mr Djoudj (small blind) showed [Th Ac] and lost with High card : Ace


Winamax Poker - Tournament "MYSTERY KO" buyIn: 0.90€ + 0.10€ level: 1 - HandId: #3173533321921560619-30-1706816364 - Holdem no limit (25/100/200) - 2024/02/01 19:39:24 UTC
Table: 'MYSTERY KO(738895806)#0042' 6-max (real money) Seat #5 is the button
Seat 1: Boulk449 (19075)
Seat 2: JNLRP (22278)
Seat 3: Pika78 (36990)
Seat 4: P1xel7 (20000)
Seat 5: Mr Djoudj (16002)
Seat 6: le-daron (28317)
*** ANTE/BLINDS ***
le-daron posts ante 25
Boulk449 posts ante 25
JNLRP posts ante 25
Pika78 posts ante 25
P1xel7 posts ante 25
Mr Djoudj posts ante 25
le-daron posts small blind 100
Boulk449 posts big blind 200
Dealt to P1xel7 [Jd Ad]
*** PRE-FLOP *** 
JNLRP raises 200 to 400
Pika78 folds
P1xel7 calls 400
Mr Djoudj calls 400
le-daron calls 300
Boulk449 folds
*** FLOP *** [4d 3h As]
le-daron checks
JNLRP checks
P1xel7 bets 683
Mr Djoudj folds
le-daron calls 683
JNLRP folds
*** TURN *** [4d 3h As][5c]
le-daron checks
P1xel7 bets 1161
le-daron raises 2239 to 3400
P1xel7 calls 2239
*** RIVER *** [4d 3h As 5c][7d]
le-daron checks
P1xel7 checks
*** SHOW DOWN ***
P1xel7 shows [Jd Ad] (One pair : Aces)
le-daron shows [2h 2c] (Straight 5 high)
le-daron collected 10116 from pot
*** SUMMARY ***
Total pot 10116 | No rake
Board: [4d 3h As 5c 7d]
Seat 4: P1xel7 showed [Jd Ad] and lost with One pair : Aces
Seat 6: le-daron (small blind) showed [2h 2c] and won 10116 with Straight 5 high


Winamax Poker - Tournament "MYSTERY KO" buyIn: 0.90€ + 0.10€ level: 1 - HandId: #3173533321921560619-31-1706816457 - Holdem no limit (25/100/200) - 2024/02/01 19:40:57 UTC
Table: 'MYSTERY KO(738895806)#0042' 6-max (real money) Seat #6 is the button
Seat 1: Boulk449 (18850)
Seat 2: JNLRP (21853)
Seat 3: Pika78 (36965)
Seat 4: P1xel7 (15492)
Seat 5: Mr Djoudj (15577)
Seat 6: le-daron (33925)
*** ANTE/BLINDS ***
Boulk449 posts ante 25
JNLRP posts ante 25
Pika78 posts ante 25
P1xel7 posts ante 25
Mr Djoudj posts ante 25
le-daron posts ante 25
Boulk449 posts small blind 100
JNLRP posts big blind 200
Dealt to P1xel7 [Ah 2c]
*** PRE-FLOP *** 
Pika78 folds
P1xel7 folds
Mr Djoudj folds
le-daron folds
Boulk449 calls 100
JNLRP raises 600 to 800
Boulk449 calls 600
*** FLOP *** [7c Tc Jh]
Boulk449 checks
JNLRP checks
*** TURN *** [7c Tc Jh][2s]
Boulk449 checks
JNLRP checks
*** RIVER *** [7c Tc Jh 2s][Qh]
Boulk449 checks
JNLRP checks
*** SHOW DOWN ***
JNLRP shows [Ad 5d] (High card : Ace)
Boulk449 shows [3c 3s] (One pair : 3)
Boulk449 collected 1750 from pot
*** SUMMARY ***
Total pot 1750 | No rake
Board: [7c Tc Jh 2s Qh]
Seat 1: Boulk449 (small blind) showed [3c 3s] and won 1750 with One pair : 3
Seat 2: JNLRP (big blind) showed [Ad 5d] and lost with High card : Ace


Winamax Poker - Tournament "MYSTERY KO" buyIn: 0.90€ + 0.10€ level: 1 - HandId: #3173533321921560619-32-1706816514 - Holdem no limit (25/100/200) - 2024/02/01 19:41:54 UTC
Table: 'MYSTERY KO(738895806)#0042' 6-max (real money) Seat #1 is the button
Seat 1: Boulk449 (19775)
Seat 2: JNLRP (21028)
Seat 3: Pika78 (36940)
Seat 4: P1xel7 (15467)
Seat 5: Mr Djoudj (15552)
Seat 6: le-daron (33900)
*** ANTE/BLINDS ***
JNLRP posts ante 25
Pika78 posts ante 25
Boulk449 posts ante 25
P1xel7 posts ante 25
Mr Djoudj posts ante 25
le-daron posts ante 25
JNLRP posts small blind 100
Pika78 posts big blind 200
Dealt to P1xel7 [5h 5d]
*** PRE-FLOP *** 
P1xel7 raises 300 to 500
Mr Djoudj calls 500
le-daron folds
Boulk449 calls 500
JNLRP folds
Pika78 folds
*** FLOP *** [3h Kd 5c]
P1xel7 checks
Mr Djoudj checks
Boulk449 checks
*** TURN *** [3h Kd 5c][2h]
P1xel7 bets 683
Mr Djoudj calls 683
Boulk449 folds
*** RIVER *** [3h Kd 5c 2h][9d]
P1xel7 bets 1161
Mr Djoudj folds
P1xel7 collected 4477 from pot
*** SUMMARY ***
Total pot 4477 | No rake
Board: [3h Kd 5c 2h 9d]
Seat 4: P1xel7 won 4477


Winamax Poker - Tournament "MYSTERY KO" buyIn: 0.90€ + 0.10€ level: 1 - HandId: #3173533321921560619-33-1706816596 - Holdem no limit (25/100/200) - 2024/02/01 19:43:16 UTC
Table: 'MYSTERY KO(738895806)#0042' 6-max (real money) Seat #2 is the button
Seat 1: Boulk449 (19250)
Seat 2: JNLRP (20903)
Seat 3: Pika78 (36715)
Seat 4: P1xel7 (17575)
Seat 5: Mr Djoudj (14344)
Seat 6: le-daron (33875)
*** ANTE/BLINDS ***
Pika78 posts ante 25
P1xel7 posts ante 25
Boulk449 posts ante 25
JNLRP posts ante 25
Mr Djoudj posts ante 25
le-daron posts ante 25
Pika78 posts small blind 100
P1xel7 posts big blind 200
Dealt to P1xel7 [5s Ac]
*** PRE-FLOP *** 
Mr Djoudj calls 200
le-daron folds
Boulk449 folds
JNLRP folds
Pika78 calls 100
P1xel7 checks
*** FLOP *** [6d Td 9h]
Pika78 checks
P1xel7 checks
Mr Djoudj checks
*** TURN *** [6d Td 9h][7c]
Pika78 checks
P1xel7 checks
Mr Djoudj checks
*** RIVER *** [6d Td 9h 7c][2h]
Pika78 checks
P1xel7 checks
Mr Djoudj checks
*** SHOW DOWN ***
Pika78 shows [Qh Kd] (High card : King)
Mr Djoudj shows [4h Kh] (High card : King)
P1xel7 shows [5s Ac] (High card : Ace)
P1xel7 collected 750 from pot
*** SUMMARY ***
Total pot 750 | No rake
Board: [6d Td 9h 7c 2h]
Seat 3: Pika78 (small blind) showed [Qh Kd] and lost with High card : King
Seat 4: P1xel7 (big blind) showed [5s Ac] and won 750 with High card : Ace
Seat 5: Mr Djoudj showed [4h Kh] and lost with High card : King


Winamax Poker - Tournament "MYSTERY KO" buyIn: 0.90€ + 0.10€ level: 1 - HandId: #3173533321921560619-34-1706816668 - Holdem no limit (25/100/200) - 2024/02/01 19:44:28 UTC
Table: 'MYSTERY KO(738895806)#0042' 6-max (real money) Seat #3 is the button
Seat 1: Boulk449 (19225)
Seat 2: JNLRP (20878)
Seat 3: Pika78 (36490)
Seat 4: P1xel7 (18100)
Seat 5: Mr Djoudj (14119)
Seat 6: le-daron (33850)
*** ANTE/BLINDS ***
P1xel7 posts ante 25
Mr Djoudj posts ante 25
Boulk449 posts ante 25
JNLRP posts ante 25
Pika78 posts ante 25
le-daron posts ante 25
P1xel7 posts small blind 100
Mr Djoudj posts big blind 200
Dealt to P1xel7 [6d Qh]
*** PRE-FLOP *** 
le-daron folds
Boulk449 folds
JNLRP folds
Pika78 calls 200
P1xel7 folds
Mr Djoudj checks
*** FLOP *** [4c Ts Jc]
Mr Djoudj checks
Pika78 bets 300
Mr Djoudj calls 300
*** TURN *** [4c Ts Jc][3c]
Mr Djoudj checks
Pika78 bets 500
Mr Djoudj folds
Pika78 collected 1750 from pot
*** SUMMARY ***
Total pot 1750 | No rake
Board: [4c Ts Jc 3c]
Seat 3: Pika78 (button) won 1750


Winamax Poker - Tournament "MYSTERY KO" buyIn: 0.90€ + 0.10€ level: 1 - HandId: #3173533321921560619-35-1706816734 - Holdem no limit (25/100/200) - 2024/02/01 19:45:34 UTC
Table: 'MYSTERY KO(738895806)#0042' 6-max (real money) Seat #4 is the button
Seat 1: Boulk449 (19200)
Seat 2: JNLRP (20853)
Seat 3: Pika78 (37215)
Seat 4: P1xel7 (17975)
Seat 5: Mr Djoudj (13594)
Seat 6: le-daron (33825)
*** ANTE/BLINDS ***
Mr Djoudj posts ante 25
le-daron posts ante 25
Boulk449 posts ante 25
JNLRP posts ante 25
Pika78 posts ante 25
P1xel7 posts ante 25
Mr Djoudj posts small blind 100
le-daron posts big blind 200
Dealt to P1xel7 [Jh Jc]
*** PRE-FLOP *** 
Boulk449 folds
JNLRP folds
Pika78 folds
P1xel7 raises 300 to 500
Mr Djoudj folds
le-daron calls 300
*** FLOP *** [6s 5d 6d]
le-daron checks
P1xel7 bets 625
le-daron folds
P1xel7 collected 1875 from pot
*** SUMMARY ***
Total pot 1875 | No rake
Board: [6s 5d 6d]
Seat 4: P1xel7 (button) won 1875


Winamax Poker - Tournament "MYSTERY KO" buyIn: 0.90€ + 0.10€ level: 1 - HandId: #3173533321921560619-36-1706816812 - Holdem no limit (25/100/200) - 2024/02/01 19:46:52 UTC
Table: 'MYSTERY KO(738895806)#0042' 6-max (real money) Seat #5 is the button
Seat 1: Boulk449 (19175)
Seat 2: JNLRP (20828)
Seat 3: Pika78 (37190)
Seat 4: P1xel7 (18700)
Seat 5: Mr Djoudj (13469)
Seat 6: le-daron (33300)
*** ANTE/BLINDS ***
le-daron posts ante 25
Boulk449 posts ante 25
JNLRP posts ante 25
Pika78 posts ante 25
P1xel7 posts ante 25
Mr Djoudj posts ante 25
le-daron posts small blind 100
Boulk449 posts big blind 200
Dealt to P1xel7 [Ad Jc]
*** PRE-FLOP *** 
JNLRP folds
Pika78 raises 200 to 400
P1xel7 raises 800 to 1200
Mr Djoudj folds
le-daron folds
Boulk449 folds
Pika78 folds
P1xel7 collected 2050 from pot
*** SUMMARY ***
Total pot 2050 | No rake
Seat 4: P1xel7 won 2050


Winamax Poker - Tournament "MYSTERY KO" buyIn: 0.90€ + 0.10€ level: 1 - HandId: #3173533321921560619-37-1706816848 - Holdem no limit (25/100/200) - 2024/02/01 19:47:28 UTC
Table: 'MYSTERY KO(738895806)#0042' 6-max (real money) Seat #6 is the button
Seat 1: Boulk449 (18950)
Seat 2: JNLRP (20803)
Seat 3: Pika78 (36765)
Seat 4: P1xel7 (19525)
Seat 5: Mr Djoudj (13444)
Seat 6: le-daron (33175)
*** ANTE/BLINDS ***
Boulk449 posts ante 25
JNLRP posts ante 25
Pika78 posts ante 25
P1xel7 posts ante 25
Mr Djoudj posts ante 25
le-daron posts ante 25
Boulk449 posts small blind 100
JNLRP posts big blind 200
Dealt to P1xel7 [3c 8s]
*** PRE-FLOP *** 
Pika78 folds
P1xel7 folds
Mr Djoudj folds
le-daron raises 220 to 420
Boulk449 folds
JNLRP calls 220
*** FLOP *** [7s 4h 6h]
JNLRP checks
le-daron checks
*** TURN *** [7s 4h 6h][7d]
JNLRP checks
le-daron checks
*** RIVER *** [7s 4h 6h 7d][Js]
JNLRP checks
le-daron checks
*** SHOW DOWN ***
JNLRP shows [Ac 9h] (One pair : 7)
le-daron shows [Jh Tc] (Two pairs : Jacks and 7)
le-daron collected 1090 from pot
*** SUMMARY ***
Total pot 1090 | No rake
Board: [7s 4h 6h 7d Js]
Seat 2: JNLRP (big blind) showed [Ac 9h] and lost with One pair : 7
Seat 6: le-daron (button) showed [Jh Tc] and won 1090 with Two pairs : Jacks and 7


Winamax Poker - Tournament "MYSTERY KO" buyIn: 0.90€ + 0.10€ level: 1 - HandId: #3173533321921560619-38-1706816884 - Holdem no limit (25/100/200) - 2024/02/01 19:48:04 UTC
Table: 'MYSTERY KO(738895806)#0042' 6-max (real money) Seat #1 is the button
Seat 1: Boulk449 (18825)
Seat 2: JNLRP (20358)
Seat 3: Pika78 (36740)
Seat 4: P1xel7 (19500)
Seat 5: Mr Djoudj (13419)
Seat 6: le-daron (33820)
*** ANTE/BLINDS ***
JNLRP posts ante 25
Pika78 posts ante 25
Boulk449 posts ante 25
P1xel7 posts ante 25
Mr Djoudj posts ante 25
le-daron posts ante 25
JNLRP posts small blind 100
Pika78 posts big blind 200
Dealt to P1xel7 [5d Qs]
*** PRE-FLOP *** 
P1xel7 folds
Mr Djoudj folds
le-daron folds
Boulk449 folds
JNLRP folds
Pika78 collected 450 from pot
*** SUMMARY ***
Total pot 450 | No rake
Seat 3: Pika78 (big blind) won 450


Winamax Poker - Tournament "MYSTERY KO" buyIn: 0.90€ + 0.10€ level: 1 - HandId: #3173533321921560619-39-1706816893 - Holdem no limit (25/100/200) - 2024/02/01 19:48:13 UTC
Table: 'MYSTERY KO(738895806)#0042' 6-max (real money) Seat #2 is the button
Seat 1: Boulk449 (18800)
Seat 2: JNLRP (20233)
Seat 3: Pika78 (36965)
Seat 4: P1xel7 (19475)
Seat 5: Mr Djoudj (13394)
Seat 6: le-daron (33795)
*** ANTE/BLINDS ***
Pika78 posts ante 25
P1xel7 posts ante 25
Boulk449 posts ante 25
JNLRP posts ante 25
Mr Djoudj posts ante 25
le-daron posts ante 25
Pika78 posts small blind 100
P1xel7 posts big blind 200
Dealt to P1xel7 [Jc 8h]
*** PRE-FLOP *** 
Mr Djoudj folds
le-daron raises 220 to 420
Boulk449 folds
JNLRP folds
Pika78 folds
P1xel7 folds
le-daron collected 870 from pot
*** SUMMARY ***
Total pot 870 | No rake
Seat 6: le-daron won 870


Winamax Poker - Tournament "MYSTERY KO" buyIn: 0.90€ + 0.10€ level: 1 - HandId: #3173533321921560619-40-1706816928 - Holdem no limit (25/100/200) - 2024/02/01 19:48:48 UTC
Table: 'MYSTERY KO(738895806)#0042' 6-max (real money) Seat #3 is the button
Seat 1: Boulk449 (18775)
Seat 2: JNLRP (20208)
Seat 3: Pika78 (36840)
Seat 4: P1xel7 (19250)
Seat 5: Mr Djoudj (13369)
Seat 6: le-daron (34220)
*** ANTE/BLINDS ***
P1xel7 posts ante 25
Mr Djoudj posts ante 25
Boulk449 posts ante 25
JNLRP posts ante 25
Pika78 posts ante 25
le-daron posts ante 25
P1xel7 posts small blind 100
Mr Djoudj posts big blind 200
Dealt to P1xel7 [6s 7d]
*** PRE-FLOP *** 
le-daron folds
Boulk449 folds
JNLRP folds
Pika78 raises 200 to 400
P1xel7 calls 300
Mr Djoudj folds
*** FLOP *** [6c Td 9c]
P1xel7 checks
Pika78 checks
*** TURN *** [6c Td 9c][Ts]
P1xel7 bets 403
Pika78 folds
P1xel7 collected 1553 from pot
*** SUMMARY ***
Total pot 1553 | No rake
Board: [6c Td 9c Ts]
Seat 4: P1xel7 (small blind) won 1553


Winamax Poker - Tournament "MYSTERY KO" buyIn: 0.90€ + 0.10€ level: 1 - HandId: #3173533321921560619-41-1706816965 - Holdem no limit (25/100/200) - 2024/02/01 19:49:25 UTC
Table: 'MYSTERY KO(738895806)#0042' 6-max (real money) Seat #4 is the button
Seat 1: Boulk449 (18750)
Seat 2: JNLRP (20183)
Seat 3: Pika78 (36415)
Seat 4: P1xel7 (19975)
Seat 5: Mr Djoudj (13144)
Seat 6: le-daron (34195)
*** ANTE/BLINDS ***
Mr Djoudj posts ante 25
le-daron posts ante 25
Boulk449 posts ante 25
JNLRP posts ante 25
Pika78 posts ante 25
P1xel7 posts ante 25
Mr Djoudj posts small blind 100
le-daron posts big blind 200
Dealt to P1xel7 [Kh 9d]
*** PRE-FLOP *** 
Boulk449 folds
JNLRP folds
Pika78 calls 200
P1xel7 raises 600 to 800
Mr Djoudj folds
le-daron folds
Pika78 folds
P1xel7 collected 1450 from pot
*** SUMMARY ***
Total pot 1450 | No rake
Seat 4: P1xel7 (button) won 1450


Winamax Poker - Tournament "MYSTERY KO" buyIn: 0.90€ + 0.10€ level: 2 - HandId: #3173533321921560619-42-1706817011 - Holdem no limit (30/125/250) - 2024/02/01 19:50:11 UTC
Table: 'MYSTERY KO(738895806)#0042' 6-max (real money) Seat #5 is the button
Seat 1: Boulk449 (18725)
Seat 2: JNLRP (20158)
Seat 3: Pika78 (36190)
Seat 4: P1xel7 (20600)
Seat 5: Mr Djoudj (13019)
Seat 6: le-daron (33970)
*** ANTE/BLINDS ***
le-daron posts ante 30
Boulk449 posts ante 30
JNLRP posts ante 30
Pika78 posts ante 30
P1xel7 posts ante 30
Mr Djoudj posts ante 30
le-daron posts small blind 125
Boulk449 posts big blind 250
Dealt to P1xel7 [4c 9s]
*** PRE-FLOP *** 
JNLRP folds
Pika78 calls 250
P1xel7 folds
Mr Djoudj folds
le-daron folds
Boulk449 checks
*** FLOP *** [Qd Qs Kc]
Boulk449 checks
Pika78 checks
*** TURN *** [Qd Qs Kc][7d]
Boulk449 bets 282
Pika78 calls 282
*** RIVER *** [Qd Qs Kc 7d][9h]
Boulk449 bets 479
Pika78 raises 924 to 1403
Boulk449 calls 924
*** SHOW DOWN ***
Boulk449 shows [Tc Qh] (Trips of Queens)
Pika78 shows [Qc 9c] (Full of Queens and 9)
Pika78 collected 4175 from pot
*** SUMMARY ***
Total pot 4175 | No rake
Board: [Qd Qs Kc 7d 9h]
Seat 1: Boulk449 (big blind) showed [Tc Qh] and lost with Trips of Queens
Seat 3: Pika78 showed [Qc 9c] and won 4175 with Full of Queens and 9


Winamax Poker - Tournament "MYSTERY KO" buyIn: 0.90€ + 0.10€ level: 2 - HandId: #3173533321921560619-43-1706817068 - Holdem no limit (30/125/250) - 2024/02/01 19:51:08 UTC
Table: 'MYSTERY KO(738895806)#0042' 6-max (real money) Seat #6 is the button
Seat 1: Boulk449 (16760)
Seat 2: JNLRP (20128)
Seat 3: Pika78 (38400)
Seat 4: P1xel7 (20570)
Seat 5: Mr Djoudj (12989)
Seat 6: le-daron (33815)
*** ANTE/BLINDS ***
Boulk449 posts ante 30
JNLRP posts ante 30
Pika78 posts ante 30
P1xel7 posts ante 30
Mr Djoudj posts ante 30
le-daron posts ante 30
Boulk449 posts small blind 125
JNLRP posts big blind 250
Dealt to P1xel7 [9c Kc]
*** PRE-FLOP *** 
Pika78 folds
P1xel7 raises 500 to 750
Mr Djoudj folds
le-daron folds
Boulk449 calls 625
JNLRP folds
*** FLOP *** [Ac Qh 9s]
Boulk449 checks
P1xel7 checks
*** TURN *** [Ac Qh 9s][Ts]
Boulk449 bets 676
P1xel7 folds
Boulk449 collected 2606 from pot
*** SUMMARY ***
Total pot 2606 | No rake
Board: [Ac Qh 9s Ts]
Seat 1: Boulk449 (small blind) won 2606


Winamax Poker - Tournament "MYSTERY KO" buyIn: 0.90€ + 0.10€ level: 2 - HandId: #3173533321921560619-44-1706817139 - Holdem no limit (30/125/250) - 2024/02/01 19:52:19 UTC
Table: 'MYSTERY KO(738895806)#0042' 6-max (real money) Seat #1 is the button
Seat 1: Boulk449 (17910)
Seat 2: JNLRP (19848)
Seat 3: Pika78 (38370)
Seat 4: P1xel7 (19790)
Seat 5: Mr Djoudj (12959)
Seat 6: le-daron (33785)
*** ANTE/BLINDS ***
JNLRP posts ante 30
Pika78 posts ante 30
Boulk449 posts ante 30
P1xel7 posts ante 30
Mr Djoudj posts ante 30
le-daron posts ante 30
JNLRP posts small blind 125
Pika78 posts big blind 250
Dealt to P1xel7 [Ts Jd]
*** PRE-FLOP *** 
P1xel7 folds
Mr Djoudj folds
le-daron folds
Boulk449 raises 250 to 500
JNLRP calls 375
Pika78 folds
*** FLOP *** [Tc 4c 9s]
JNLRP checks
Boulk449 bets 500
JNLRP calls 500
*** TURN *** [Tc 4c 9s][4d]
JNLRP checks
Boulk449 checks
*** RIVER *** [Tc 4c 9s 4d][Qs]
JNLRP checks
Boulk449 bets 1125
JNLRP folds
Boulk449 collected 3555 from pot
*** SUMMARY ***
Total pot 3555 | No rake
Board: [Tc 4c 9s 4d Qs]
Seat 1: Boulk449 (button) won 3555


Winamax Poker - Tournament "MYSTERY KO" buyIn: 0.90€ + 0.10€ level: 2 - HandId: #3173533321921560619-45-1706817215 - Holdem no limit (30/125/250) - 2024/02/01 19:53:35 UTC
Table: 'MYSTERY KO(738895806)#0042' 6-max (real money) Seat #2 is the button
Seat 1: Boulk449 (19310)
Seat 2: JNLRP (18818)
Seat 3: Pika78 (38090)
Seat 4: P1xel7 (19760)
Seat 5: Mr Djoudj (12929)
Seat 6: le-daron (33755)
*** ANTE/BLINDS ***
Pika78 posts ante 30
P1xel7 posts ante 30
Boulk449 posts ante 30
JNLRP posts ante 30
Mr Djoudj posts ante 30
le-daron posts ante 30
Pika78 posts small blind 125
P1xel7 posts big blind 250
Dealt to P1xel7 [6h 4s]
*** PRE-FLOP *** 
Mr Djoudj folds
le-daron folds
Boulk449 folds
JNLRP folds
Pika78 raises 250 to 500
P1xel7 folds
Pika78 collected 930 from pot
*** SUMMARY ***
Total pot 930 | No rake
Seat 3: Pika78 (small blind) won 930


Winamax Poker - Tournament "MYSTERY KO" buyIn: 0.90€ + 0.10€ level: 2 - HandId: #3173533321921560619-46-1706817244 - Holdem no limit (30/125/250) - 2024/02/01 19:54:04 UTC
Table: 'MYSTERY KO(738895806)#0042' 6-max (real money) Seat #3 is the button
Seat 1: Boulk449 (19280)
Seat 2: JNLRP (18788)
Seat 3: Pika78 (38490)
Seat 4: P1xel7 (19480)
Seat 5: Mr Djoudj (12899)
Seat 6: le-daron (33725)
*** ANTE/BLINDS ***
P1xel7 posts ante 30
Mr Djoudj posts ante 30
Boulk449 posts ante 30
JNLRP posts ante 30
Pika78 posts ante 30
le-daron posts ante 30
P1xel7 posts small blind 125
Mr Djoudj posts big blind 250
Dealt to P1xel7 [6s As]
*** PRE-FLOP *** 
le-daron raises 275 to 525
Boulk449 folds
JNLRP calls 525
Pika78 folds
P1xel7 calls 400
Mr Djoudj calls 275
*** FLOP *** [Jh 9s 4d]
P1xel7 checks
Mr Djoudj checks
le-daron checks
JNLRP checks
*** TURN *** [Jh 9s 4d][9d]
P1xel7 checks
Mr Djoudj checks
le-daron checks
JNLRP checks
*** RIVER *** [Jh 9s 4d 9d][3c]
P1xel7 checks
Mr Djoudj checks
le-daron checks
JNLRP checks
*** SHOW DOWN ***
JNLRP shows [Qc Ac] (One pair : 9)
P1xel7 shows [6s As] (One pair : 9)
le-daron shows [8c 7c] (One pair : 9)
Mr Djoudj shows [3d Qd] (Two pairs : 9 and 3)
Mr Djoudj collected 2280 from pot
*** SUMMARY ***
Total pot 2280 | No rake
Board: [Jh 9s 4d 9d 3c]
Seat 2: JNLRP showed [Qc Ac] and lost with One pair : 9
Seat 4: P1xel7 (small blind) showed [6s As] and lost with One pair : 9
Seat 5: Mr Djoudj (big blind) showed [3d Qd] and won 2280 with Two pairs : 9 and 3
Seat 6: le-daron showed [8c 7c] and lost with One pair : 9


Winamax Poker - Tournament "MYSTERY KO" buyIn: 0.90€ + 0.10€ level: 2 - HandId: #3173533321921560619-47-1706817300 - Holdem no limit (30/125/250) - 2024/02/01 19:55:00 UTC
Table: 'MYSTERY KO(738895806)#0042' 6-max (real money) Seat #4 is the button
Seat 1: Boulk449 (19250)
Seat 2: JNLRP (18233)
Seat 3: Pika78 (38460)
Seat 4: P1xel7 (18925)
Seat 5: Mr Djoudj (14624)
Seat 6: le-daron (33170)
*** ANTE/BLINDS ***
Mr Djoudj posts ante 30
le-daron posts ante 30
Boulk449 posts ante 30
JNLRP posts ante 30
Pika78 posts ante 30
P1xel7 posts ante 30
Mr Djoudj posts small blind 125
le-daron posts big blind 250
Dealt to P1xel7 [5s 6h]
*** PRE-FLOP *** 
Boulk449 raises 250 to 500
JNLRP folds
Pika78 calls 500
P1xel7 folds
Mr Djoudj folds
le-daron calls 250
*** FLOP *** [Qh As 3d]
le-daron checks
Boulk449 bets 632
Pika78 folds
le-daron calls 632
*** TURN *** [Qh As 3d][4h]
le-daron checks
Boulk449 bets 1074
le-daron folds
Boulk449 collected 4143 from pot
*** SUMMARY ***
Total pot 4143 | No rake
Board: [Qh As 3d 4h]
Seat 1: Boulk449 won 4143


Winamax Poker - Tournament "MYSTERY KO" buyIn: 0.90€ + 0.10€ level: 2 - HandId: #3173533321921560619-48-1706817660 - Holdem no limit (30/125/250) - 2024/02/01 20:01:00 UTC
Table: 'MYSTERY KO(738895806)#0042' 6-max (real money) Seat #5 is the button
Seat 1: Boulk449 (21157)
Seat 2: JNLRP (18203)
Seat 3: Pika78 (37930)
Seat 4: P1xel7 (18895)
Seat 5: Mr Djoudj (14469)
Seat 6: le-daron (32008)
*** ANTE/BLINDS ***
le-daron posts ante 30
Boulk449 posts ante 30
JNLRP posts ante 30
Pika78 posts ante 30
P1xel7 posts ante 30
Mr Djoudj posts ante 30
le-daron posts small blind 125
Boulk449 posts big blind 250
Dealt to P1xel7 [7c 4s]
*** PRE-FLOP *** 
JNLRP folds
Pika78 folds
P1xel7 folds
Mr Djoudj folds
le-daron calls 125
Boulk449 checks
*** FLOP *** [Ks 3c Jc]
le-daron bets 250
Boulk449 folds
le-daron collected 930 from pot
*** SUMMARY ***
Total pot 930 | No rake
Board: [Ks 3c Jc]
Seat 6: le-daron (small blind) won 930


Winamax Poker - Tournament "MYSTERY KO" buyIn: 0.90€ + 0.10€ level: 2 - HandId: #3173533321921560619-49-1706817691 - Holdem no limit (30/125/250) - 2024/02/01 20:01:31 UTC
Table: 'MYSTERY KO(738895806)#0042' 6-max (real money) Seat #6 is the button
Seat 1: Boulk449 (20877)
Seat 2: JNLRP (18173)
Seat 3: Pika78 (37900)
Seat 4: P1xel7 (18865)
Seat 5: Mr Djoudj (14439)
Seat 6: le-daron (32408)
*** ANTE/BLINDS ***
Boulk449 posts ante 30
JNLRP posts ante 30
Pika78 posts ante 30
P1xel7 posts ante 30
Mr Djoudj posts ante 30
le-daron posts ante 30
Boulk449 posts small blind 125
JNLRP posts big blind 250
Dealt to P1xel7 [9c 5d]
*** PRE-FLOP *** 
Pika78 folds
P1xel7 folds
Mr Djoudj calls 250
le-daron folds
Boulk449 folds
JNLRP checks
*** FLOP *** [6s 6c Tc]
JNLRP checks
Mr Djoudj checks
*** TURN *** [6s 6c Tc][As]
JNLRP checks
Mr Djoudj checks
*** RIVER *** [6s 6c Tc As][9h]
JNLRP checks
Mr Djoudj checks
*** SHOW DOWN ***
JNLRP shows [7c Qd] (One pair : 6)
Mr Djoudj shows [4c Ah] (Two pairs : Aces and 6)
Mr Djoudj collected 805 from pot
*** SUMMARY ***
Total pot 805 | No rake
Board: [6s 6c Tc As 9h]
Seat 2: JNLRP (big blind) showed [7c Qd] and lost with One pair : 6
Seat 5: Mr Djoudj showed [4c Ah] and won 805 with Two pairs : Aces and 6


Winamax Poker - Tournament "MYSTERY KO" buyIn: 0.90€ + 0.10€ level: 2 - HandId: #3173533321921560619-50-1706817756 - Holdem no limit (30/125/250) - 2024/02/01 20:02:36 UTC
Table: 'MYSTERY KO(738895806)#0042' 6-max (real money) Seat #1 is the button
Seat 1: Boulk449 (20722)
Seat 2: JNLRP (17893)
Seat 3: Pika78 (37870)
Seat 4: P1xel7 (18835)
Seat 5: Mr Djoudj (14964)
Seat 6: le-daron (32378)
*** ANTE/BLINDS ***
JNLRP posts ante 30
Pika78 posts ante 30
Boulk449 posts ante 30
P1xel7 posts ante 30
Mr Djoudj posts ante 30
le-daron posts ante 30
JNLRP posts small blind 125
Pika78 posts big blind 250
Dealt to P1xel7 [8h 2d]
*** PRE-FLOP *** 
P1xel7 folds
Mr Djoudj calls 250
le-daron folds
Boulk449 folds
JNLRP raises 875 to 1125
Pika78 folds
Mr Djoudj calls 875
*** FLOP *** [9h Kd 3d]
JNLRP bets 938
Mr Djoudj folds
JNLRP collected 3618 from pot
*** SUMMARY ***
Total pot 3618 | No rake
Board: [9h Kd 3d]
Seat 2: JNLRP (small blind) won 3618


Winamax Poker - Tournament "MYSTERY KO" buyIn: 0.90€ + 0.10€ level: 3 - HandId: #3173533321921560619-51-1706817794 - Holdem no limit (35/150/300) - 2024/02/01 20:03:14 UTC
Table: 'MYSTERY KO(738895806)#0042' 6-max (real money) Seat #2 is the button
Seat 1: Boulk449 (20692)
Seat 2: JNLRP (19418)
Seat 3: Pika78 (37590)
Seat 4: P1xel7 (18805)
Seat 5: Mr Djoudj (13809)
Seat 6: le-daron (32348)
*** ANTE/BLINDS ***
Pika78 posts ante 35
P1xel7 posts ante 35
Boulk449 posts ante 35
JNLRP posts ante 35
Mr Djoudj posts ante 35
le-daron posts ante 35
Pika78 posts small blind 150
P1xel7 posts big blind 300
Dealt to P1xel7 [Qh Ah]
*** PRE-FLOP *** 
Mr Djoudj folds
le-daron raises 330 to 630
Boulk449 folds
JNLRP folds
Pika78 folds
P1xel7 raises 1620 to 2250
le-daron folds
P1xel7 collected 3240 from pot
*** SUMMARY ***
Total pot 3240 | No rake
Seat 4: P1xel7 (big blind) won 3240


Winamax Poker - Tournament "MYSTERY KO" buyIn: 0.90€ + 0.10€ level: 3 - HandId: #3173533321921560619-52-1706817822 - Holdem no limit (35/150/300) - 2024/02/01 20:03:42 UTC
Table: 'MYSTERY KO(738895806)#0042' 6-max (real money) Seat #3 is the button
Seat 1: Boulk449 (20657)
Seat 2: JNLRP (19383)
Seat 3: Pika78 (37405)
Seat 4: P1xel7 (19760)
Seat 5: Mr Djoudj (13774)
Seat 6: le-daron (31683)
*** ANTE/BLINDS ***
P1xel7 posts ante 35
Mr Djoudj posts ante 35
Boulk449 posts ante 35
JNLRP posts ante 35
Pika78 posts ante 35
le-daron posts ante 35
P1xel7 posts small blind 150
Mr Djoudj posts big blind 300
Dealt to P1xel7 [Jh Ts]
*** PRE-FLOP *** 
le-daron raises 330 to 630
Boulk449 folds
JNLRP folds
Pika78 folds
P1xel7 calls 480
Mr Djoudj calls 330
*** FLOP *** [Ac 6h 4h]
P1xel7 checks
Mr Djoudj checks
le-daron checks
*** TURN *** [Ac 6h 4h][Kc]
P1xel7 checks
Mr Djoudj checks
le-daron checks
*** RIVER *** [Ac 6h 4h Kc][2h]
P1xel7 checks
Mr Djoudj bets 1365
le-daron folds
P1xel7 folds
Mr Djoudj collected 3465 from pot
*** SUMMARY ***
Total pot 3465 | No rake
Board: [Ac 6h 4h Kc 2h]
Seat 5: Mr Djoudj (big blind) won 3465


Winamax Poker - Tournament "MYSTERY KO" buyIn: 0.90€ + 0.10€ level: 3 - HandId: #3173533321921560619-53-1706817867 - Holdem no limit (35/150/300) - 2024/02/01 20:04:27 UTC
Table: 'MYSTERY KO(738895806)#0042' 6-max (real money) Seat #4 is the button
Seat 1: Boulk449 (20622)
Seat 2: JNLRP (19348)
Seat 3: Pika78 (37370)
Seat 4: P1xel7 (19095)
Seat 5: Mr Djoudj (15209)
Seat 6: le-daron (31018)
*** ANTE/BLINDS ***
Mr Djoudj posts ante 35
le-daron posts ante 35
Boulk449 posts ante 35
JNLRP posts ante 35
Pika78 posts ante 35
P1xel7 posts ante 35
Mr Djoudj posts small blind 150
le-daron posts big blind 300
Dealt to P1xel7 [8c 4s]
*** PRE-FLOP *** 
Boulk449 folds
JNLRP raises 300 to 600
Pika78 folds
P1xel7 folds
Mr Djoudj calls 450
le-daron calls 300
*** FLOP *** [2c 6d 5d]
Mr Djoudj checks
le-daron checks
JNLRP checks
*** TURN *** [2c 6d 5d][7c]
Mr Djoudj checks
le-daron bets 1307
JNLRP folds
Mr Djoudj folds
le-daron collected 3317 from pot
*** SUMMARY ***
Total pot 3317 | No rake
Board: [2c 6d 5d 7c]
Seat 6: le-daron (big blind) won 3317


Winamax Poker - Tournament "MYSTERY KO" buyIn: 0.90€ + 0.10€ level: 3 - HandId: #3173533321921560619-54-1706817909 - Holdem no limit (35/150/300) - 2024/02/01 20:05:09 UTC
Table: 'MYSTERY KO(738895806)#0042' 6-max (real money) Seat #5 is the button
Seat 1: Boulk449 (20587)
Seat 2: JNLRP (18713)
Seat 3: Pika78 (37335)
Seat 4: P1xel7 (19060)
Seat 5: Mr Djoudj (14574)
Seat 6: le-daron (32393)
*** ANTE/BLINDS ***
le-daron posts ante 35
Boulk449 posts ante 35
JNLRP posts ante 35
Pika78 posts ante 35
P1xel7 posts ante 35
Mr Djoudj posts ante 35
le-daron posts small blind 150
Boulk449 posts big blind 300
Dealt to P1xel7 [4c Jh]
*** PRE-FLOP *** 
JNLRP folds
Pika78 raises 300 to 600
P1xel7 folds
Mr Djoudj folds
le-daron calls 450
Boulk449 folds
*** FLOP *** [2h Tc Jc]
le-daron checks
Pika78 bets 750
le-daron calls 750
*** TURN *** [2h Tc Jc][Kh]
le-daron checks
Pika78 checks
*** RIVER *** [2h Tc Jc Kh][Kc]
le-daron checks
Pika78 bets 2087
le-daron folds
Pika78 collected 5297 from pot
*** SUMMARY ***
Total pot 5297 | No rake
Board: [2h Tc Jc Kh Kc]
Seat 3: Pika78 won 5297


Winamax Poker - Tournament "MYSTERY KO" buyIn: 0.90€ + 0.10€ level: 3 - HandId: #3173533321921560619-55-1706817965 - Holdem no limit (35/150/300) - 2024/02/01 20:06:05 UTC
Table: 'MYSTERY KO(738895806)#0042' 6-max (real money) Seat #6 is the button
Seat 1: Boulk449 (20252)
Seat 2: JNLRP (18678)
Seat 3: Pika78 (39160)
Seat 4: P1xel7 (19025)
Seat 5: Mr Djoudj (14539)
Seat 6: le-daron (31008)
*** ANTE/BLINDS ***
Boulk449 posts ante 35
JNLRP posts ante 35
Pika78 posts ante 35
P1xel7 posts ante 35
Mr Djoudj posts ante 35
le-daron posts ante 35
Boulk449 posts small blind 150
JNLRP posts big blind 300
Dealt to P1xel7 [9c Ah]
*** PRE-FLOP *** 
Pika78 folds
P1xel7 raises 360 to 660
Mr Djoudj folds
le-daron folds
Boulk449 folds
JNLRP calls 360
*** FLOP *** [5s 7s 5d]
JNLRP checks
P1xel7 checks
*** TURN *** [5s 7s 5d][8c]
JNLRP bets 588
P1xel7 folds
JNLRP collected 2268 from pot
*** SUMMARY ***
Total pot 2268 | No rake
Board: [5s 7s 5d 8c]
Seat 2: JNLRP (big blind) won 2268


Winamax Poker - Tournament "MYSTERY KO" buyIn: 0.90€ + 0.10€ level: 3 - HandId: #3173533321921560619-56-1706818000 - Holdem no limit (35/150/300) - 2024/02/01 20:06:40 UTC
Table: 'MYSTERY KO(738895806)#0042' 6-max (real money) Seat #1 is the button
Seat 1: Boulk449 (20067)
Seat 2: JNLRP (19663)
Seat 3: Pika78 (39125)
Seat 4: P1xel7 (18330)
Seat 5: Mr Djoudj (14504)
Seat 6: le-daron (30973)
*** ANTE/BLINDS ***
JNLRP posts ante 35
Pika78 posts ante 35
Boulk449 posts ante 35
P1xel7 posts ante 35
Mr Djoudj posts ante 35
le-daron posts ante 35
JNLRP posts small blind 150
Pika78 posts big blind 300
Dealt to P1xel7 [4h Ac]
*** PRE-FLOP *** 
P1xel7 folds
Mr Djoudj calls 300
le-daron folds
Boulk449 folds
JNLRP folds
Pika78 checks
*** FLOP *** [3d Ah Ks]
Pika78 checks
Mr Djoudj checks
*** TURN *** [3d Ah Ks][8c]
Pika78 checks
Mr Djoudj checks
*** RIVER *** [3d Ah Ks 8c][Kh]
Pika78 checks
Mr Djoudj checks
*** SHOW DOWN ***
Pika78 shows [Ts 5c] (One pair : Kings)
Mr Djoudj shows [Jc Tc] (One pair : Kings)
Mr Djoudj collected 960 from pot
*** SUMMARY ***
Total pot 960 | No rake
Board: [3d Ah Ks 8c Kh]
Seat 3: Pika78 (big blind) showed [Ts 5c] and lost with One pair : Kings
Seat 5: Mr Djoudj showed [Jc Tc] and won 960 with One pair : Kings


Winamax Poker - Tournament "MYSTERY KO" buyIn: 0.90€ + 0.10€ level: 3 - HandId: #3173533321921560619-57-1706818036 - Holdem no limit (35/150/300) - 2024/02/01 20:07:16 UTC
Table: 'MYSTERY KO(738895806)#0042' 6-max (real money) Seat #2 is the button
Seat 1: Boulk449 (20032)
Seat 2: JNLRP (19478)
Seat 3: Pika78 (38790)
Seat 4: P1xel7 (18295)
Seat 5: Mr Djoudj (15129)
Seat 6: le-daron (30938)
*** ANTE/BLINDS ***
Pika78 posts ante 35
P1xel7 posts ante 35
Boulk449 posts ante 35
JNLRP posts ante 35
Mr Djoudj posts ante 35
le-daron posts ante 35
Pika78 posts small blind 150
P1xel7 posts big blind 300
Dealt to P1xel7 [6h Ad]
*** PRE-FLOP *** 
Mr Djoudj folds
le-daron folds
Boulk449 folds
JNLRP folds
Pika78 calls 150
P1xel7 checks
*** FLOP *** [5d Ah 3d]
Pika78 checks
P1xel7 bets 300
Pika78 folds
P1xel7 collected 1110 from pot
*** SUMMARY ***
Total pot 1110 | No rake
Board: [5d Ah 3d]
Seat 4: P1xel7 (big blind) won 1110


Winamax Poker - Tournament "MYSTERY KO" buyIn: 0.90€ + 0.10€ level: 3 - HandId: #3173533321921560619-58-1706818089 - Holdem no limit (35/150/300) - 2024/02/01 20:08:09 UTC
Table: 'MYSTERY KO(738895806)#0042' 6-max (real money) Seat #3 is the button
Seat 1: Boulk449 (19997)
Seat 2: JNLRP (19443)
Seat 3: Pika78 (38455)
Seat 4: P1xel7 (18770)
Seat 5: Mr Djoudj (15094)
Seat 6: le-daron (30903)
*** ANTE/BLINDS ***
P1xel7 posts ante 35
Mr Djoudj posts ante 35
Boulk449 posts ante 35
JNLRP posts ante 35
Pika78 posts ante 35
le-daron posts ante 35
P1xel7 posts small blind 150
Mr Djoudj posts big blind 300
Dealt to P1xel7 [3h Kc]
*** PRE-FLOP *** 
le-daron folds
Boulk449 folds
JNLRP folds
Pika78 raises 375 to 675
P1xel7 folds
Mr Djoudj folds
Pika78 collected 1335 from pot
*** SUMMARY ***
Total pot 1335 | No rake
Seat 3: Pika78 (button) won 1335


Winamax Poker - Tournament "MYSTERY KO" buyIn: 0.90€ + 0.10€ level: 3 - HandId: #3173533321921560619-59-1706818111 - Holdem no limit (35/150/300) - 2024/02/01 20:08:31 UTC
Table: 'MYSTERY KO(738895806)#0042' 6-max (real money) Seat #4 is the button
Seat 1: Boulk449 (19962)
Seat 2: JNLRP (19408)
Seat 3: Pika78 (39080)
Seat 4: P1xel7 (18585)
Seat 5: Mr Djoudj (14759)
Seat 6: le-daron (30868)
*** ANTE/BLINDS ***
Mr Djoudj posts ante 35
le-daron posts ante 35
Boulk449 posts ante 35
JNLRP posts ante 35
Pika78 posts ante 35
P1xel7 posts ante 35
Mr Djoudj posts small blind 150
le-daron posts big blind 300
Dealt to P1xel7 [9d 8s]
*** PRE-FLOP *** 
Boulk449 folds
JNLRP folds
Pika78 folds
P1xel7 raises 360 to 660
Mr Djoudj calls 510
le-daron calls 360
*** FLOP *** [9s Ts Js]
Mr Djoudj checks
le-daron checks
P1xel7 bets 548
Mr Djoudj calls 548
le-daron folds
*** TURN *** [9s Ts Js][3c]
Mr Djoudj checks
P1xel7 bets 1150
Mr Djoudj calls 1150
*** RIVER *** [9s Ts Js 3c][Kh]
Mr Djoudj checks
P1xel7 checks
*** SHOW DOWN ***
P1xel7 shows [9d 8s] (One pair : 9)
Mr Djoudj shows [Qh 7h] (Straight King high)
Mr Djoudj collected 5586 from pot
*** SUMMARY ***
Total pot 5586 | No rake
Board: [9s Ts Js 3c Kh]
Seat 4: P1xel7 (button) showed [9d 8s] and lost with One pair : 9
Seat 5: Mr Djoudj (small blind) showed [Qh 7h] and won 5586 with Straight King high


Winamax Poker - Tournament "MYSTERY KO" buyIn: 0.90€ + 0.10€ level: 3 - HandId: #3173533321921560619-60-1706818167 - Holdem no limit (35/150/300) - 2024/02/01 20:09:27 UTC
Table: 'MYSTERY KO(738895806)#0042' 6-max (real money) Seat #5 is the button
Seat 1: Boulk449 (19927)
Seat 2: JNLRP (19373)
Seat 3: Pika78 (39045)
Seat 4: P1xel7 (16192)
Seat 5: Mr Djoudj (17952)
Seat 6: le-daron (30173)
*** ANTE/BLINDS ***
le-daron posts ante 35
Boulk449 posts ante 35
JNLRP posts ante 35
Pika78 posts ante 35
P1xel7 posts ante 35
Mr Djoudj posts ante 35
le-daron posts small blind 150
Boulk449 posts big blind 300
Dealt to P1xel7 [Ts 2d]
*** PRE-FLOP *** 
JNLRP folds
Pika78 raises 450 to 750
P1xel7 folds
Mr Djoudj calls 750
le-daron folds
Boulk449 folds
*** FLOP *** [Qc Qs 2s]
Pika78 bets 1350
Mr Djoudj calls 1350
*** TURN *** [Qc Qs 2s][Jd]
Pika78 bets 2400
Mr Djoudj calls 2400
*** RIVER *** [Qc Qs 2s Jd][9c]
Pika78 bets 2400
Mr Djoudj calls 2400
*** SHOW DOWN ***
Pika78 shows [Ac Kc] (One pair : Queens)
Mr Djoudj shows [Jh As] (Two pairs : Queens and Jacks)
Mr Djoudj collected 14460 from pot
*** SUMMARY ***
Total pot 14460 | No rake
Board: [Qc Qs 2s Jd 9c]
Seat 3: Pika78 showed [Ac Kc] and lost with One pair : Queens
Seat 5: Mr Djoudj (button) showed [Jh As] and won 14460 with Two pairs : Queens and Jacks


Winamax Poker - Tournament "MYSTERY KO" buyIn: 0.90€ + 0.10€ level: 4 - HandId: #3173533321921560619-61-1706818232 - Holdem no limit (40/175/350) - 2024/02/01 20:10:32 UTC
Table: 'MYSTERY KO(738895806)#0042' 6-max (real money) Seat #6 is the button
Seat 1: Boulk449 (19592)
Seat 2: JNLRP (19338)
Seat 4: P1xel7 (16157)
Seat 5: Mr Djoudj (25477)
Seat 6: le-daron (29988)
*** ANTE/BLINDS ***
Boulk449 posts ante 40
JNLRP posts ante 40
P1xel7 posts ante 40
Mr Djoudj posts ante 40
le-daron posts ante 40
Boulk449 posts small blind 175
JNLRP posts big blind 350
Dealt to P1xel7 [4c Tc]
*** PRE-FLOP *** 
P1xel7 folds
Mr Djoudj folds
le-daron folds
Boulk449 folds
JNLRP collected 725 from pot
*** SUMMARY ***
Total pot 725 | No rake
Seat 2: JNLRP (big blind) won 725


Winamax Poker - Tournament "MYSTERY KO" buyIn: 0.90€ + 0.10€ level: 4 - HandId: #3173533321921560619-62-1706818241 - Holdem no limit (40/175/350) - 2024/02/01 20:10:41 UTC
Table: 'MYSTERY KO(738895806)#0042' 6-max (real money) Seat #1 is the button
Seat 1: Boulk449 (19377)
Seat 2: JNLRP (19673)
Seat 4: P1xel7 (16117)
Seat 5: Mr Djoudj (25437)
Seat 6: le-daron (29948)
*** ANTE/BLINDS ***
JNLRP posts ante 40
P1xel7 posts ante 40
Boulk449 posts ante 40
Mr Djoudj posts ante 40
le-daron posts ante 40
JNLRP posts small blind 175
P1xel7 posts big blind 350
Dealt to P1xel7 [5s Tc]
*** PRE-FLOP *** 
Mr Djoudj folds
le-daron raises 385 to 735
Boulk449 calls 735
JNLRP folds
P1xel7 folds
*** FLOP *** [7h 7c 7s]
le-daron bets 768
Boulk449 calls 768
*** TURN *** [7h 7c 7s][5h]
le-daron bets 2425
Boulk449 folds
le-daron collected 6156 from pot
*** SUMMARY ***
Total pot 6156 | No rake
Board: [7h 7c 7s 5h]
Seat 6: le-daron won 6156


Winamax Poker - Tournament "MYSTERY KO" buyIn: 0.90€ + 0.10€ level: 4 - HandId: #3173533321921560619-63-1706818286 - Holdem no limit (40/175/350) - 2024/02/01 20:11:26 UTC
Table: 'MYSTERY KO(738895806)#0042' 6-max (real money) Seat #2 is the button
Seat 1: Boulk449 (17834)
Seat 2: JNLRP (19458)
Seat 3: GoMazku (20000)
Seat 4: P1xel7 (15727)
Seat 5: Mr Djoudj (25397)
Seat 6: le-daron (32136)
*** ANTE/BLINDS ***
P1xel7 posts ante 40
Mr Djoudj posts ante 40
Boulk449 posts ante 40
JNLRP posts ante 40
le-daron posts ante 40
P1xel7 posts small blind 175
Mr Djoudj posts big blind 350
Dealt to P1xel7 [4d 5h]
*** PRE-FLOP *** 
le-daron raises 385 to 735
Boulk449 folds
JNLRP folds
P1xel7 folds
Mr Djoudj folds
le-daron collected 1460 from pot
*** SUMMARY ***
Total pot 1460 | No rake
Seat 6: le-daron won 1460


Winamax Poker - Tournament "MYSTERY KO" buyIn: 0.90€ + 0.10€ level: 4 - HandId: #3173533321921560619-64-1706818300 - Holdem no limit (40/175/350) - 2024/02/01 20:11:40 UTC
Table: 'MYSTERY KO(738895806)#0042' 6-max (real money) Seat #4 is the button
Seat 1: Boulk449 (17794)
Seat 2: JNLRP (19418)
Seat 3: GoMazku (20000)
Seat 4: P1xel7 (15512)
Seat 5: Mr Djoudj (25007)
Seat 6: le-daron (32821)
*** ANTE/BLINDS ***
Mr Djoudj posts ante 40
le-daron posts ante 40
Boulk449 posts ante 40
JNLRP posts ante 40
GoMazku posts ante 40
P1xel7 posts ante 40
Mr Djoudj posts small blind 175
le-daron posts big blind 350
Dealt to P1xel7 [9d 6s]
*** PRE-FLOP *** 
Boulk449 folds
JNLRP folds
GoMazku raises 388 to 738
P1xel7 folds
Mr Djoudj calls 563
le-daron calls 388
*** FLOP *** [Qc Jd 2s]
Mr Djoudj checks
le-daron checks
GoMazku checks
*** TURN *** [Qc Jd 2s][Ks]
Mr Djoudj checks
le-daron checks
GoMazku checks
*** RIVER *** [Qc Jd 2s Ks][4c]
Mr Djoudj checks
le-daron bets 1963
GoMazku folds
Mr Djoudj folds
le-daron collected 4417 from pot
*** SUMMARY ***
Total pot 4417 | No rake
Board: [Qc Jd 2s Ks 4c]
Seat 6: le-daron (big blind) won 4417


Winamax Poker - Tournament "MYSTERY KO" buyIn: 0.90€ + 0.10€ level: 4 - HandId: #3173533321921560619-65-1706818364 - Holdem no limit (40/175/350) - 2024/02/01 20:12:44 UTC
Table: 'MYSTERY KO(738895806)#0042' 6-max (real money) Seat #5 is the button
Seat 1: Boulk449 (17754)
Seat 2: JNLRP (19378)
Seat 3: GoMazku (19222)
Seat 4: P1xel7 (15472)
Seat 5: Mr Djoudj (24229)
Seat 6: le-daron (34497)
*** ANTE/BLINDS ***
le-daron posts ante 40
Boulk449 posts ante 40
JNLRP posts ante 40
GoMazku posts ante 40
P1xel7 posts ante 40
Mr Djoudj posts ante 40
le-daron posts small blind 175
Boulk449 posts big blind 350
Dealt to P1xel7 [8c 6s]
*** PRE-FLOP *** 
JNLRP folds
GoMazku raises 388 to 738
P1xel7 folds
Mr Djoudj folds
le-daron raises 1476 to 2214
Boulk449 folds
GoMazku calls 1476
*** FLOP *** [7d 3s 7h]
le-daron checks
GoMazku bets 2800
le-daron folds
GoMazku collected 7818 from pot
*** SUMMARY ***
Total pot 7818 | No rake
Board: [7d 3s 7h]
Seat 3: GoMazku won 7818


Winamax Poker - Tournament "MYSTERY KO" buyIn: 0.90€ + 0.10€ level: 4 - HandId: #3173533321921560619-66-1706818411 - Holdem no limit (40/175/350) - 2024/02/01 20:13:31 UTC
Table: 'MYSTERY KO(738895806)#0042' 6-max (real money) Seat #6 is the button
Seat 1: Boulk449 (17364)
Seat 2: JNLRP (19338)
Seat 3: GoMazku (21986)
Seat 4: P1xel7 (15432)
Seat 5: Mr Djoudj (24189)
Seat 6: le-daron (32243)
*** ANTE/BLINDS ***
Boulk449 posts ante 40
JNLRP posts ante 40
GoMazku posts ante 40
P1xel7 posts ante 40
Mr Djoudj posts ante 40
le-daron posts ante 40
Boulk449 posts small blind 175
JNLRP posts big blind 350
Dealt to P1xel7 [3h 4s]
*** PRE-FLOP *** 
GoMazku folds
P1xel7 folds
Mr Djoudj folds
le-daron raises 385 to 735
Boulk449 folds
JNLRP folds
le-daron collected 1500 from pot
*** SUMMARY ***
Total pot 1500 | No rake
Seat 6: le-daron (button) won 1500


Winamax Poker - Tournament "MYSTERY KO" buyIn: 0.90€ + 0.10€ level: 4 - HandId: #3173533321921560619-67-1706818431 - Holdem no limit (40/175/350) - 2024/02/01 20:13:51 UTC
Table: 'MYSTERY KO(738895806)#0042' 6-max (real money) Seat #1 is the button
Seat 1: Boulk449 (17149)
Seat 2: JNLRP (18948)
Seat 3: GoMazku (21946)
Seat 4: P1xel7 (15392)
Seat 5: Mr Djoudj (24149)
Seat 6: le-daron (32968)
*** ANTE/BLINDS ***
JNLRP posts ante 40
GoMazku posts ante 40
Boulk449 posts ante 40
P1xel7 posts ante 40
Mr Djoudj posts ante 40
le-daron posts ante 40
JNLRP posts small blind 175
GoMazku posts big blind 350
Dealt to P1xel7 [2h Ac]
*** PRE-FLOP *** 
P1xel7 folds
Mr Djoudj folds
le-daron folds
Boulk449 folds
JNLRP raises 1050 to 1400
GoMazku folds
JNLRP collected 1990 from pot
*** SUMMARY ***
Total pot 1990 | No rake
Seat 2: JNLRP (small blind) won 1990


Winamax Poker - Tournament "MYSTERY KO" buyIn: 0.90€ + 0.10€ level: 4 - HandId: #3173533321921560619-68-1706818474 - Holdem no limit (40/175/350) - 2024/02/01 20:14:34 UTC
Table: 'MYSTERY KO(738895806)#0042' 6-max (real money) Seat #2 is the button
Seat 1: Boulk449 (17109)
Seat 2: JNLRP (19498)
Seat 3: GoMazku (21556)
Seat 4: P1xel7 (15352)
Seat 5: Mr Djoudj (24109)
Seat 6: le-daron (32928)
*** ANTE/BLINDS ***
GoMazku posts ante 40
P1xel7 posts ante 40
Boulk449 posts ante 40
JNLRP posts ante 40
Mr Djoudj posts ante 40
le-daron posts ante 40
GoMazku posts small blind 175
P1xel7 posts big blind 350
Dealt to P1xel7 [6h Kd]
*** PRE-FLOP *** 
Mr Djoudj calls 350
le-daron folds
Boulk449 folds
JNLRP folds
GoMazku folds
P1xel7 checks
*** FLOP *** [7s 9c 2s]
P1xel7 checks
Mr Djoudj checks
*** TURN *** [7s 9c 2s][Qd]
P1xel7 checks
Mr Djoudj checks
*** RIVER *** [7s 9c 2s Qd][Kc]
P1xel7 bets 390
Mr Djoudj calls 390
*** SHOW DOWN ***
Mr Djoudj shows [Ad 9h] (One pair : 9)
P1xel7 shows [6h Kd] (One pair : Kings)
P1xel7 collected 1895 from pot
*** SUMMARY ***
Total pot 1895 | No rake
Board: [7s 9c 2s Qd Kc]
Seat 4: P1xel7 (big blind) showed [6h Kd] and won 1895 with One pair : Kings
Seat 5: Mr Djoudj showed [Ad 9h] and lost with One pair : 9


Winamax Poker - Tournament "MYSTERY KO" buyIn: 0.90€ + 0.10€ level: 4 - HandId: #3173533321921560619-69-1706818517 - Holdem no limit (40/175/350) - 2024/02/01 20:15:17 UTC
Table: 'MYSTERY KO(738895806)#0042' 6-max (real money) Seat #3 is the button
Seat 1: Boulk449 (17069)
Seat 2: JNLRP (19458)
Seat 3: GoMazku (21341)
Seat 4: P1xel7 (16467)
Seat 5: Mr Djoudj (23329)
Seat 6: le-daron (32888)
*** ANTE/BLINDS ***
P1xel7 posts ante 40
Mr Djoudj posts ante 40
Boulk449 posts ante 40
JNLRP posts ante 40
GoMazku posts ante 40
le-daron posts ante 40
P1xel7 posts small blind 175
Mr Djoudj posts big blind 350
Dealt to P1xel7 [Kh 2s]
*** PRE-FLOP *** 
le-daron folds
Boulk449 folds
JNLRP folds
GoMazku folds
P1xel7 folds
Mr Djoudj collected 765 from pot
*** SUMMARY ***
Total pot 765 | No rake
Seat 5: Mr Djoudj (big blind) won 765


Winamax Poker - Tournament "MYSTERY KO" buyIn: 0.90€ + 0.10€ level: 4 - HandId: #3173533321921560619-70-1706818546 - Holdem no limit (40/175/350) - 2024/02/01 20:15:46 UTC
Table: 'MYSTERY KO(738895806)#0042' 6-max (real money) Seat #4 is the button
Seat 1: Boulk449 (17029)
Seat 2: JNLRP (19418)
Seat 3: GoMazku (21301)
Seat 4: P1xel7 (16252)
Seat 5: Mr Djoudj (23704)
Seat 6: le-daron (32848)
*** ANTE/BLINDS ***
Mr Djoudj posts ante 40
le-daron posts ante 40
Boulk449 posts ante 40
JNLRP posts ante 40
GoMazku posts ante 40
P1xel7 posts ante 40
Mr Djoudj posts small blind 175
le-daron posts big blind 350
Dealt to P1xel7 [7c 4c]
*** PRE-FLOP *** 
Boulk449 raises 350 to 700
JNLRP folds
GoMazku folds
P1xel7 folds
Mr Djoudj folds
le-daron folds
Boulk449 collected 1465 from pot
*** SUMMARY ***
Total pot 1465 | No rake
Seat 1: Boulk449 won 1465


Winamax Poker - Tournament "MYSTERY KO" buyIn: 0.90€ + 0.10€ level: 4 - HandId: #3173533321921560619-71-1706818577 - Holdem no limit (40/175/350) - 2024/02/01 20:16:17 UTC
Table: 'MYSTERY KO(738895806)#0042' 6-max (real money) Seat #5 is the button
Seat 1: Boulk449 (17754)
Seat 2: JNLRP (19378)
Seat 3: GoMazku (21261)
Seat 4: P1xel7 (16212)
Seat 5: Mr Djoudj (23489)
Seat 6: le-daron (32458)
*** ANTE/BLINDS ***
le-daron posts ante 40
Boulk449 posts ante 40
JNLRP posts ante 40
GoMazku posts ante 40
P1xel7 posts ante 40
Mr Djoudj posts ante 40
le-daron posts small blind 175
Boulk449 posts big blind 350
Dealt to P1xel7 [7s Qc]
*** PRE-FLOP *** 
JNLRP folds
GoMazku raises 388 to 738
P1xel7 folds
Mr Djoudj folds
le-daron calls 563
Boulk449 raises 1476 to 2214
GoMazku folds
le-daron folds
Boulk449 collected 3930 from pot
*** SUMMARY ***
Total pot 3930 | No rake
Seat 1: Boulk449 (big blind) won 3930


Winamax Poker - Tournament "MYSTERY KO" buyIn: 0.90€ + 0.10€ level: 4 - HandId: #3173533321921560619-72-1706818620 - Holdem no limit (40/175/350) - 2024/02/01 20:17:00 UTC
Table: 'MYSTERY KO(738895806)#0042' 6-max (real money) Seat #6 is the button
Seat 1: Boulk449 (19430)
Seat 2: JNLRP (19338)
Seat 3: GoMazku (20483)
Seat 4: P1xel7 (16172)
Seat 5: Mr Djoudj (23449)
Seat 6: le-daron (31680)
*** ANTE/BLINDS ***
Boulk449 posts ante 40
JNLRP posts ante 40
GoMazku posts ante 40
P1xel7 posts ante 40
Mr Djoudj posts ante 40
le-daron posts ante 40
Boulk449 posts small blind 175
JNLRP posts big blind 350
Dealt to P1xel7 [9d Tc]
*** PRE-FLOP *** 
GoMazku raises 388 to 738
P1xel7 folds
Mr Djoudj folds
le-daron folds
Boulk449 folds
JNLRP folds
GoMazku collected 1503 from pot
*** SUMMARY ***
Total pot 1503 | No rake
Seat 3: GoMazku won 1503


Winamax Poker - Tournament "MYSTERY KO" buyIn: 0.90€ + 0.10€ level: 5 - HandId: #3173533321921560619-73-1706818640 - Holdem no limit (50/200/400) - 2024/02/01 20:17:20 UTC
Table: 'MYSTERY KO(738895806)#0042' 6-max (real money) Seat #1 is the button
Seat 1: Boulk449 (19215)
Seat 2: JNLRP (18948)
Seat 3: GoMazku (21208)
Seat 4: P1xel7 (16132)
Seat 5: Mr Djoudj (23409)
Seat 6: le-daron (31640)
*** ANTE/BLINDS ***
JNLRP posts ante 50
GoMazku posts ante 50
Boulk449 posts ante 50
P1xel7 posts ante 50
Mr Djoudj posts ante 50
le-daron posts ante 50
JNLRP posts small blind 200
GoMazku posts big blind 400
Dealt to P1xel7 [4s Ac]
*** PRE-FLOP *** 
P1xel7 folds
Mr Djoudj folds
le-daron raises 440 to 840
Boulk449 folds
JNLRP folds
GoMazku raises 2360 to 3200
le-daron folds
GoMazku collected 4540 from pot
*** SUMMARY ***
Total pot 4540 | No rake
Seat 3: GoMazku (big blind) won 4540


Winamax Poker - Tournament "MYSTERY KO" buyIn: 0.90€ + 0.10€ level: 5 - HandId: #3173533321921560619-74-1706818679 - Holdem no limit (50/200/400) - 2024/02/01 20:17:59 UTC
Table: 'MYSTERY KO(738895806)#0042' 6-max (real money) Seat #2 is the button
Seat 1: Boulk449 (19165)
Seat 2: JNLRP (18698)
Seat 3: GoMazku (22498)
Seat 4: P1xel7 (16082)
Seat 5: Mr Djoudj (23359)
Seat 6: le-daron (30750)
*** ANTE/BLINDS ***
GoMazku posts ante 50
P1xel7 posts ante 50
Boulk449 posts ante 50
JNLRP posts ante 50
Mr Djoudj posts ante 50
le-daron posts ante 50
GoMazku posts small blind 200
P1xel7 posts big blind 400
Dealt to P1xel7 [4d 2c]
*** PRE-FLOP *** 
Mr Djoudj folds
le-daron folds
Boulk449 folds
JNLRP folds
GoMazku calls 200
P1xel7 checks
*** FLOP *** [Ad Jc 7h]
GoMazku bets 400
P1xel7 folds
GoMazku collected 1500 from pot
*** SUMMARY ***
Total pot 1500 | No rake
Board: [Ad Jc 7h]
Seat 3: GoMazku (small blind) won 1500


Winamax Poker - Tournament "MYSTERY KO" buyIn: 0.90€ + 0.10€ level: 5 - HandId: #3173533321921560619-75-1706818712 - Holdem no limit (50/200/400) - 2024/02/01 20:18:32 UTC
Table: 'MYSTERY KO(738895806)#0042' 6-max (real money) Seat #3 is the button
Seat 1: Boulk449 (19115)
Seat 2: JNLRP (18648)
Seat 3: GoMazku (23148)
Seat 4: P1xel7 (15632)
Seat 5: Mr Djoudj (23309)
Seat 6: le-daron (30700)
*** ANTE/BLINDS ***
P1xel7 posts ante 50
Mr Djoudj posts ante 50
Boulk449 posts ante 50
JNLRP posts ante 50
GoMazku posts ante 50
le-daron posts ante 50
P1xel7 posts small blind 200
Mr Djoudj posts big blind 400
Dealt to P1xel7 [8s Kc]
*** PRE-FLOP *** 
le-daron folds
Boulk449 folds
JNLRP folds
GoMazku folds
P1xel7 raises 600 to 1000
Mr Djoudj calls 600
*** FLOP *** [7c Td Jh]
P1xel7 bets 805
Mr Djoudj folds
P1xel7 collected 3105 from pot
*** SUMMARY ***
Total pot 3105 | No rake
Board: [7c Td Jh]
Seat 4: P1xel7 (small blind) won 3105


Winamax Poker - Tournament "MYSTERY KO" buyIn: 0.90€ + 0.10€ level: 5 - HandId: #3173533321921560619-76-1706818741 - Holdem no limit (50/200/400) - 2024/02/01 20:19:01 UTC
Table: 'MYSTERY KO(738895806)#0042' 6-max (real money) Seat #4 is the button
Seat 1: Boulk449 (19065)
Seat 2: JNLRP (18598)
Seat 3: GoMazku (23098)
Seat 4: P1xel7 (16882)
Seat 5: Mr Djoudj (22259)
Seat 6: le-daron (30650)
*** ANTE/BLINDS ***
Mr Djoudj posts ante 50
le-daron posts ante 50
Boulk449 posts ante 50
JNLRP posts ante 50
GoMazku posts ante 50
P1xel7 posts ante 50
Mr Djoudj posts small blind 200
le-daron posts big blind 400
Dealt to P1xel7 [2s 8h]
*** PRE-FLOP *** 
Boulk449 raises 400 to 800
JNLRP folds
GoMazku folds
P1xel7 folds
Mr Djoudj folds
le-daron calls 400
*** FLOP *** [3s 7s 9h]
le-daron checks
Boulk449 bets 735
le-daron folds
Boulk449 collected 2835 from pot
*** SUMMARY ***
Total pot 2835 | No rake
Board: [3s 7s 9h]
Seat 1: Boulk449 won 2835


Winamax Poker - Tournament "MYSTERY KO" buyIn: 0.90€ + 0.10€ level: 5 - HandId: #3173533321921560619-77-1706818773 - Holdem no limit (50/200/400) - 2024/02/01 20:19:33 UTC
Table: 'MYSTERY KO(738895806)#0042' 6-max (real money) Seat #5 is the button
Seat 1: Boulk449 (20315)
Seat 2: JNLRP (18548)
Seat 3: GoMazku (23048)
Seat 4: P1xel7 (16832)
Seat 5: Mr Djoudj (22009)
Seat 6: le-daron (29800)
*** ANTE/BLINDS ***
le-daron posts ante 50
Boulk449 posts ante 50
JNLRP posts ante 50
GoMazku posts ante 50
P1xel7 posts ante 50
Mr Djoudj posts ante 50
le-daron posts small blind 200
Boulk449 posts big blind 400
Dealt to P1xel7 [9c 3h]
*** PRE-FLOP *** 
JNLRP raises 400 to 800
GoMazku folds
P1xel7 folds
Mr Djoudj folds
le-daron folds
Boulk449 folds
JNLRP collected 1700 from pot
*** SUMMARY ***
Total pot 1700 | No rake
Seat 2: JNLRP won 1700


Winamax Poker - Tournament "MYSTERY KO" buyIn: 0.90€ + 0.10€ level: 5 - HandId: #3173533321921560619-78-1706818792 - Holdem no limit (50/200/400) - 2024/02/01 20:19:52 UTC
Table: 'MYSTERY KO(738895806)#0042' 6-max (real money) Seat #6 is the button
Seat 1: Boulk449 (19865)
Seat 2: JNLRP (19398)
Seat 3: GoMazku (22998)
Seat 4: P1xel7 (16782)
Seat 5: Mr Djoudj (21959)
Seat 6: le-daron (29550)
*** ANTE/BLINDS ***
Boulk449 posts ante 50
JNLRP posts ante 50
GoMazku posts ante 50
P1xel7 posts ante 50
Mr Djoudj posts ante 50
le-daron posts ante 50
Boulk449 posts small blind 200
JNLRP posts big blind 400
Dealt to P1xel7 [6c 9h]
*** PRE-FLOP *** 
GoMazku folds
P1xel7 folds
Mr Djoudj folds
le-daron folds
Boulk449 folds
JNLRP collected 900 from pot
*** SUMMARY ***
Total pot 900 | No rake
Seat 2: JNLRP (big blind) won 900


Winamax Poker - Tournament "MYSTERY KO" buyIn: 0.90€ + 0.10€ level: 5 - HandId: #3173533321921560619-79-1706818804 - Holdem no limit (50/200/400) - 2024/02/01 20:20:04 UTC
Table: 'MYSTERY KO(738895806)#0042' 6-max (real money) Seat #1 is the button
Seat 1: Boulk449 (19615)
Seat 2: JNLRP (19848)
Seat 3: GoMazku (22948)
Seat 4: P1xel7 (16732)
Seat 5: Mr Djoudj (21909)
Seat 6: le-daron (29500)
*** ANTE/BLINDS ***
JNLRP posts ante 50
GoMazku posts ante 50
Boulk449 posts ante 50
P1xel7 posts ante 50
Mr Djoudj posts ante 50
le-daron posts ante 50
JNLRP posts small blind 200
GoMazku posts big blind 400
Dealt to P1xel7 [4d 8d]
*** PRE-FLOP *** 
P1xel7 folds
Mr Djoudj folds
le-daron folds
Boulk449 folds
JNLRP folds
GoMazku collected 900 from pot
*** SUMMARY ***
Total pot 900 | No rake
Seat 3: GoMazku (big blind) won 900


Winamax Poker - Tournament "MYSTERY KO" buyIn: 0.90€ + 0.10€ level: 5 - HandId: #3173533321921560619-80-1706818822 - Holdem no limit (50/200/400) - 2024/02/01 20:20:22 UTC
Table: 'MYSTERY KO(738895806)#0042' 6-max (real money) Seat #2 is the button
Seat 1: Boulk449 (19565)
Seat 2: JNLRP (19598)
Seat 3: GoMazku (23398)
Seat 4: P1xel7 (16682)
Seat 5: Mr Djoudj (21859)
Seat 6: le-daron (29450)
*** ANTE/BLINDS ***
GoMazku posts ante 50
P1xel7 posts ante 50
Boulk449 posts ante 50
JNLRP posts ante 50
Mr Djoudj posts ante 50
le-daron posts ante 50
GoMazku posts small blind 200
P1xel7 posts big blind 400
Dealt to P1xel7 [Ks Jh]
*** PRE-FLOP *** 
Mr Djoudj calls 400
le-daron raises 1200 to 1600
Boulk449 folds
JNLRP folds
GoMazku folds
P1xel7 calls 1200
Mr Djoudj folds
*** FLOP *** [2d Ts 2c]
P1xel7 checks
le-daron checks
*** TURN *** [2d Ts 2c][6h]
P1xel7 bets 2665
le-daron folds
P1xel7 collected 6765 from pot
*** SUMMARY ***
Total pot 6765 | No rake
Board: [2d Ts 2c 6h]
Seat 4: P1xel7 (big blind) won 6765


Winamax Poker - Tournament "MYSTERY KO" buyIn: 0.90€ + 0.10€ level: 5 - HandId: #3173533321921560619-81-1706818865 - Holdem no limit (50/200/400) - 2024/02/01 20:21:05 UTC
Table: 'MYSTERY KO(738895806)#0042' 6-max (real money) Seat #3 is the button
Seat 1: Boulk449 (19515)
Seat 2: JNLRP (19548)
Seat 3: GoMazku (23148)
Seat 4: P1xel7 (19132)
Seat 5: Mr Djoudj (21409)
Seat 6: le-daron (27800)
*** ANTE/BLINDS ***
P1xel7 posts ante 50
Mr Djoudj posts ante 50
Boulk449 posts ante 50
JNLRP posts ante 50
GoMazku posts ante 50
le-daron posts ante 50
P1xel7 posts small blind 200
Mr Djoudj posts big blind 400
Dealt to P1xel7 [Jd Ad]
*** PRE-FLOP *** 
le-daron raises 440 to 840
Boulk449 folds
JNLRP folds
GoMazku folds
P1xel7 calls 640
Mr Djoudj folds
*** FLOP *** [7c As Jc]
P1xel7 checks
le-daron bets 833
P1xel7 raises 1607 to 2440
le-daron calls 1607
*** TURN *** [7c As Jc][5c]
P1xel7 checks
le-daron checks
*** RIVER *** [7c As Jc 5c][4s]
P1xel7 bets 2541
le-daron folds
P1xel7 collected 9801 from pot
*** SUMMARY ***
Total pot 9801 | No rake
Board: [7c As Jc 5c 4s]
Seat 4: P1xel7 (small blind) won 9801


Winamax Poker - Tournament "MYSTERY KO" buyIn: 0.90€ + 0.10€ level: 5 - HandId: #3173533321921560619-82-1706818937 - Holdem no limit (50/200/400) - 2024/02/01 20:22:17 UTC
Table: 'MYSTERY KO(738895806)#0042' 6-max (real money) Seat #4 is the button
Seat 1: Boulk449 (19465)
Seat 2: JNLRP (19498)
Seat 3: GoMazku (23098)
Seat 4: P1xel7 (23062)
Seat 5: Mr Djoudj (20959)
Seat 6: le-daron (24470)
*** ANTE/BLINDS ***
Mr Djoudj posts ante 50
le-daron posts ante 50
Boulk449 posts ante 50
JNLRP posts ante 50
GoMazku posts ante 50
P1xel7 posts ante 50
Mr Djoudj posts small blind 200
le-daron posts big blind 400
Dealt to P1xel7 [2c Qc]
*** PRE-FLOP *** 
Boulk449 folds
JNLRP folds
GoMazku folds
P1xel7 folds
Mr Djoudj calls 200
le-daron raises 1200 to 1600
Mr Djoudj calls 1200
*** FLOP *** [3d 8d 9c]
Mr Djoudj checks
le-daron bets 2275
Mr Djoudj folds
le-daron collected 5775 from pot
*** SUMMARY ***
Total pot 5775 | No rake
Board: [3d 8d 9c]
Seat 6: le-daron (big blind) won 5775


Winamax Poker - Tournament "MYSTERY KO" buyIn: 0.90€ + 0.10€ level: 5 - HandId: #3173533321921560619-83-1706818975 - Holdem no limit (50/200/400) - 2024/02/01 20:22:55 UTC
Table: 'MYSTERY KO(738895806)#0042' 6-max (real money) Seat #5 is the button
Seat 1: Boulk449 (19415)
Seat 2: JNLRP (19448)
Seat 3: GoMazku (23048)
Seat 4: P1xel7 (23012)
Seat 5: Mr Djoudj (19309)
Seat 6: le-daron (26320)
*** ANTE/BLINDS ***
le-daron posts ante 50
Boulk449 posts ante 50
JNLRP posts ante 50
GoMazku posts ante 50
P1xel7 posts ante 50
Mr Djoudj posts ante 50
le-daron posts small blind 200
Boulk449 posts big blind 400
Dealt to P1xel7 [4h 6s]
*** PRE-FLOP *** 
JNLRP raises 400 to 800
GoMazku calls 800
P1xel7 folds
Mr Djoudj calls 800
le-daron folds
Boulk449 folds
*** FLOP *** [4s 2d Ac]
JNLRP checks
GoMazku checks
Mr Djoudj checks
*** TURN *** [4s 2d Ac][Kc]
JNLRP checks
GoMazku checks
Mr Djoudj checks
*** RIVER *** [4s 2d Ac Kc][8d]
JNLRP checks
GoMazku checks
Mr Djoudj checks
*** SHOW DOWN ***
GoMazku shows [7h 6h] (High card : Ace)
Mr Djoudj shows [9s Ts] (High card : Ace)
JNLRP shows [Jh Js] (One pair : Jacks)
JNLRP collected 3300 from pot
*** SUMMARY ***
Total pot 3300 | No rake
Board: [4s 2d Ac Kc 8d]
Seat 2: JNLRP showed [Jh Js] and won 3300 with One pair : Jacks
Seat 3: GoMazku showed [7h 6h] and lost with High card : Ace
Seat 5: Mr Djoudj (button) showed [9s Ts] and lost with High card : Ace


Winamax Poker - Tournament "MYSTERY KO" buyIn: 0.90€ + 0.10€ level: 5 - HandId: #3173533321921560619-84-1706819037 - Holdem no limit (50/200/400) - 2024/02/01 20:23:57 UTC
Table: 'MYSTERY KO(738895806)#0042' 6-max (real money) Seat #6 is the button
Seat 1: Boulk449 (18965)
Seat 2: JNLRP (21898)
Seat 3: GoMazku (22198)
Seat 4: P1xel7 (22962)
Seat 5: Mr Djoudj (18459)
Seat 6: le-daron (26070)
*** ANTE/BLINDS ***
Boulk449 posts ante 50
JNLRP posts ante 50
GoMazku posts ante 50
P1xel7 posts ante 50
Mr Djoudj posts ante 50
le-daron posts ante 50
Boulk449 posts small blind 200
JNLRP posts big blind 400
Dealt to P1xel7 [Ks 8c]
*** PRE-FLOP *** 
GoMazku raises 444 to 844
P1xel7 folds
Mr Djoudj folds
le-daron folds
Boulk449 folds
JNLRP folds
GoMazku collected 1744 from pot
*** SUMMARY ***
Total pot 1744 | No rake
Seat 3: GoMazku won 1744


Winamax Poker - Tournament "MYSTERY KO" buyIn: 0.90€ + 0.10€ level: 6 - HandId: #3173533321921560619-85-1706819055 - Holdem no limit (60/250/500) - 2024/02/01 20:24:15 UTC
Table: 'MYSTERY KO(738895806)#0042' 6-max (real money) Seat #1 is the button
Seat 1: Boulk449 (18715)
Seat 2: JNLRP (21448)
Seat 3: GoMazku (23048)
Seat 4: P1xel7 (22912)
Seat 5: Mr Djoudj (18409)
Seat 6: le-daron (26020)
*** ANTE/BLINDS ***
JNLRP posts ante 60
GoMazku posts ante 60
Boulk449 posts ante 60
P1xel7 posts ante 60
Mr Djoudj posts ante 60
le-daron posts ante 60
JNLRP posts small blind 250
GoMazku posts big blind 500
Dealt to P1xel7 [7d Tc]
*** PRE-FLOP *** 
P1xel7 folds
Mr Djoudj folds
le-daron folds
Boulk449 folds
JNLRP raises 1500 to 2000
GoMazku calls 1500
*** FLOP *** [Ah 4s 8s]
JNLRP bets 1526
GoMazku raises 4474 to 6000
JNLRP raises 13388 to 19388 and is all-in
GoMazku calls 13388
*** TURN *** [Ah 4s 8s][4h]
*** RIVER *** [Ah 4s 8s 4h][Ks]
*** SHOW DOWN ***
GoMazku shows [Ac Jd] (Two pairs : Aces and 4)
JNLRP shows [8d 8c] (Full of 8 and 4)
JNLRP collected 43136 from pot
*** SUMMARY ***
Total pot 43136 | No rake
Board: [Ah 4s 8s 4h Ks]
Seat 2: JNLRP (small blind) showed [8d 8c] and won 43136 with Full of 8 and 4
Seat 3: GoMazku (big blind) showed [Ac Jd] and lost with Two pairs : Aces and 4


Winamax Poker - Tournament "MYSTERY KO" buyIn: 0.90€ + 0.10€ level: 6 - HandId: #3173533321921560619-86-1706819128 - Holdem no limit (60/250/500) - 2024/02/01 20:25:28 UTC
Table: 'MYSTERY KO(738895806)#0042' 6-max (real money) Seat #2 is the button
Seat 1: Boulk449 (18655)
Seat 2: JNLRP (43136)
Seat 3: GoMazku (1600)
Seat 4: P1xel7 (22852)
Seat 5: Mr Djoudj (18349)
Seat 6: le-daron (25960)
*** ANTE/BLINDS ***
GoMazku posts ante 60
P1xel7 posts ante 60
Boulk449 posts ante 60
JNLRP posts ante 60
Mr Djoudj posts ante 60
le-daron posts ante 60
GoMazku posts small blind 250
P1xel7 posts big blind 500
Dealt to P1xel7 [3h 4c]
*** PRE-FLOP *** 
Mr Djoudj folds
le-daron raises 550 to 1050
Boulk449 folds
JNLRP folds
GoMazku raises 490 to 1540 and is all-in
P1xel7 folds
le-daron calls 490
*** FLOP *** [9c 5c Jd]
*** TURN *** [9c 5c Jd][9s]
*** RIVER *** [9c 5c Jd 9s][Qc]
*** SHOW DOWN ***
GoMazku shows [3d 6d] (One pair : 9)
le-daron shows [Tc Ah] (One pair : 9)
le-daron collected 3940 from pot
*** SUMMARY ***
Total pot 3940 | No rake
Board: [9c 5c Jd 9s Qc]
Seat 3: GoMazku (small blind) showed [3d 6d] and lost with One pair : 9
Seat 6: le-daron showed [Tc Ah] and won 3940 with One pair : 9


Winamax Poker - Tournament "MYSTERY KO" buyIn: 0.90€ + 0.10€ level: 6 - HandId: #3173533321921560619-87-1706819160 - Holdem no limit (60/250/500) - 2024/02/01 20:26:00 UTC
Table: 'MYSTERY KO(738895806)#0042' 6-max (real money) Seat #3 is the button
Seat 1: Boulk449 (18595)
Seat 2: JNLRP (43076)
Seat 4: P1xel7 (22292)
Seat 5: Mr Djoudj (18289)
Seat 6: le-daron (28300)
*** ANTE/BLINDS ***
P1xel7 posts ante 60
Mr Djoudj posts ante 60
Boulk449 posts ante 60
JNLRP posts ante 60
le-daron posts ante 60
P1xel7 posts small blind 250
Mr Djoudj posts big blind 500
Dealt to P1xel7 [2s Kh]
*** PRE-FLOP *** 
le-daron raises 550 to 1050
Boulk449 calls 1050
JNLRP folds
P1xel7 folds
Mr Djoudj calls 550
*** FLOP *** [9d 4c 6c]
Mr Djoudj checks
le-daron checks
Boulk449 checks
*** TURN *** [9d 4c 6c][Ks]
Mr Djoudj checks
le-daron checks
Boulk449 checks
*** RIVER *** [9d 4c 6c Ks][Th]
Mr Djoudj checks
le-daron checks
Boulk449 checks
*** SHOW DOWN ***
Boulk449 shows [Js Ts] (One pair : Tens)
le-daron shows [Qs Ad] (High card : Ace)
Mr Djoudj shows [Kd 5c] (One pair : Kings)
Mr Djoudj collected 3700 from pot
*** SUMMARY ***
Total pot 3700 | No rake
Board: [9d 4c 6c Ks Th]
Seat 1: Boulk449 showed [Js Ts] and lost with One pair : Tens
Seat 5: Mr Djoudj (big blind) showed [Kd 5c] and won 3700 with One pair : Kings
Seat 6: le-daron showed [Qs Ad] and lost with High card : Ace


Winamax Poker - Tournament "MYSTERY KO" buyIn: 0.90€ + 0.10€ level: 6 - HandId: #3173533321921560619-88-1706819206 - Holdem no limit (60/250/500) - 2024/02/01 20:26:46 UTC
Table: 'MYSTERY KO(738895806)#0042' 6-max (real money) Seat #4 is the button
Seat 1: Boulk449 (17485)
Seat 2: JNLRP (43016)
Seat 3: bribrak6942 (20000)
Seat 4: P1xel7 (21982)
Seat 5: Mr Djoudj (20879)
Seat 6: le-daron (27190)
*** ANTE/BLINDS ***
Mr Djoudj posts ante 60
le-daron posts ante 60
Boulk449 posts ante 60
JNLRP posts ante 60
bribrak6942 posts ante 60
P1xel7 posts ante 60
Mr Djoudj posts small blind 250
le-daron posts big blind 500
Dealt to P1xel7 [As Ad]
*** PRE-FLOP *** 
Boulk449 folds
JNLRP folds
bribrak6942 folds
P1xel7 raises 750 to 1250
Mr Djoudj folds
le-daron folds
P1xel7 collected 2360 from pot
*** SUMMARY ***
Total pot 2360 | No rake
Seat 4: P1xel7 (button) won 2360


Winamax Poker - Tournament "MYSTERY KO" buyIn: 0.90€ + 0.10€ level: 6 - HandId: #3173533321921560619-89-1706819226 - Holdem no limit (60/250/500) - 2024/02/01 20:27:06 UTC
Table: 'MYSTERY KO(738895806)#0042' 6-max (real money) Seat #5 is the button
Seat 1: Boulk449 (17425)
Seat 2: JNLRP (42956)
Seat 3: bribrak6942 (19940)
Seat 4: P1xel7 (23032)
Seat 5: Mr Djoudj (20569)
Seat 6: le-daron (26630)
*** ANTE/BLINDS ***
le-daron posts ante 60
Boulk449 posts ante 60
JNLRP posts ante 60
bribrak6942 posts ante 60
P1xel7 posts ante 60
Mr Djoudj posts ante 60
le-daron posts small blind 250
Boulk449 posts big blind 500
Dealt to P1xel7 [Kc 5s]
*** PRE-FLOP *** 
JNLRP folds
bribrak6942 calls 500
P1xel7 folds
Mr Djoudj folds
le-daron calls 250
Boulk449 checks
*** FLOP *** [6c Ts 2c]
le-daron checks
Boulk449 checks
bribrak6942 checks
*** TURN *** [6c Ts 2c][7c]
le-daron checks
Boulk449 checks
bribrak6942 checks
*** RIVER *** [6c Ts 2c 7c][6h]
le-daron checks
Boulk449 checks
bribrak6942 bets 1209
le-daron folds
Boulk449 folds
bribrak6942 collected 3069 from pot
*** SUMMARY ***
Total pot 3069 | No rake
Board: [6c Ts 2c 7c 6h]
Seat 3: bribrak6942 won 3069


Winamax Poker - Tournament "MYSTERY KO" buyIn: 0.90€ + 0.10€ level: 6 - HandId: #3173533321921560619-90-1706819283 - Holdem no limit (60/250/500) - 2024/02/01 20:28:03 UTC
Table: 'MYSTERY KO(738895806)#0042' 6-max (real money) Seat #6 is the button
Seat 1: Boulk449 (16865)
Seat 2: JNLRP (42896)
Seat 3: bribrak6942 (21240)
Seat 4: P1xel7 (22972)
Seat 5: Mr Djoudj (20509)
Seat 6: le-daron (26070)
*** ANTE/BLINDS ***
Boulk449 posts ante 60
JNLRP posts ante 60
bribrak6942 posts ante 60
P1xel7 posts ante 60
Mr Djoudj posts ante 60
le-daron posts ante 60
Boulk449 posts small blind 250
JNLRP posts big blind 500
Dealt to P1xel7 [Js 9c]
*** PRE-FLOP *** 
bribrak6942 calls 500
P1xel7 folds
Mr Djoudj folds
le-daron folds
Boulk449 calls 250
JNLRP checks
*** FLOP *** [Jh 3d Ah]
Boulk449 checks
JNLRP checks
bribrak6942 checks
*** TURN *** [Jh 3d Ah][8h]
Boulk449 bets 651
JNLRP folds
bribrak6942 folds
Boulk449 collected 2511 from pot
*** SUMMARY ***
Total pot 2511 | No rake
Board: [Jh 3d Ah 8h]
Seat 1: Boulk449 (small blind) won 2511


Winamax Poker - Tournament "MYSTERY KO" buyIn: 0.90€ + 0.10€ level: 6 - HandId: #3173533321921560619-91-1706819324 - Holdem no limit (60/250/500) - 2024/02/01 20:28:44 UTC
Table: 'MYSTERY KO(738895806)#0042' 6-max (real money) Seat #1 is the button
Seat 1: Boulk449 (18165)
Seat 2: JNLRP (42336)
Seat 3: bribrak6942 (20680)
Seat 4: P1xel7 (22912)
Seat 5: Mr Djoudj (20449)
Seat 6: le-daron (26010)
*** ANTE/BLINDS ***
JNLRP posts ante 60
bribrak6942 posts ante 60
Boulk449 posts ante 60
P1xel7 posts ante 60
Mr Djoudj posts ante 60
le-daron posts ante 60
JNLRP posts small blind 250
bribrak6942 posts big blind 500
Dealt to P1xel7 [2s Qd]
*** PRE-FLOP *** 
P1xel7 folds
Mr Djoudj folds
le-daron folds
Boulk449 raises 500 to 1000
JNLRP folds
bribrak6942 folds
Boulk449 collected 2110 from pot
*** SUMMARY ***
Total pot 2110 | No rake
Seat 1: Boulk449 (button) won 2110


Winamax Poker - Tournament "MYSTERY KO" buyIn: 0.90€ + 0.10€ level: 6 - HandId: #3173533321921560619-92-1706819342 - Holdem no limit (60/250/500) - 2024/02/01 20:29:02 UTC
Table: 'MYSTERY KO(738895806)#0042' 6-max (real money) Seat #2 is the button
Seat 1: Boulk449 (19215)
Seat 2: JNLRP (42026)
Seat 3: bribrak6942 (20120)
Seat 4: P1xel7 (22852)
Seat 5: Mr Djoudj (20389)
Seat 6: le-daron (25950)
*** ANTE/BLINDS ***
bribrak6942 posts ante 60
P1xel7 posts ante 60
Boulk449 posts ante 60
JNLRP posts ante 60
Mr Djoudj posts ante 60
le-daron posts ante 60
bribrak6942 posts small blind 250
P1xel7 posts big blind 500
Dealt to P1xel7 [5s 5h]
*** PRE-FLOP *** 
Mr Djoudj folds
le-daron raises 550 to 1050
Boulk449 folds
JNLRP folds
bribrak6942 calls 800
P1xel7 raises 3950 to 5000
le-daron raises 20890 to 25890 and is all-in
bribrak6942 folds
P1xel7 folds
le-daron collected 32300 from pot
*** SUMMARY ***
Total pot 32300 | No rake
Seat 6: le-daron won 32300


Winamax Poker - Tournament "MYSTERY KO" buyIn: 0.90€ + 0.10€ level: 6 - HandId: #3173533321921560619-93-1706819398 - Holdem no limit (60/250/500) - 2024/02/01 20:29:58 UTC
Table: 'MYSTERY KO(738895806)#0042' 6-max (real money) Seat #3 is the button
Seat 1: Boulk449 (19155)
Seat 2: JNLRP (41966)
Seat 3: bribrak6942 (19010)
Seat 4: P1xel7 (17792)
Seat 5: Mr Djoudj (20329)
Seat 6: le-daron (32300)
*** ANTE/BLINDS ***
P1xel7 posts ante 60
Mr Djoudj posts ante 60
Boulk449 posts ante 60
JNLRP posts ante 60
bribrak6942 posts ante 60
le-daron posts ante 60
P1xel7 posts small blind 250
Mr Djoudj posts big blind 500
Dealt to P1xel7 [3h 6d]
*** PRE-FLOP *** 
le-daron raises 550 to 1050
Boulk449 folds
JNLRP folds
bribrak6942 folds
P1xel7 folds
Mr Djoudj calls 550
*** FLOP *** [Jd 2c Ks]
Mr Djoudj checks
le-daron bets 949
Mr Djoudj folds
le-daron collected 3659 from pot
*** SUMMARY ***
Total pot 3659 | No rake
Board: [Jd 2c Ks]
Seat 6: le-daron won 3659


Winamax Poker - Tournament "MYSTERY KO" buyIn: 0.90€ + 0.10€ level: 6 - HandId: #3173533321921560619-94-1706819420 - Holdem no limit (60/250/500) - 2024/02/01 20:30:20 UTC
Table: 'MYSTERY KO(738895806)#0042' 6-max (real money) Seat #4 is the button
Seat 1: Boulk449 (19095)
Seat 2: JNLRP (41906)
Seat 3: bribrak6942 (18950)
Seat 4: P1xel7 (17482)
Seat 5: Mr Djoudj (19219)
Seat 6: le-daron (33900)
*** ANTE/BLINDS ***
Mr Djoudj posts ante 60
le-daron posts ante 60
Boulk449 posts ante 60
JNLRP posts ante 60
bribrak6942 posts ante 60
P1xel7 posts ante 60
Mr Djoudj posts small blind 250
le-daron posts big blind 500
Dealt to P1xel7 [Jc Ac]
*** PRE-FLOP *** 
Boulk449 folds
JNLRP folds
bribrak6942 folds
P1xel7 raises 600 to 1100
Mr Djoudj calls 850
le-daron folds
*** FLOP *** [Ts Js Qh]
Mr Djoudj checks
P1xel7 bets 1071
Mr Djoudj calls 1071
*** TURN *** [Ts Js Qh][9d]
Mr Djoudj checks
P1xel7 bets 1821
Mr Djoudj calls 1821
*** RIVER *** [Ts Js Qh 9d][8h]
Mr Djoudj checks
P1xel7 checks
*** SHOW DOWN ***
P1xel7 shows [Jc Ac] (Straight Queen high)
Mr Djoudj shows [As 5d] (Straight Queen high)
Mr Djoudj collected 4422 from pot
P1xel7 collected 4422 from pot
*** SUMMARY ***
Total pot 8844 | No rake
Board: [Ts Js Qh 9d 8h]
Seat 4: P1xel7 (button) showed [Jc Ac] and won 4422 with Straight Queen high
Seat 5: Mr Djoudj (small blind) showed [As 5d] and won 4422 with Straight Queen high


Winamax Poker - Tournament "MYSTERY KO" buyIn: 0.90€ + 0.10€ level: 6 - HandId: #3173533321921560619-95-1706819452 - Holdem no limit (60/250/500) - 2024/02/01 20:30:52 UTC
Table: 'MYSTERY KO(738895806)#0042' 6-max (real money) Seat #5 is the button
Seat 1: Boulk449 (19035)
Seat 2: JNLRP (41846)
Seat 3: bribrak6942 (18890)
Seat 4: P1xel7 (17852)
Seat 5: Mr Djoudj (19589)
Seat 6: le-daron (33340)
*** ANTE/BLINDS ***
le-daron posts ante 60
Boulk449 posts ante 60
JNLRP posts ante 60
bribrak6942 posts ante 60
P1xel7 posts ante 60
Mr Djoudj posts ante 60
le-daron posts small blind 250
Boulk449 posts big blind 500
Dealt to P1xel7 [Th 4s]
*** PRE-FLOP *** 
JNLRP folds
bribrak6942 raises 750 to 1250
P1xel7 folds
Mr Djoudj calls 1250
le-daron calls 1000
Boulk449 folds
*** FLOP *** [8d 3d Jc]
le-daron checks
bribrak6942 bets 1614
Mr Djoudj raises 16665 to 18279 and is all-in
le-daron folds
bribrak6942 calls 15966 and is all-in
*** TURN *** [8d 3d Jc][3c]
*** RIVER *** [8d 3d Jc 3c][2h]
*** SHOW DOWN ***
bribrak6942 shows [9s 9d] (Two pairs : 9 and 3)
Mr Djoudj shows [Qc Jh] (Two pairs : Jacks and 3)
Mr Djoudj collected 40469 from pot
*** SUMMARY ***
Total pot 40469 | No rake
Board: [8d 3d Jc 3c 2h]
Seat 3: bribrak6942 showed [9s 9d] and lost with Two pairs : 9 and 3
Seat 5: Mr Djoudj (button) showed [Qc Jh] and won 40469 with Two pairs : Jacks and 3


Winamax Poker - Tournament "MYSTERY KO" buyIn: 0.90€ + 0.10€ level: 7 - HandId: #3173533321921560619-96-1706819476 - Holdem no limit (70/300/600) - 2024/02/01 20:31:16 UTC
Table: 'MYSTERY KO(738895806)#0042' 6-max (real money) Seat #6 is the button
Seat 1: Boulk449 (18475)
Seat 2: JNLRP (41786)
Seat 4: P1xel7 (17792)
Seat 5: Mr Djoudj (40469)
Seat 6: le-daron (32030)
*** ANTE/BLINDS ***
Boulk449 posts ante 70
JNLRP posts ante 70
P1xel7 posts ante 70
Mr Djoudj posts ante 70
le-daron posts ante 70
Boulk449 posts small blind 300
JNLRP posts big blind 600
Dealt to P1xel7 [6h 2h]
*** PRE-FLOP *** 
P1xel7 folds
Mr Djoudj calls 600
le-daron calls 600
Boulk449 folds
JNLRP checks
*** FLOP *** [Th Kc 8d]
JNLRP checks
Mr Djoudj checks
le-daron checks
*** TURN *** [Th Kc 8d][7s]
JNLRP checks
Mr Djoudj checks
le-daron bets 858
JNLRP calls 858
Mr Djoudj calls 858
*** RIVER *** [Th Kc 8d 7s][4s]
JNLRP checks
Mr Djoudj checks
le-daron checks
*** SHOW DOWN ***
Mr Djoudj shows [Qh Ah] (High card : Ace)
le-daron shows [Qc Tc] (One pair : Tens)
JNLRP shows [7d Td] (Two pairs : Tens and 7)
JNLRP collected 5024 from pot
*** SUMMARY ***
Total pot 5024 | No rake
Board: [Th Kc 8d 7s 4s]
Seat 2: JNLRP (big blind) showed [7d Td] and won 5024 with Two pairs : Tens and 7
Seat 5: Mr Djoudj showed [Qh Ah] and lost with High card : Ace
Seat 6: le-daron (button) showed [Qc Tc] and lost with One pair : Tens


Winamax Poker - Tournament "MYSTERY KO" buyIn: 0.90€ + 0.10€ level: 7 - HandId: #3173533321921560619-97-1706819533 - Holdem no limit (70/300/600) - 2024/02/01 20:32:13 UTC
Table: 'MYSTERY KO(738895806)#0042' 6-max (real money) Seat #1 is the button
Seat 1: Boulk449 (18105)
Seat 2: JNLRP (45282)
Seat 3: mama241306 (20000)
Seat 4: P1xel7 (17722)
Seat 5: Mr Djoudj (38941)
Seat 6: le-daron (30502)
*** ANTE/BLINDS ***
JNLRP posts ante 70
mama241306 posts ante 70
Boulk449 posts ante 70
P1xel7 posts ante 70
Mr Djoudj posts ante 70
le-daron posts ante 70
JNLRP posts small blind 300
mama241306 posts big blind 600
Dealt to P1xel7 [3s Ac]
*** PRE-FLOP *** 
P1xel7 folds
Mr Djoudj folds
le-daron folds
Boulk449 folds
JNLRP raises 1500 to 2100
mama241306 folds
JNLRP collected 3120 from pot
*** SUMMARY ***
Total pot 3120 | No rake
Seat 2: JNLRP (small blind) won 3120


Winamax Poker - Tournament "MYSTERY KO" buyIn: 0.90€ + 0.10€ level: 7 - HandId: #3173533321921560619-98-1706819585 - Holdem no limit (70/300/600) - 2024/02/01 20:33:05 UTC
Table: 'MYSTERY KO(738895806)#0042' 6-max (real money) Seat #2 is the button
Seat 1: Boulk449 (18035)
Seat 2: JNLRP (46232)
Seat 3: mama241306 (19330)
Seat 4: P1xel7 (17652)
Seat 5: Mr Djoudj (38871)
Seat 6: le-daron (30432)
*** ANTE/BLINDS ***
mama241306 posts ante 70
P1xel7 posts ante 70
Boulk449 posts ante 70
JNLRP posts ante 70
Mr Djoudj posts ante 70
le-daron posts ante 70
mama241306 posts small blind 300
P1xel7 posts big blind 600
Dealt to P1xel7 [7d 6c]
*** PRE-FLOP *** 
Mr Djoudj folds
le-daron folds
Boulk449 raises 600 to 1200
JNLRP raises 1800 to 3000
mama241306 folds
P1xel7 folds
Boulk449 raises 14965 to 17965 and is all-in
JNLRP calls 14965
*** FLOP *** [4h Qd 6h]
*** TURN *** [4h Qd 6h][Qs]
*** RIVER *** [4h Qd 6h Qs][5c]
*** SHOW DOWN ***
Boulk449 shows [Jh Js] (Two pairs : Queens and Jacks)
JNLRP shows [Ad Ah] (Two pairs : Aces and Queens)
JNLRP collected 37250 from pot
*** SUMMARY ***
Total pot 37250 | No rake
Board: [4h Qd 6h Qs 5c]
Seat 1: Boulk449 showed [Jh Js] and lost with Two pairs : Queens and Jacks
Seat 2: JNLRP (button) showed [Ad Ah] and won 37250 with Two pairs : Aces and Queens


Winamax Poker - Tournament "MYSTERY KO" buyIn: 0.90€ + 0.10€ level: 7 - HandId: #3173533321921560619-99-1706819626 - Holdem no limit (70/300/600) - 2024/02/01 20:33:46 UTC
Table: 'MYSTERY KO(738895806)#0042' 6-max (real money) Seat #3 is the button
Seat 2: JNLRP (65447)
Seat 3: mama241306 (18960)
Seat 4: P1xel7 (16982)
Seat 5: Mr Djoudj (38801)
Seat 6: le-daron (30362)
*** ANTE/BLINDS ***
P1xel7 posts ante 70
Mr Djoudj posts ante 70
JNLRP posts ante 70
mama241306 posts ante 70
le-daron posts ante 70
P1xel7 posts small blind 300
Mr Djoudj posts big blind 600
Dealt to P1xel7 [Js 3c]
*** PRE-FLOP *** 
le-daron raises 660 to 1260
JNLRP folds
mama241306 calls 1260
P1xel7 folds
Mr Djoudj folds
*** FLOP *** [3h 4s 9c]
le-daron checks
mama241306 checks
*** TURN *** [3h 4s 9c][Qh]
le-daron checks
mama241306 checks
*** RIVER *** [3h 4s 9c Qh][Qd]
le-daron checks
mama241306 checks
*** SHOW DOWN ***
mama241306 shows [Tc 8s] (One pair : Queens)
le-daron shows [Ac 2c] (One pair : Queens)
le-daron collected 3770 from pot
*** SUMMARY ***
Total pot 3770 | No rake
Board: [3h 4s 9c Qh Qd]
Seat 3: mama241306 (button) showed [Tc 8s] and lost with One pair : Queens
Seat 6: le-daron showed [Ac 2c] and won 3770 with One pair : Queens


Winamax Poker - Tournament "MYSTERY KO" buyIn: 0.90€ + 0.10€ level: 7 - HandId: #3173533321921560619-100-1706819669 - Holdem no limit (70/300/600) - 2024/02/01 20:34:29 UTC
Table: 'MYSTERY KO(738895806)#0042' 6-max (real money) Seat #4 is the button
Seat 2: JNLRP (65377)
Seat 3: mama241306 (17630)
Seat 4: P1xel7 (16612)
Seat 5: Mr Djoudj (38131)
Seat 6: le-daron (32802)
*** ANTE/BLINDS ***
Mr Djoudj posts ante 70
le-daron posts ante 70
JNLRP posts ante 70
mama241306 posts ante 70
P1xel7 posts ante 70
Mr Djoudj posts small blind 300
le-daron posts big blind 600
Dealt to P1xel7 [4h 5s]
*** PRE-FLOP *** 
JNLRP folds
mama241306 folds
P1xel7 folds
Mr Djoudj calls 300
le-daron checks
*** FLOP *** [Jh Ah Ac]
Mr Djoudj bets 600
le-daron calls 600
*** TURN *** [Jh Ah Ac][2s]
Mr Djoudj bets 600
le-daron calls 600
*** RIVER *** [Jh Ah Ac 2s][Ts]
Mr Djoudj bets 600
le-daron calls 600
*** SHOW DOWN ***
Mr Djoudj shows [4d 4s] (Two pairs : Aces and 4)
le-daron shows [Jd 7h] (Two pairs : Aces and Jacks)
le-daron collected 5150 from pot
*** SUMMARY ***
Total pot 5150 | No rake
Board: [Jh Ah Ac 2s Ts]
Seat 5: Mr Djoudj (small blind) showed [4d 4s] and lost with Two pairs : Aces and 4
Seat 6: le-daron (big blind) showed [Jd 7h] and won 5150 with Two pairs : Aces and Jacks


Winamax Poker - Tournament "MYSTERY KO" buyIn: 0.90€ + 0.10€ level: 7 - HandId: #3173533321921560619-101-1706819700 - Holdem no limit (70/300/600) - 2024/02/01 20:35:00 UTC
Table: 'MYSTERY KO(738895806)#0042' 6-max (real money) Seat #5 is the button
Seat 1: just a thing (20000)
Seat 2: JNLRP (65307)
Seat 3: mama241306 (17560)
Seat 4: P1xel7 (16542)
Seat 5: Mr Djoudj (35661)
Seat 6: le-daron (35482)
*** ANTE/BLINDS ***
le-daron posts ante 70
just a thing posts ante 70
JNLRP posts ante 70
mama241306 posts ante 70
P1xel7 posts ante 70
Mr Djoudj posts ante 70
le-daron posts small blind 300
just a thing posts big blind 600
Dealt to P1xel7 [Qs Jd]
*** PRE-FLOP *** 
JNLRP folds
mama241306 calls 600
P1xel7 calls 600
Mr Djoudj folds
le-daron calls 300
just a thing checks
*** FLOP *** [9s 8d 4c]
le-daron checks
just a thing checks
mama241306 checks
P1xel7 checks
*** TURN *** [9s 8d 4c][Ks]
le-daron checks
just a thing checks
mama241306 checks
P1xel7 checks
*** RIVER *** [9s 8d 4c Ks][5d]
le-daron checks
just a thing checks
mama241306 checks
P1xel7 checks
*** SHOW DOWN ***
just a thing shows [6h 2c] (High card : King)
P1xel7 shows [Qs Jd] (High card : King)
le-daron shows [3s 2s] (High card : King)
mama241306 shows [Ac 2d] (High card : Ace)
mama241306 collected 2820 from pot
*** SUMMARY ***
Total pot 2820 | No rake
Board: [9s 8d 4c Ks 5d]
Seat 1: just a thing (big blind) showed [6h 2c] and lost with High card : King
Seat 3: mama241306 showed [Ac 2d] and won 2820 with High card : Ace
Seat 4: P1xel7 showed [Qs Jd] and lost with High card : King
Seat 6: le-daron (small blind) showed [3s 2s] and lost with High card : King


Winamax Poker - Tournament "MYSTERY KO" buyIn: 0.90€ + 0.10€ level: 7 - HandId: #3173533321921560619-102-1706819789 - Holdem no limit (70/300/600) - 2024/02/01 20:36:29 UTC
Table: 'MYSTERY KO(738895806)#0042' 6-max (real money) Seat #6 is the button
Seat 1: just a thing (19330)
Seat 2: JNLRP (65237)
Seat 3: mama241306 (19710)
Seat 4: P1xel7 (15872)
Seat 5: Mr Djoudj (35591)
Seat 6: le-daron (34812)
*** ANTE/BLINDS ***
just a thing posts ante 70
JNLRP posts ante 70
mama241306 posts ante 70
P1xel7 posts ante 70
Mr Djoudj posts ante 70
le-daron posts ante 70
just a thing posts small blind 300
JNLRP posts big blind 600
Dealt to P1xel7 [6h 3h]
*** PRE-FLOP *** 
mama241306 folds
P1xel7 folds
Mr Djoudj folds
le-daron raises 660 to 1260
just a thing folds
JNLRP folds
le-daron collected 2580 from pot
*** SUMMARY ***
Total pot 2580 | No rake
Seat 6: le-daron (button) won 2580


Winamax Poker - Tournament "MYSTERY KO" buyIn: 0.90€ + 0.10€ level: 7 - HandId: #3173533321921560619-103-1706819815 - Holdem no limit (70/300/600) - 2024/02/01 20:36:55 UTC
Table: 'MYSTERY KO(738895806)#0042' 6-max (real money) Seat #1 is the button
Seat 1: just a thing (18960)
Seat 2: JNLRP (64567)
Seat 3: mama241306 (19640)
Seat 4: P1xel7 (15802)
Seat 5: Mr Djoudj (35521)
Seat 6: le-daron (36062)
*** ANTE/BLINDS ***
JNLRP posts ante 70
mama241306 posts ante 70
just a thing posts ante 70
P1xel7 posts ante 70
Mr Djoudj posts ante 70
le-daron posts ante 70
JNLRP posts small blind 300
mama241306 posts big blind 600
Dealt to P1xel7 [4h 3h]
*** PRE-FLOP *** 
P1xel7 folds
Mr Djoudj folds
le-daron raises 660 to 1260
just a thing calls 1260
JNLRP folds
mama241306 raises 660 to 1920
le-daron raises 3840 to 5760
just a thing folds
mama241306 calls 3840
*** FLOP *** [Qs Ts 5d]
mama241306 checks
le-daron checks
*** TURN *** [Qs Ts 5d][Ac]
mama241306 checks
le-daron bets 4725
mama241306 folds
le-daron collected 18225 from pot
*** SUMMARY ***
Total pot 18225 | No rake
Board: [Qs Ts 5d Ac]
Seat 6: le-daron won 18225


Winamax Poker - Tournament "MYSTERY KO" buyIn: 0.90€ + 0.10€ level: 8 - HandId: #3173533321921560619-104-1706819890 - Holdem no limit (80/350/700) - 2024/02/01 20:38:10 UTC
Table: 'MYSTERY KO(738895806)#0042' 6-max (real money) Seat #2 is the button
Seat 1: just a thing (17630)
Seat 2: JNLRP (64197)
Seat 3: mama241306 (13810)
Seat 4: P1xel7 (15732)
Seat 5: Mr Djoudj (35451)
Seat 6: le-daron (43732)
*** ANTE/BLINDS ***
mama241306 posts ante 80
P1xel7 posts ante 80
just a thing posts ante 80
JNLRP posts ante 80
Mr Djoudj posts ante 80
le-daron posts ante 80
mama241306 posts small blind 350
P1xel7 posts big blind 700
Dealt to P1xel7 [2c Jh]
*** PRE-FLOP *** 
Mr Djoudj calls 700
le-daron folds
just a thing folds
JNLRP calls 700
mama241306 calls 350
P1xel7 checks
*** FLOP *** [2s 8h As]
mama241306 checks
P1xel7 checks
Mr Djoudj checks
JNLRP checks
*** TURN *** [2s 8h As][Kd]
mama241306 bets 1148
P1xel7 folds
Mr Djoudj calls 1148
JNLRP folds
*** RIVER *** [2s 8h As Kd][Kc]
mama241306 bets 5576
Mr Djoudj folds
mama241306 collected 11152 from pot
*** SUMMARY ***
Total pot 11152 | No rake
Board: [2s 8h As Kd Kc]
Seat 3: mama241306 (small blind) won 11152


Winamax Poker - Tournament "MYSTERY KO" buyIn: 0.90€ + 0.10€ level: 8 - HandId: #3173533321921560619-105-1706819946 - Holdem no limit (80/350/700) - 2024/02/01 20:39:06 UTC
Table: 'MYSTERY KO(738895806)#0042' 6-max (real money) Seat #3 is the button
Seat 1: just a thing (17550)
Seat 2: JNLRP (63417)
Seat 3: mama241306 (17458)
Seat 4: P1xel7 (14952)
Seat 5: Mr Djoudj (33523)
Seat 6: le-daron (43652)
*** ANTE/BLINDS ***
P1xel7 posts ante 80
Mr Djoudj posts ante 80
just a thing posts ante 80
JNLRP posts ante 80
mama241306 posts ante 80
le-daron posts ante 80
P1xel7 posts small blind 350
Mr Djoudj posts big blind 700
Dealt to P1xel7 [8h 2h]
*** PRE-FLOP *** 
le-daron folds
just a thing raises 700 to 1400
JNLRP folds
mama241306 calls 1400
P1xel7 folds
Mr Djoudj folds
*** FLOP *** [Ah Jd 9d]
just a thing bets 1429
mama241306 raises 1429 to 2858
just a thing calls 1429
*** TURN *** [Ah Jd 9d][Kd]
just a thing checks
mama241306 bets 3516
just a thing raises 9696 to 13212 and is all-in
mama241306 calls 9604 and is all-in
*** RIVER *** [Ah Jd 9d Kd][4d]
*** SHOW DOWN ***
just a thing shows [Tc Qc] (Straight Ace high)
mama241306 shows [Jc Ad] (Flush Ace high)
mama241306 collected 36286 from main pot
just a thing collected 92 from side pot 1
*** SUMMARY ***
Total pot 36378 | No rake
Board: [Ah Jd 9d Kd 4d]
Seat 1: just a thing showed [Tc Qc] and won 92 with Straight Ace high
Seat 3: mama241306 (button) showed [Jc Ad] and won 36286 with Flush Ace high


Winamax Poker - Tournament "MYSTERY KO" buyIn: 0.90€ + 0.10€ level: 8 - HandId: #3173533321921560619-106-1706820009 - Holdem no limit (80/350/700) - 2024/02/01 20:40:09 UTC
Table: 'MYSTERY KO(738895806)#0042' 6-max (real money) Seat #4 is the button
Seat 1: just a thing (92)
Seat 2: JNLRP (63337)
Seat 3: mama241306 (36286)
Seat 4: P1xel7 (14522)
Seat 5: Mr Djoudj (32743)
Seat 6: le-daron (43572)
*** ANTE/BLINDS ***
Mr Djoudj posts ante 80
le-daron posts ante 80
just a thing posts ante 80
JNLRP posts ante 80
mama241306 posts ante 80
P1xel7 posts ante 80
Mr Djoudj posts small blind 350
le-daron posts big blind 700
Dealt to P1xel7 [3c 4c]
*** PRE-FLOP *** 
just a thing calls 12 and is all-in
JNLRP raises 700 to 1400
mama241306 calls 1400
P1xel7 folds
Mr Djoudj calls 1050
le-daron folds
*** FLOP *** [Jd Jc Ts]
Mr Djoudj checks
JNLRP checks
mama241306 checks
*** TURN *** [Jd Jc Ts][6h]
Mr Djoudj checks
JNLRP checks
mama241306 checks
*** RIVER *** [Jd Jc Ts 6h][Kh]
Mr Djoudj checks
JNLRP checks
mama241306 checks
*** SHOW DOWN ***
just a thing shows [2c 3d] (One pair : Jacks)
JNLRP shows [Ac 8c] (One pair : Jacks)
mama241306 shows [4d Ad] (One pair : Jacks)
Mr Djoudj shows [2d Ks] (Two pairs : Kings and Jacks)
Mr Djoudj collected 5392 from pot
*** SUMMARY ***
Total pot 5392 | No rake
Board: [Jd Jc Ts 6h Kh]
Seat 1: just a thing showed [2c 3d] and lost with One pair : Jacks
Seat 2: JNLRP showed [Ac 8c] and lost with One pair : Jacks
Seat 3: mama241306 showed [4d Ad] and lost with One pair : Jacks
Seat 5: Mr Djoudj (small blind) showed [2d Ks] and won 5392 with Two pairs : Kings and Jacks


Winamax Poker - Tournament "MYSTERY KO" buyIn: 0.90€ + 0.10€ level: 8 - HandId: #3173533321921560619-107-1706820054 - Holdem no limit (80/350/700) - 2024/02/01 20:40:54 UTC
Table: 'MYSTERY KO(738895806)#0042' 6-max (real money) Seat #5 is the button
Seat 2: JNLRP (61857)
Seat 3: mama241306 (34806)
Seat 4: P1xel7 (14442)
Seat 5: Mr Djoudj (36655)
Seat 6: le-daron (42792)
*** ANTE/BLINDS ***
le-daron posts ante 80
JNLRP posts ante 80
mama241306 posts ante 80
P1xel7 posts ante 80
Mr Djoudj posts ante 80
le-daron posts small blind 350
JNLRP posts big blind 700
Dealt to P1xel7 [Ac Ks]
*** PRE-FLOP *** 
mama241306 calls 700
P1xel7 raises 1400 to 2100
Mr Djoudj folds
le-daron folds
JNLRP folds
mama241306 calls 1400
*** FLOP *** [Tc 5d Jc]
mama241306 checks
P1xel7 checks
*** TURN *** [Tc 5d Jc][Qd]
mama241306 checks
P1xel7 bets 700
mama241306 raises 700 to 1400
P1xel7 raises 700 to 2100
mama241306 raises 700 to 2800
P1xel7 raises 700 to 3500
mama241306 raises 700 to 4200
P1xel7 raises 700 to 4900
mama241306 raises 700 to 5600
P1xel7 raises 700 to 6300
mama241306 raises 26326 to 32626 and is all-in
P1xel7 calls 5962 and is all-in
*** RIVER *** [Tc 5d Jc Qd][4d]
*** SHOW DOWN ***
mama241306 shows [Ad Kh] (Straight Ace high)
P1xel7 shows [Ac Ks] (Straight Ace high)
P1xel7 collected 15087 from main pot
mama241306 collected 35451 from side pot 1
*** SUMMARY ***
Total pot 50538 | No rake
Board: [Tc 5d Jc Qd 4d]
Seat 3: mama241306 showed [Ad Kh] and won 35451 with Straight Ace high
Seat 4: P1xel7 showed [Ac Ks] and won 15087 with Straight Ace high


Winamax Poker - Tournament "MYSTERY KO" buyIn: 0.90€ + 0.10€ level: 8 - HandId: #3173533321921560619-108-1706820119 - Holdem no limit (80/350/700) - 2024/02/01 20:41:59 UTC
Table: 'MYSTERY KO(738895806)#0042' 6-max (real money) Seat #6 is the button
Seat 1: Miliardi (20000)
Seat 2: JNLRP (61077)
Seat 3: mama241306 (35451)
Seat 4: P1xel7 (15087)
Seat 5: Mr Djoudj (36575)
Seat 6: le-daron (42362)
*** ANTE/BLINDS ***
JNLRP posts ante 80
mama241306 posts ante 80
P1xel7 posts ante 80
Mr Djoudj posts ante 80
le-daron posts ante 80
JNLRP posts small blind 350
mama241306 posts big blind 700
Dealt to P1xel7 [Kd 5d]
*** PRE-FLOP *** 
P1xel7 folds
Mr Djoudj calls 700
le-daron folds
JNLRP folds
mama241306 checks
*** FLOP *** [3h 9d Ac]
mama241306 checks
Mr Djoudj checks
*** TURN *** [3h 9d Ac][5s]
mama241306 checks
Mr Djoudj checks
*** RIVER *** [3h 9d Ac 5s][4s]
mama241306 checks
Mr Djoudj checks
*** SHOW DOWN ***
mama241306 shows [Js Kc] (High card : Ace)
Mr Djoudj shows [Ks Qd] (High card : Ace)
Mr Djoudj collected 2150 from pot
*** SUMMARY ***
Total pot 2150 | No rake
Board: [3h 9d Ac 5s 4s]
Seat 3: mama241306 (big blind) showed [Js Kc] and lost with High card : Ace
Seat 5: Mr Djoudj showed [Ks Qd] and won 2150 with High card : Ace


Winamax Poker - Tournament "MYSTERY KO" buyIn: 0.90€ + 0.10€ level: 8 - HandId: #3173533321921560619-109-1706820152 - Holdem no limit (80/350/700) - 2024/02/01 20:42:32 UTC
Table: 'MYSTERY KO(738895806)#0042' 6-max (real money) Seat #2 is the button
Seat 1: Miliardi (20000)
Seat 2: JNLRP (60647)
Seat 3: mama241306 (34671)
Seat 4: P1xel7 (15007)
Seat 5: Mr Djoudj (37945)
Seat 6: le-daron (42282)
*** ANTE/BLINDS ***
mama241306 posts ante 80
P1xel7 posts ante 80
Miliardi posts ante 80
JNLRP posts ante 80
Mr Djoudj posts ante 80
le-daron posts ante 80
mama241306 posts small blind 350
P1xel7 posts big blind 700
Dealt to P1xel7 [Js 9h]
*** PRE-FLOP *** 
Mr Djoudj folds
le-daron folds
Miliardi folds
JNLRP folds
mama241306 folds
P1xel7 collected 1530 from pot
*** SUMMARY ***
Total pot 1530 | No rake
Seat 4: P1xel7 (big blind) won 1530


Winamax Poker - Tournament "MYSTERY KO" buyIn: 0.90€ + 0.10€ level: 8 - HandId: #3173533321921560619-110-1706820165 - Holdem no limit (80/350/700) - 2024/02/01 20:42:45 UTC
Table: 'MYSTERY KO(738895806)#0042' 6-max (real money) Seat #3 is the button
Seat 1: Miliardi (19920)
Seat 2: JNLRP (60567)
Seat 3: mama241306 (34241)
Seat 4: P1xel7 (15757)
Seat 5: Mr Djoudj (37865)
Seat 6: le-daron (42202)
*** ANTE/BLINDS ***
P1xel7 posts ante 80
Mr Djoudj posts ante 80
Miliardi posts ante 80
JNLRP posts ante 80
mama241306 posts ante 80
le-daron posts ante 80
P1xel7 posts small blind 350
Mr Djoudj posts big blind 700
Dealt to P1xel7 [Jc 8s]
*** PRE-FLOP *** 
le-daron folds
Miliardi raises 700 to 1400
JNLRP folds
mama241306 calls 1400
P1xel7 folds
Mr Djoudj calls 700
*** FLOP *** [Ac Jd 6h]
Mr Djoudj bets 700
Miliardi folds
mama241306 folds
Mr Djoudj collected 5730 from pot
*** SUMMARY ***
Total pot 5730 | No rake
Board: [Ac Jd 6h]
Seat 5: Mr Djoudj (big blind) won 5730


Winamax Poker - Tournament "MYSTERY KO" buyIn: 0.90€ + 0.10€ level: 8 - HandId: #3173533321921560619-111-1706820205 - Holdem no limit (80/350/700) - 2024/02/01 20:43:25 UTC
Table: 'MYSTERY KO(738895806)#0042' 6-max (real money) Seat #4 is the button
Seat 1: Miliardi (18440)
Seat 2: JNLRP (60487)
Seat 3: mama241306 (32761)
Seat 4: P1xel7 (15327)
Seat 5: Mr Djoudj (41415)
Seat 6: le-daron (42122)
*** ANTE/BLINDS ***
Mr Djoudj posts ante 80
le-daron posts ante 80
Miliardi posts ante 80
JNLRP posts ante 80
mama241306 posts ante 80
P1xel7 posts ante 80
Mr Djoudj posts small blind 350
le-daron posts big blind 700
Dealt to P1xel7 [Jh Jc]
*** PRE-FLOP *** 
Miliardi folds
JNLRP folds
mama241306 folds
P1xel7 raises 700 to 1400
Mr Djoudj folds
le-daron calls 700
*** FLOP *** [Tc 4c Kc]
le-daron checks
P1xel7 bets 908
le-daron calls 908
*** TURN *** [Tc 4c Kc][Ts]
le-daron checks
P1xel7 bets 1906
le-daron calls 1906
*** RIVER *** [Tc 4c Kc Ts][3h]
le-daron checks
P1xel7 checks
*** SHOW DOWN ***
P1xel7 shows [Jh Jc] (Two pairs : Jacks and Tens)
le-daron shows [8c Kh] (Two pairs : Kings and Tens)
le-daron collected 9258 from pot
*** SUMMARY ***
Total pot 9258 | No rake
Board: [Tc 4c Kc Ts 3h]
Seat 4: P1xel7 (button) showed [Jh Jc] and lost with Two pairs : Jacks and Tens
Seat 6: le-daron (big blind) showed [8c Kh] and won 9258 with Two pairs : Kings and Tens


Winamax Poker - Tournament "MYSTERY KO" buyIn: 0.90€ + 0.10€ level: 8 - HandId: #3173533321921560619-112-1706820257 - Holdem no limit (80/350/700) - 2024/02/01 20:44:17 UTC
Table: 'MYSTERY KO(738895806)#0042' 6-max (real money) Seat #5 is the button
Seat 1: Miliardi (18360)
Seat 2: JNLRP (60407)
Seat 3: mama241306 (32681)
Seat 4: P1xel7 (11033)
Seat 5: Mr Djoudj (40985)
Seat 6: le-daron (47086)
*** ANTE/BLINDS ***
le-daron posts ante 80
Miliardi posts ante 80
JNLRP posts ante 80
mama241306 posts ante 80
P1xel7 posts ante 80
Mr Djoudj posts ante 80
le-daron posts small blind 350
Miliardi posts big blind 700
Dealt to P1xel7 [9c 5s]
*** PRE-FLOP *** 
JNLRP raises 700 to 1400
mama241306 calls 1400
P1xel7 folds
Mr Djoudj folds
le-daron folds
Miliardi calls 700
*** FLOP *** [Ah Kc Ad]
Miliardi checks
JNLRP checks
mama241306 checks
*** TURN *** [Ah Kc Ad][5c]
Miliardi checks
JNLRP checks
mama241306 bets 1761
Miliardi folds
JNLRP folds
mama241306 collected 6791 from pot
*** SUMMARY ***
Total pot 6791 | No rake
Board: [Ah Kc Ad 5c]
Seat 3: mama241306 won 6791


Winamax Poker - Tournament "MYSTERY KO" buyIn: 0.90€ + 0.10€ level: 9 - HandId: #3173533321921560619-113-1706820325 - Holdem no limit (100/400/800) - 2024/02/01 20:45:25 UTC
Table: 'MYSTERY KO(738895806)#0042' 6-max (real money) Seat #6 is the button
Seat 1: Miliardi (16880)
Seat 2: JNLRP (58927)
Seat 3: mama241306 (36231)
Seat 4: P1xel7 (10953)
Seat 5: Mr Djoudj (40905)
Seat 6: le-daron (46656)
*** ANTE/BLINDS ***
Miliardi posts ante 100
JNLRP posts ante 100
mama241306 posts ante 100
P1xel7 posts ante 100
Mr Djoudj posts ante 100
le-daron posts ante 100
Miliardi posts small blind 400
JNLRP posts big blind 800
Dealt to P1xel7 [2s Tc]
*** PRE-FLOP *** 
mama241306 folds
P1xel7 folds
Mr Djoudj calls 800
le-daron folds
Miliardi raises 15980 to 16780 and is all-in
JNLRP folds
Mr Djoudj calls 15980
*** FLOP *** [9d 8c 9s]
*** TURN *** [9d 8c 9s][Kd]
*** RIVER *** [9d 8c 9s Kd][2h]
*** SHOW DOWN ***
Miliardi shows [As 8s] (Two pairs : 9 and 8)
Mr Djoudj shows [Qh Kh] (Two pairs : Kings and 9)
Mr Djoudj collected 34960 from pot
*** SUMMARY ***
Total pot 34960 | No rake
Board: [9d 8c 9s Kd 2h]
Seat 1: Miliardi (small blind) showed [As 8s] and lost with Two pairs : 9 and 8
Seat 5: Mr Djoudj showed [Qh Kh] and won 34960 with Two pairs : Kings and 9


Winamax Poker - Tournament "MYSTERY KO" buyIn: 0.90€ + 0.10€ level: 9 - HandId: #3173533321921560619-114-1706820358 - Holdem no limit (100/400/800) - 2024/02/01 20:45:58 UTC
Table: 'MYSTERY KO(738895806)#0042' 6-max (real money) Seat #1 is the button
Seat 2: JNLRP (58027)
Seat 3: mama241306 (36131)
Seat 4: P1xel7 (10853)
Seat 5: Mr Djoudj (58985)
Seat 6: le-daron (46556)
*** ANTE/BLINDS ***
JNLRP posts ante 100
mama241306 posts ante 100
P1xel7 posts ante 100
Mr Djoudj posts ante 100
le-daron posts ante 100
JNLRP posts small blind 400
mama241306 posts big blind 800
Dealt to P1xel7 [8h 5d]
*** PRE-FLOP *** 
P1xel7 folds
Mr Djoudj folds
le-daron folds
JNLRP folds
mama241306 collected 1700 from pot
*** SUMMARY ***
Total pot 1700 | No rake
Seat 3: mama241306 (big blind) won 1700


Winamax Poker - Tournament "MYSTERY KO" buyIn: 0.90€ + 0.10€ level: 9 - HandId: #3173533321921560619-115-1706820366 - Holdem no limit (100/400/800) - 2024/02/01 20:46:06 UTC
Table: 'MYSTERY KO(738895806)#0042' 6-max (real money) Seat #2 is the button
Seat 2: JNLRP (57527)
Seat 3: mama241306 (36931)
Seat 4: P1xel7 (10753)
Seat 5: Mr Djoudj (58885)
Seat 6: le-daron (46456)
*** ANTE/BLINDS ***
mama241306 posts ante 100
P1xel7 posts ante 100
JNLRP posts ante 100
Mr Djoudj posts ante 100
le-daron posts ante 100
mama241306 posts small blind 400
P1xel7 posts big blind 800
Dealt to P1xel7 [6d 6c]
*** PRE-FLOP *** 
Mr Djoudj folds
le-daron folds
JNLRP raises 800 to 1600
mama241306 folds
P1xel7 raises 9053 to 10653 and is all-in
JNLRP calls 9053
*** FLOP *** [7c 9h Ks]
*** TURN *** [7c 9h Ks][7h]
*** RIVER *** [7c 9h Ks 7h][Js]
*** SHOW DOWN ***
P1xel7 shows [6d 6c] (Two pairs : 7 and 6)
JNLRP shows [Kd Ah] (Two pairs : Kings and 7)
JNLRP collected 22206 from pot
*** SUMMARY ***
Total pot 22206 | No rake
Board: [7c 9h Ks 7h Js]
Seat 2: JNLRP (button) showed [Kd Ah] and won 22206 with Two pairs : Kings and 7
Seat 4: P1xel7 (big blind) showed [6d 6c] and lost with Two pairs : 7 and 6


