Winamax Poker - Tournament "Starting Block WiPT - Déglingos" buyIn: 0€ + 0€ level: 1 - HandId: #3265097712525115393-1-1708887488 - Holdem no limit (10/20) - 2024/02/25 18:58:08 UTC
Table: 'Starting Block WiPT - Déglingos(760214802)#0' 6-max (real money) Seat #5 is the button
Seat 1: XavMarcel (500)
Seat 2: guiguisoy (500)
Seat 3: P1xel7 (500)
Seat 4: EndisMoiOui (500)
Seat 5: snAA-KKe (500)
Seat 6: Fil-ton-fric (500)
*** ANTE/BLINDS ***
Fil-ton-fric posts small blind 10
XavMarcel posts big blind 20
Dealt to P1xel7 [3s 2h]
*** PRE-FLOP *** 
guiguisoy folds
P1xel7 folds
EndisMoiOui raises 30 to 50
snAA-KKe folds
Fil-ton-fric raises 450 to 500 and is all-in
XavMarcel folds
EndisMoiOui calls 450 and is all-in
*** FLOP *** [8h Jc 5s]
*** TURN *** [8h Jc 5s][Qc]
*** RIVER *** [8h Jc 5s Qc][Jd]
*** SHOW DOWN ***
EndisMoiOui shows [5d Td] (Two pairs : Jacks and 5)
Fil-ton-fric shows [Qd Th] (Two pairs : Queens and Jacks)
Fil-ton-fric collected 1020 from pot
*** SUMMARY ***
Total pot 1020 | No rake
Board: [8h Jc 5s Qc Jd]
Seat 4: EndisMoiOui showed [5d Td] and lost with Two pairs : Jacks and 5
Seat 6: Fil-ton-fric (small blind) showed [Qd Th] and won 1020 with Two pairs : Queens and Jacks


Winamax Poker - Tournament "Starting Block WiPT - Déglingos" buyIn: 0€ + 0€ level: 1 - HandId: #3265097712525115393-2-1708887527 - Holdem no limit (10/20) - 2024/02/25 18:58:47 UTC
Table: 'Starting Block WiPT - Déglingos(760214802)#0' 6-max (real money) Seat #6 is the button
Seat 1: XavMarcel (480)
Seat 2: guiguisoy (500)
Seat 3: P1xel7 (500)
Seat 5: snAA-KKe (500)
Seat 6: Fil-ton-fric (1020)
*** ANTE/BLINDS ***
XavMarcel posts small blind 10
guiguisoy posts big blind 20
Dealt to P1xel7 [4h 4d]
*** PRE-FLOP *** 
P1xel7 raises 20 to 40
snAA-KKe folds
Fil-ton-fric folds
XavMarcel raises 440 to 480 and is all-in
guiguisoy folds
P1xel7 calls 440
*** FLOP *** [Jd Jh Ts]
*** TURN *** [Jd Jh Ts][Ah]
*** RIVER *** [Jd Jh Ts Ah][Tc]
*** SHOW DOWN ***
XavMarcel shows [3s 7c] (Two pairs : Jacks and Tens)
P1xel7 shows [4h 4d] (Two pairs : Jacks and Tens)
P1xel7 collected 490 from pot
XavMarcel collected 490 from pot
*** SUMMARY ***
Total pot 980 | No rake
Board: [Jd Jh Ts Ah Tc]
Seat 1: XavMarcel (small blind) showed [3s 7c] and won 490 with Two pairs : Jacks and Tens
Seat 3: P1xel7 showed [4h 4d] and won 490 with Two pairs : Jacks and Tens


Winamax Poker - Tournament "Starting Block WiPT - Déglingos" buyIn: 0€ + 0€ level: 1 - HandId: #3265097712525115393-3-1708887561 - Holdem no limit (10/20) - 2024/02/25 18:59:21 UTC
Table: 'Starting Block WiPT - Déglingos(760214802)#0' 6-max (real money) Seat #1 is the button
Seat 1: XavMarcel (490)
Seat 2: guiguisoy (480)
Seat 3: P1xel7 (510)
Seat 5: snAA-KKe (500)
Seat 6: Fil-ton-fric (1020)
*** ANTE/BLINDS ***
guiguisoy posts small blind 10
P1xel7 posts big blind 20
Dealt to P1xel7 [5c Js]
*** PRE-FLOP *** 
snAA-KKe folds
Fil-ton-fric raises 1000 to 1020 and is all-in
XavMarcel calls 490 and is all-in
guiguisoy folds
P1xel7 folds
*** FLOP *** [Qs 7c 8h]
*** TURN *** [Qs 7c 8h][7s]
*** RIVER *** [Qs 7c 8h 7s][2h]
*** SHOW DOWN ***
XavMarcel shows [Ad 9c] (One pair : 7)
Fil-ton-fric shows [Qc Td] (Two pairs : Queens and 7)
Fil-ton-fric collected 1540 from pot
*** SUMMARY ***
Total pot 1540 | No rake
Board: [Qs 7c 8h 7s 2h]
Seat 1: XavMarcel (button) showed [Ad 9c] and lost with One pair : 7
Seat 6: Fil-ton-fric showed [Qc Td] and won 1540 with Two pairs : Queens and 7


Winamax Poker - Tournament "Starting Block WiPT - Déglingos" buyIn: 0€ + 0€ level: 2 - HandId: #3265097712525115393-4-1708887583 - Holdem no limit (15/30) - 2024/02/25 18:59:43 UTC
Table: 'Starting Block WiPT - Déglingos(760214802)#0' 6-max (real money) Seat #2 is the button
Seat 2: guiguisoy (470)
Seat 3: P1xel7 (490)
Seat 5: snAA-KKe (500)
Seat 6: Fil-ton-fric (1540)
*** ANTE/BLINDS ***
P1xel7 posts small blind 15
snAA-KKe posts big blind 30
Dealt to P1xel7 [9d 6h]
*** PRE-FLOP *** 
Fil-ton-fric raises 1510 to 1540 and is all-in
guiguisoy folds
P1xel7 folds
snAA-KKe folds
Fil-ton-fric collected 1585 from pot
*** SUMMARY ***
Total pot 1585 | No rake
Seat 6: Fil-ton-fric won 1585


Winamax Poker - Tournament "Starting Block WiPT - Déglingos" buyIn: 0€ + 0€ level: 2 - HandId: #3265097712525115393-5-1708887594 - Holdem no limit (15/30) - 2024/02/25 18:59:54 UTC
Table: 'Starting Block WiPT - Déglingos(760214802)#0' 6-max (real money) Seat #3 is the button
Seat 2: guiguisoy (470)
Seat 3: P1xel7 (475)
Seat 5: snAA-KKe (470)
Seat 6: Fil-ton-fric (1585)
*** ANTE/BLINDS ***
snAA-KKe posts small blind 15
Fil-ton-fric posts big blind 30
Dealt to P1xel7 [2h Ts]
*** PRE-FLOP *** 
guiguisoy folds
P1xel7 folds
snAA-KKe raises 440 to 470 and is all-in
Fil-ton-fric folds
snAA-KKe collected 500 from pot
*** SUMMARY ***
Total pot 500 | No rake
Seat 5: snAA-KKe (small blind) won 500


Winamax Poker - Tournament "Starting Block WiPT - Déglingos" buyIn: 0€ + 0€ level: 2 - HandId: #3265097712525115393-6-1708887607 - Holdem no limit (15/30) - 2024/02/25 19:00:07 UTC
Table: 'Starting Block WiPT - Déglingos(760214802)#0' 6-max (real money) Seat #5 is the button
Seat 2: guiguisoy (470)
Seat 3: P1xel7 (475)
Seat 5: snAA-KKe (500)
Seat 6: Fil-ton-fric (1555)
*** ANTE/BLINDS ***
Fil-ton-fric posts small blind 15
guiguisoy posts big blind 30
Dealt to P1xel7 [Ad Kd]
*** PRE-FLOP *** 
P1xel7 raises 30 to 60
snAA-KKe raises 440 to 500 and is all-in
Fil-ton-fric folds
guiguisoy folds
P1xel7 calls 415 and is all-in
*** FLOP *** [Td 6h 5d]
*** TURN *** [Td 6h 5d][Qc]
*** RIVER *** [Td 6h 5d Qc][2h]
*** SHOW DOWN ***
P1xel7 shows [Ad Kd] (High card : Ace)
snAA-KKe shows [Qh Jd] (One pair : Queens)
snAA-KKe collected 1020 from pot
*** SUMMARY ***
Total pot 1020 | No rake
Board: [Td 6h 5d Qc 2h]
Seat 3: P1xel7 showed [Ad Kd] and lost with High card : Ace
Seat 5: snAA-KKe (button) showed [Qh Jd] and won 1020 with One pair : Queens


