Winamax Poker - Tournament "Kill The Fish" buyIn: 0.90€ + 0.10€ level: 3 - HandId: #3178965837075709998-4-1707070981 - Holdem no limit (35/150/300) - 2024/02/04 18:23:01 UTC
Table: 'Kill The Fish(740160662)#045' 6-max (real money) Seat #1 is the button
Seat 1: Polochon64 (20730, 0.45€ bounty)
Seat 2: -polar- (18485, 0.45€ bounty)
Seat 3: phenix68200 (32836, 0.45€ bounty)
Seat 4: ElPichongo (34228, 0.67€ bounty)
Seat 5: LaMaravilla (20741, 0.45€ bounty)
Seat 6: P1xel7 (20000, 0.45€ bounty)
*** ANTE/BLINDS ***
-polar- posts ante 35
phenix68200 posts ante 35
Polochon64 posts ante 35
ElPichongo posts ante 35
LaMaravilla posts ante 35
P1xel7 posts ante 35
-polar- posts small blind 150
phenix68200 posts big blind 300
Dealt to P1xel7 [2d Js]
*** PRE-FLOP *** 
ElPichongo folds
LaMaravilla folds
P1xel7 folds
Polochon64 folds
-polar- folds
phenix68200 collected 660 from pot
*** SUMMARY ***
Total pot 660 | No rake
Seat 3: phenix68200 (big blind) won 660


Winamax Poker - Tournament "Kill The Fish" buyIn: 0.90€ + 0.10€ level: 3 - HandId: #3178965837075709998-5-1707071001 - Holdem no limit (35/150/300) - 2024/02/04 18:23:21 UTC
Table: 'Kill The Fish(740160662)#045' 6-max (real money) Seat #2 is the button
Seat 1: Polochon64 (20695, 0.45€ bounty)
Seat 2: -polar- (18300, 0.45€ bounty)
Seat 3: phenix68200 (33161, 0.45€ bounty)
Seat 4: ElPichongo (34193, 0.67€ bounty)
Seat 5: LaMaravilla (20706, 0.45€ bounty)
Seat 6: P1xel7 (19965, 0.45€ bounty)
*** ANTE/BLINDS ***
phenix68200 posts ante 35
ElPichongo posts ante 35
Polochon64 posts ante 35
-polar- posts ante 35
LaMaravilla posts ante 35
P1xel7 posts ante 35
phenix68200 posts small blind 150
ElPichongo posts big blind 300
Dealt to P1xel7 [5h 2h]
*** PRE-FLOP *** 
LaMaravilla folds
P1xel7 folds
Polochon64 folds
-polar- folds
phenix68200 raises 600 to 900
ElPichongo folds
phenix68200 collected 1410 from pot
*** SUMMARY ***
Total pot 1410 | No rake
Seat 3: phenix68200 (small blind) won 1410


Winamax Poker - Tournament "Kill The Fish" buyIn: 0.90€ + 0.10€ level: 3 - HandId: #3178965837075709998-6-1707071020 - Holdem no limit (35/150/300) - 2024/02/04 18:23:40 UTC
Table: 'Kill The Fish(740160662)#045' 6-max (real money) Seat #3 is the button
Seat 1: Polochon64 (20660, 0.45€ bounty)
Seat 2: -polar- (18265, 0.45€ bounty)
Seat 3: phenix68200 (33636, 0.45€ bounty)
Seat 4: ElPichongo (33858, 0.67€ bounty)
Seat 5: LaMaravilla (20671, 0.45€ bounty)
Seat 6: P1xel7 (19930, 0.45€ bounty)
*** ANTE/BLINDS ***
ElPichongo posts ante 35
LaMaravilla posts ante 35
Polochon64 posts ante 35
-polar- posts ante 35
phenix68200 posts ante 35
P1xel7 posts ante 35
ElPichongo posts small blind 150
LaMaravilla posts big blind 300
Dealt to P1xel7 [2s Qs]
*** PRE-FLOP *** 
P1xel7 folds
Polochon64 folds
-polar- folds
phenix68200 calls 300
ElPichongo folds
LaMaravilla raises 1050 to 1350
phenix68200 folds
LaMaravilla collected 2010 from pot
*** SUMMARY ***
Total pot 2010 | No rake
Seat 5: LaMaravilla (big blind) won 2010


Winamax Poker - Tournament "Kill The Fish" buyIn: 0.90€ + 0.10€ level: 3 - HandId: #3178965837075709998-7-1707071055 - Holdem no limit (35/150/300) - 2024/02/04 18:24:15 UTC
Table: 'Kill The Fish(740160662)#045' 6-max (real money) Seat #4 is the button
Seat 1: Polochon64 (20625, 0.45€ bounty)
Seat 2: -polar- (18230, 0.45€ bounty)
Seat 3: phenix68200 (33301, 0.45€ bounty)
Seat 4: ElPichongo (33673, 0.67€ bounty)
Seat 5: LaMaravilla (21296, 0.45€ bounty)
Seat 6: P1xel7 (19895, 0.45€ bounty)
*** ANTE/BLINDS ***
LaMaravilla posts ante 35
P1xel7 posts ante 35
Polochon64 posts ante 35
-polar- posts ante 35
phenix68200 posts ante 35
ElPichongo posts ante 35
LaMaravilla posts small blind 150
P1xel7 posts big blind 300
Dealt to P1xel7 [Ac 3d]
*** PRE-FLOP *** 
Polochon64 folds
-polar- folds
phenix68200 raises 960 to 1260
ElPichongo folds
LaMaravilla folds
P1xel7 folds
phenix68200 collected 1920 from pot
*** SUMMARY ***
Total pot 1920 | No rake
Seat 3: phenix68200 won 1920


Winamax Poker - Tournament "Kill The Fish" buyIn: 0.90€ + 0.10€ level: 3 - HandId: #3178965837075709998-8-1707071091 - Holdem no limit (35/150/300) - 2024/02/04 18:24:51 UTC
Table: 'Kill The Fish(740160662)#045' 6-max (real money) Seat #5 is the button
Seat 1: Polochon64 (20590, 0.45€ bounty)
Seat 2: -polar- (18195, 0.45€ bounty)
Seat 3: phenix68200 (33926, 0.45€ bounty)
Seat 4: ElPichongo (33638, 0.67€ bounty)
Seat 5: LaMaravilla (21111, 0.45€ bounty)
Seat 6: P1xel7 (19560, 0.45€ bounty)
*** ANTE/BLINDS ***
P1xel7 posts ante 35
Polochon64 posts ante 35
-polar- posts ante 35
phenix68200 posts ante 35
ElPichongo posts ante 35
LaMaravilla posts ante 35
P1xel7 posts small blind 150
Polochon64 posts big blind 300
Dealt to P1xel7 [Jc 4h]
*** PRE-FLOP *** 
-polar- folds
phenix68200 calls 300
ElPichongo raises 900 to 1200
LaMaravilla folds
P1xel7 folds
Polochon64 folds
phenix68200 folds
ElPichongo collected 2160 from pot
*** SUMMARY ***
Total pot 2160 | No rake
Seat 4: ElPichongo won 2160


Winamax Poker - Tournament "Kill The Fish" buyIn: 0.90€ + 0.10€ level: 3 - HandId: #3178965837075709998-9-1707071128 - Holdem no limit (35/150/300) - 2024/02/04 18:25:28 UTC
Table: 'Kill The Fish(740160662)#045' 6-max (real money) Seat #6 is the button
Seat 1: Polochon64 (20255, 0.45€ bounty)
Seat 2: -polar- (18160, 0.45€ bounty)
Seat 3: phenix68200 (33591, 0.45€ bounty)
Seat 4: ElPichongo (34563, 0.67€ bounty)
Seat 5: LaMaravilla (21076, 0.45€ bounty)
Seat 6: P1xel7 (19375, 0.45€ bounty)
*** ANTE/BLINDS ***
Polochon64 posts ante 35
-polar- posts ante 35
phenix68200 posts ante 35
ElPichongo posts ante 35
LaMaravilla posts ante 35
P1xel7 posts ante 35
Polochon64 posts small blind 150
-polar- posts big blind 300
Dealt to P1xel7 [3h Ac]
*** PRE-FLOP *** 
phenix68200 folds
ElPichongo folds
LaMaravilla folds
P1xel7 folds
Polochon64 calls 150
-polar- checks
*** FLOP *** [7c Qs 8h]
Polochon64 checks
-polar- checks
*** TURN *** [7c Qs 8h][Tc]
Polochon64 checks
-polar- checks
*** RIVER *** [7c Qs 8h Tc][Ad]
Polochon64 checks
-polar- checks
*** SHOW DOWN ***
Polochon64 shows [2h Kh] (High card : Ace)
-polar- shows [Kc 4c] (High card : Ace)
-polar- collected 405 from pot
Polochon64 collected 405 from pot
*** SUMMARY ***
Total pot 810 | No rake
Board: [7c Qs 8h Tc Ad]
Seat 1: Polochon64 (small blind) showed [2h Kh] and won 405 with High card : Ace
Seat 2: -polar- (big blind) showed [Kc 4c] and won 405 with High card : Ace


Winamax Poker - Tournament "Kill The Fish" buyIn: 0.90€ + 0.10€ level: 4 - HandId: #3178965837075709998-10-1707071213 - Holdem no limit (40/175/350) - 2024/02/04 18:26:53 UTC
Table: 'Kill The Fish(740160662)#045' 6-max (real money) Seat #1 is the button
Seat 1: Polochon64 (20325, 0.45€ bounty)
Seat 2: -polar- (18230, 0.45€ bounty)
Seat 3: phenix68200 (33556, 0.45€ bounty)
Seat 4: ElPichongo (34528, 0.67€ bounty)
Seat 5: LaMaravilla (21041, 0.45€ bounty)
Seat 6: P1xel7 (19340, 0.45€ bounty)
*** ANTE/BLINDS ***
-polar- posts ante 40
phenix68200 posts ante 40
Polochon64 posts ante 40
ElPichongo posts ante 40
LaMaravilla posts ante 40
P1xel7 posts ante 40
-polar- posts small blind 175
phenix68200 posts big blind 350
Dealt to P1xel7 [Ac Ad]
*** PRE-FLOP *** 
ElPichongo folds
LaMaravilla raises 455 to 805
P1xel7 calls 805
Polochon64 folds
-polar- folds
phenix68200 folds
*** FLOP *** [5s 9d 5d]
LaMaravilla checks
P1xel7 bets 831
LaMaravilla calls 831
*** TURN *** [5s 9d 5d][7c]
LaMaravilla checks
P1xel7 bets 2019
LaMaravilla raises 3581 to 5600
P1xel7 calls 3581
*** RIVER *** [5s 9d 5d 7c][8c]
LaMaravilla bets 13765 and is all-in
P1xel7 calls 12064 and is all-in
*** SHOW DOWN ***
LaMaravilla shows [7s 9s] (Two pairs : 9 and 7)
P1xel7 shows [Ac Ad] (Two pairs : Aces and 5)
P1xel7 collected 39365 from main pot
LaMaravilla collected 1701 from side pot 1
*** SUMMARY ***
Total pot 41066 | No rake
Board: [5s 9d 5d 7c 8c]
Seat 5: LaMaravilla showed [7s 9s] and won 1701 with Two pairs : 9 and 7
Seat 6: P1xel7 showed [Ac Ad] and won 39365 with Two pairs : Aces and 5


Winamax Poker - Tournament "Kill The Fish" buyIn: 0.90€ + 0.10€ level: 4 - HandId: #3178965837075709998-11-1707071335 - Holdem no limit (40/175/350) - 2024/02/04 18:28:55 UTC
Table: 'Kill The Fish(740160662)#045' 6-max (real money) Seat #2 is the button
Seat 1: Polochon64 (20285, 0.45€ bounty)
Seat 2: -polar- (18015, 0.45€ bounty)
Seat 3: phenix68200 (33166, 0.45€ bounty)
Seat 4: ElPichongo (34488, 0.67€ bounty)
Seat 5: LaMaravilla (1701, 0.45€ bounty)
Seat 6: P1xel7 (39365, 0.45€ bounty)
*** ANTE/BLINDS ***
phenix68200 posts ante 40
ElPichongo posts ante 40
Polochon64 posts ante 40
-polar- posts ante 40
LaMaravilla posts ante 40
P1xel7 posts ante 40
phenix68200 posts small blind 175
ElPichongo posts big blind 350
Dealt to P1xel7 [5c 2c]
*** PRE-FLOP *** 
LaMaravilla raises 1311 to 1661 and is all-in
P1xel7 folds
Polochon64 calls 1661
-polar- folds
phenix68200 calls 1486
ElPichongo calls 1311
*** FLOP *** [6h Ah 5s]
phenix68200 checks
ElPichongo checks
Polochon64 checks
*** TURN *** [6h Ah 5s][8d]
phenix68200 bets 6884
ElPichongo folds
Polochon64 folds
*** RIVER *** [6h Ah 5s 8d][6s]
*** SHOW DOWN ***
LaMaravilla shows [4c Js] (One pair : 6)
phenix68200 shows [4s Ac] (Two pairs : Aces and 6)
phenix68200 collected 13768 from pot
*** SUMMARY ***
Total pot 13768 | No rake
Board: [6h Ah 5s 8d 6s]
Seat 3: phenix68200 (small blind) showed [4s Ac] and won 13768 with Two pairs : Aces and 6
Seat 5: LaMaravilla showed [4c Js] and lost with One pair : 6


Winamax Poker - Tournament "Kill The Fish" buyIn: 0.90€ + 0.10€ level: 4 - HandId: #3178965837075709998-12-1707071406 - Holdem no limit (40/175/350) - 2024/02/04 18:30:06 UTC
Table: 'Kill The Fish(740160662)#045' 6-max (real money) Seat #3 is the button
Seat 1: Polochon64 (18584, 0.45€ bounty)
Seat 2: -polar- (17975, 0.45€ bounty)
Seat 3: phenix68200 (38349, 0.67€ bounty)
Seat 4: ElPichongo (32787, 0.67€ bounty)
Seat 6: P1xel7 (39325, 0.45€ bounty)
*** ANTE/BLINDS ***
ElPichongo posts ante 40
P1xel7 posts ante 40
Polochon64 posts ante 40
-polar- posts ante 40
phenix68200 posts ante 40
ElPichongo posts small blind 175
P1xel7 posts big blind 350
Dealt to P1xel7 [Jd Qs]
*** PRE-FLOP *** 
Polochon64 folds
-polar- folds
phenix68200 calls 350
ElPichongo folds
P1xel7 checks
*** FLOP *** [As Ts 3h]
P1xel7 checks
phenix68200 checks
*** TURN *** [As Ts 3h][8d]
P1xel7 bets 376
phenix68200 calls 376
*** RIVER *** [As Ts 3h 8d][9s]
P1xel7 bets 914
phenix68200 calls 914
*** SHOW DOWN ***
phenix68200 shows [9d Ad] (Two pairs : Aces and 9)
P1xel7 shows [Jd Qs] (Straight Queen high)
P1xel7 collected 3655 from pot
*** SUMMARY ***
Total pot 3655 | No rake
Board: [As Ts 3h 8d 9s]
Seat 3: phenix68200 (button) showed [9d Ad] and lost with Two pairs : Aces and 9
Seat 6: P1xel7 (big blind) showed [Jd Qs] and won 3655 with Straight Queen high


Winamax Poker - Tournament "Kill The Fish" buyIn: 0.90€ + 0.10€ level: 4 - HandId: #3178965837075709998-13-1707071452 - Holdem no limit (40/175/350) - 2024/02/04 18:30:52 UTC
Table: 'Kill The Fish(740160662)#045' 6-max (real money) Seat #4 is the button
Seat 1: Polochon64 (18544, 0.45€ bounty)
Seat 2: -polar- (17935, 0.45€ bounty)
Seat 3: phenix68200 (36669, 0.67€ bounty)
Seat 4: ElPichongo (32572, 0.67€ bounty)
Seat 5: xxxBVBxxx (20000, 0.45€ bounty)
Seat 6: P1xel7 (41300, 0.45€ bounty)
*** ANTE/BLINDS ***
P1xel7 posts ante 40
Polochon64 posts ante 40
-polar- posts ante 40
phenix68200 posts ante 40
ElPichongo posts ante 40
P1xel7 posts small blind 175
Polochon64 posts big blind 350
Dealt to P1xel7 [Tc 3s]
*** PRE-FLOP *** 
-polar- raises 525 to 875
phenix68200 folds
ElPichongo folds
P1xel7 folds
Polochon64 calls 525
*** FLOP *** [5c 9c Kc]
Polochon64 checks
-polar- bets 919
Polochon64 folds
-polar- collected 3044 from pot
*** SUMMARY ***
Total pot 3044 | No rake
Board: [5c 9c Kc]
Seat 2: -polar- won 3044


Winamax Poker - Tournament "Kill The Fish" buyIn: 0.90€ + 0.10€ level: 5 - HandId: #3178965837075709998-14-1707071526 - Holdem no limit (50/200/400) - 2024/02/04 18:32:06 UTC
Table: 'Kill The Fish(740160662)#045' 6-max (real money) Seat #6 is the button
Seat 1: Polochon64 (17629, 0.45€ bounty)
Seat 2: -polar- (19145, 0.45€ bounty)
Seat 3: phenix68200 (36629, 0.67€ bounty)
Seat 4: ElPichongo (32532, 0.67€ bounty)
Seat 5: xxxBVBxxx (20000, 0.45€ bounty)
Seat 6: P1xel7 (41085, 0.45€ bounty)
*** ANTE/BLINDS ***
Polochon64 posts ante 50
-polar- posts ante 50
phenix68200 posts ante 50
ElPichongo posts ante 50
xxxBVBxxx posts ante 50
P1xel7 posts ante 50
Polochon64 posts small blind 200
-polar- posts big blind 400
Dealt to P1xel7 [5c 2s]
*** PRE-FLOP *** 
phenix68200 raises 800 to 1200
ElPichongo folds
xxxBVBxxx calls 1200
P1xel7 folds
Polochon64 folds
-polar- folds
*** FLOP *** [3h Ks Qh]
phenix68200 checks
xxxBVBxxx checks
*** TURN *** [3h Ks Qh][4s]
phenix68200 checks
xxxBVBxxx bets 1025
phenix68200 calls 1025
*** RIVER *** [3h Ks Qh 4s][8c]
phenix68200 checks
xxxBVBxxx checks
*** SHOW DOWN ***
xxxBVBxxx shows [Ad Td] (High card : Ace)
phenix68200 shows [Jc Qd] (One pair : Queens)
phenix68200 collected 5350 from pot
*** SUMMARY ***
Total pot 5350 | No rake
Board: [3h Ks Qh 4s 8c]
Seat 3: phenix68200 showed [Jc Qd] and won 5350 with One pair : Queens
Seat 5: xxxBVBxxx showed [Ad Td] and lost with High card : Ace


Winamax Poker - Tournament "Kill The Fish" buyIn: 0.90€ + 0.10€ level: 5 - HandId: #3178965837075709998-15-1707071583 - Holdem no limit (50/200/400) - 2024/02/04 18:33:03 UTC
Table: 'Kill The Fish(740160662)#045' 6-max (real money) Seat #1 is the button
Seat 1: Polochon64 (17379, 0.45€ bounty)
Seat 2: -polar- (18695, 0.45€ bounty)
Seat 3: phenix68200 (39704, 0.67€ bounty)
Seat 4: ElPichongo (32482, 0.67€ bounty)
Seat 5: xxxBVBxxx (17725, 0.45€ bounty)
Seat 6: P1xel7 (41035, 0.45€ bounty)
*** ANTE/BLINDS ***
-polar- posts ante 50
phenix68200 posts ante 50
Polochon64 posts ante 50
ElPichongo posts ante 50
xxxBVBxxx posts ante 50
P1xel7 posts ante 50
-polar- posts small blind 200
phenix68200 posts big blind 400
Dealt to P1xel7 [Js Qs]
*** PRE-FLOP *** 
ElPichongo folds
xxxBVBxxx folds
P1xel7 raises 800 to 1200
Polochon64 folds
-polar- folds
phenix68200 calls 800
*** FLOP *** [Th 4d Qc]
phenix68200 bets 2900
P1xel7 calls 2900
*** TURN *** [Th 4d Qc][Td]
phenix68200 checks
P1xel7 checks
*** RIVER *** [Th 4d Qc Td][2s]
phenix68200 checks
P1xel7 bets 4350
phenix68200 calls 4350
*** SHOW DOWN ***
P1xel7 shows [Js Qs] (Two pairs : Queens and Tens)
phenix68200 shows [As Qh] (Two pairs : Queens and Tens)
phenix68200 collected 17400 from pot
*** SUMMARY ***
Total pot 17400 | No rake
Board: [Th 4d Qc Td 2s]
Seat 3: phenix68200 (big blind) showed [As Qh] and won 17400 with Two pairs : Queens and Tens
Seat 6: P1xel7 showed [Js Qs] and lost with Two pairs : Queens and Tens


Winamax Poker - Tournament "Kill The Fish" buyIn: 0.90€ + 0.10€ level: 5 - HandId: #3178965837075709998-16-1707071631 - Holdem no limit (50/200/400) - 2024/02/04 18:33:51 UTC
Table: 'Kill The Fish(740160662)#045' 6-max (real money) Seat #2 is the button
Seat 1: Polochon64 (17329, 0.45€ bounty)
Seat 2: -polar- (18445, 0.45€ bounty)
Seat 3: phenix68200 (48604, 0.67€ bounty)
Seat 4: ElPichongo (32432, 0.67€ bounty)
Seat 5: xxxBVBxxx (17675, 0.45€ bounty)
Seat 6: P1xel7 (32535, 0.45€ bounty)
*** ANTE/BLINDS ***
phenix68200 posts ante 50
ElPichongo posts ante 50
Polochon64 posts ante 50
-polar- posts ante 50
xxxBVBxxx posts ante 50
P1xel7 posts ante 50
phenix68200 posts small blind 200
ElPichongo posts big blind 400
Dealt to P1xel7 [2s Js]
*** PRE-FLOP *** 
xxxBVBxxx raises 500 to 900
P1xel7 folds
Polochon64 folds
-polar- folds
phenix68200 folds
ElPichongo calls 500
*** FLOP *** [5c 6s Kc]
ElPichongo checks
xxxBVBxxx bets 1005
ElPichongo folds
xxxBVBxxx collected 3305 from pot
*** SUMMARY ***
Total pot 3305 | No rake
Board: [5c 6s Kc]
Seat 5: xxxBVBxxx won 3305


Winamax Poker - Tournament "Kill The Fish" buyIn: 0.90€ + 0.10€ level: 5 - HandId: #3178965837075709998-17-1707071658 - Holdem no limit (50/200/400) - 2024/02/04 18:34:18 UTC
Table: 'Kill The Fish(740160662)#045' 6-max (real money) Seat #3 is the button
Seat 1: Polochon64 (17279, 0.45€ bounty)
Seat 2: -polar- (18395, 0.45€ bounty)
Seat 3: phenix68200 (48354, 0.67€ bounty)
Seat 4: ElPichongo (31482, 0.67€ bounty)
Seat 5: xxxBVBxxx (19025, 0.45€ bounty)
Seat 6: P1xel7 (32485, 0.45€ bounty)
*** ANTE/BLINDS ***
ElPichongo posts ante 50
xxxBVBxxx posts ante 50
Polochon64 posts ante 50
-polar- posts ante 50
phenix68200 posts ante 50
P1xel7 posts ante 50
ElPichongo posts small blind 200
xxxBVBxxx posts big blind 400
Dealt to P1xel7 [Qd 7d]
*** PRE-FLOP *** 
P1xel7 folds
Polochon64 raises 480 to 880
-polar- folds
phenix68200 folds
ElPichongo calls 680
xxxBVBxxx folds
*** FLOP *** [3s Jh 3c]
ElPichongo checks
Polochon64 bets 615
ElPichongo calls 615
*** TURN *** [3s Jh 3c][9c]
ElPichongo checks
Polochon64 checks
*** RIVER *** [3s Jh 3c 9c][Jd]
ElPichongo checks
Polochon64 checks
*** SHOW DOWN ***
ElPichongo shows [Ks Qh] (Two pairs : Jacks and 3)
Polochon64 shows [5c 5h] (Two pairs : Jacks and 5)
Polochon64 collected 3690 from pot
*** SUMMARY ***
Total pot 3690 | No rake
Board: [3s Jh 3c 9c Jd]
Seat 1: Polochon64 showed [5c 5h] and won 3690 with Two pairs : Jacks and 5
Seat 4: ElPichongo (small blind) showed [Ks Qh] and lost with Two pairs : Jacks and 3


Winamax Poker - Tournament "Kill The Fish" buyIn: 0.90€ + 0.10€ level: 5 - HandId: #3178965837075709998-18-1707071750 - Holdem no limit (50/200/400) - 2024/02/04 18:35:50 UTC
Table: 'Kill The Fish(740160662)#045' 6-max (real money) Seat #4 is the button
Seat 1: Polochon64 (19424, 0.45€ bounty)
Seat 2: -polar- (18345, 0.45€ bounty)
Seat 3: phenix68200 (48304, 0.67€ bounty)
Seat 4: ElPichongo (29937, 0.67€ bounty)
Seat 5: xxxBVBxxx (18575, 0.45€ bounty)
Seat 6: P1xel7 (32435, 0.45€ bounty)
*** ANTE/BLINDS ***
xxxBVBxxx posts ante 50
P1xel7 posts ante 50
Polochon64 posts ante 50
-polar- posts ante 50
phenix68200 posts ante 50
ElPichongo posts ante 50
xxxBVBxxx posts small blind 200
P1xel7 posts big blind 400
Dealt to P1xel7 [6s 3d]
*** PRE-FLOP *** 
Polochon64 folds
-polar- folds
phenix68200 calls 400
ElPichongo calls 400
xxxBVBxxx folds
P1xel7 checks
*** FLOP *** [Ac Ah Qs]
P1xel7 checks
phenix68200 checks
ElPichongo checks
*** TURN *** [Ac Ah Qs][6h]
P1xel7 checks
phenix68200 checks
ElPichongo checks
*** RIVER *** [Ac Ah Qs 6h][8d]
P1xel7 checks
phenix68200 checks
ElPichongo bets 1360
P1xel7 calls 1360
phenix68200 folds
*** SHOW DOWN ***
P1xel7 shows [6s 3d] (Two pairs : Aces and 6)
ElPichongo shows [8c 8h] (Full of 8 and Aces)
ElPichongo collected 4420 from pot
*** SUMMARY ***
Total pot 4420 | No rake
Board: [Ac Ah Qs 6h 8d]
Seat 4: ElPichongo (button) showed [8c 8h] and won 4420 with Full of 8 and Aces
Seat 6: P1xel7 (big blind) showed [6s 3d] and lost with Two pairs : Aces and 6


Winamax Poker - Tournament "Kill The Fish" buyIn: 0.90€ + 0.10€ level: 6 - HandId: #3178965837075709998-19-1707071864 - Holdem no limit (60/250/500) - 2024/02/04 18:37:44 UTC
Table: 'Kill The Fish(740160662)#045' 6-max (real money) Seat #5 is the button
Seat 1: Polochon64 (19374, 0.45€ bounty)
Seat 2: -polar- (18295, 0.45€ bounty)
Seat 3: phenix68200 (47854, 0.67€ bounty)
Seat 4: ElPichongo (32547, 0.67€ bounty)
Seat 5: xxxBVBxxx (18325, 0.45€ bounty)
Seat 6: P1xel7 (30625, 0.45€ bounty)
*** ANTE/BLINDS ***
P1xel7 posts ante 60
Polochon64 posts ante 60
-polar- posts ante 60
phenix68200 posts ante 60
ElPichongo posts ante 60
xxxBVBxxx posts ante 60
P1xel7 posts small blind 250
Polochon64 posts big blind 500
Dealt to P1xel7 [3h Qd]
*** PRE-FLOP *** 
-polar- raises 750 to 1250
phenix68200 folds
ElPichongo calls 1250
xxxBVBxxx folds
P1xel7 folds
Polochon64 folds
*** FLOP *** [2c 6h 2h]
-polar- checks
ElPichongo checks
*** TURN *** [2c 6h 2h][Qs]
-polar- checks
ElPichongo checks
*** RIVER *** [2c 6h 2h Qs][Tc]
-polar- checks
ElPichongo checks
*** SHOW DOWN ***
ElPichongo shows [Jc Kc] (One pair : 2)
-polar- shows [Ad 4d] (One pair : 2)
-polar- collected 3610 from pot
*** SUMMARY ***
Total pot 3610 | No rake
Board: [2c 6h 2h Qs Tc]
Seat 2: -polar- showed [Ad 4d] and won 3610 with One pair : 2
Seat 4: ElPichongo showed [Jc Kc] and lost with One pair : 2


Winamax Poker - Tournament "Kill The Fish" buyIn: 0.90€ + 0.10€ level: 6 - HandId: #3178965837075709998-20-1707071940 - Holdem no limit (60/250/500) - 2024/02/04 18:39:00 UTC
Table: 'Kill The Fish(740160662)#045' 6-max (real money) Seat #6 is the button
Seat 1: Polochon64 (18814, 0.45€ bounty)
Seat 2: -polar- (20595, 0.45€ bounty)
Seat 3: phenix68200 (47794, 0.67€ bounty)
Seat 4: ElPichongo (31237, 0.67€ bounty)
Seat 5: xxxBVBxxx (18265, 0.45€ bounty)
Seat 6: P1xel7 (30315, 0.45€ bounty)
*** ANTE/BLINDS ***
Polochon64 posts ante 60
-polar- posts ante 60
phenix68200 posts ante 60
ElPichongo posts ante 60
xxxBVBxxx posts ante 60
P1xel7 posts ante 60
Polochon64 posts small blind 250
-polar- posts big blind 500
Dealt to P1xel7 [9h 8s]
*** PRE-FLOP *** 
phenix68200 folds
ElPichongo folds
xxxBVBxxx folds
P1xel7 folds
Polochon64 folds
-polar- collected 1110 from pot
*** SUMMARY ***
Total pot 1110 | No rake
Seat 2: -polar- (big blind) won 1110


Winamax Poker - Tournament "Kill The Fish" buyIn: 0.90€ + 0.10€ level: 6 - HandId: #3178965837075709998-21-1707071970 - Holdem no limit (60/250/500) - 2024/02/04 18:39:30 UTC
Table: 'Kill The Fish(740160662)#045' 6-max (real money) Seat #1 is the button
Seat 1: Polochon64 (18504, 0.45€ bounty)
Seat 2: -polar- (21145, 0.45€ bounty)
Seat 3: phenix68200 (47734, 0.67€ bounty)
Seat 4: ElPichongo (31177, 0.67€ bounty)
Seat 5: xxxBVBxxx (18205, 0.45€ bounty)
Seat 6: P1xel7 (30255, 0.45€ bounty)
*** ANTE/BLINDS ***
-polar- posts ante 60
phenix68200 posts ante 60
Polochon64 posts ante 60
ElPichongo posts ante 60
xxxBVBxxx posts ante 60
P1xel7 posts ante 60
-polar- posts small blind 250
phenix68200 posts big blind 500
Dealt to P1xel7 [Ad 9c]
*** PRE-FLOP *** 
ElPichongo folds
xxxBVBxxx folds
P1xel7 raises 600 to 1100
Polochon64 folds
-polar- calls 850
phenix68200 folds
*** FLOP *** [6s Qd 4d]
-polar- checks
P1xel7 bets 1071
-polar- folds
P1xel7 collected 4131 from pot
*** SUMMARY ***
Total pot 4131 | No rake
Board: [6s Qd 4d]
Seat 6: P1xel7 won 4131


Winamax Poker - Tournament "Kill The Fish" buyIn: 0.90€ + 0.10€ level: 6 - HandId: #3178965837075709998-22-1707072048 - Holdem no limit (60/250/500) - 2024/02/04 18:40:48 UTC
Table: 'Kill The Fish(740160662)#045' 6-max (real money) Seat #2 is the button
Seat 1: Polochon64 (18444, 0.45€ bounty)
Seat 2: -polar- (19985, 0.45€ bounty)
Seat 3: phenix68200 (47174, 0.67€ bounty)
Seat 4: ElPichongo (31117, 0.67€ bounty)
Seat 5: xxxBVBxxx (18145, 0.45€ bounty)
Seat 6: P1xel7 (32155, 0.45€ bounty)
*** ANTE/BLINDS ***
phenix68200 posts ante 60
ElPichongo posts ante 60
Polochon64 posts ante 60
-polar- posts ante 60
xxxBVBxxx posts ante 60
P1xel7 posts ante 60
phenix68200 posts small blind 250
ElPichongo posts big blind 500
Dealt to P1xel7 [Td Qh]
*** PRE-FLOP *** 
xxxBVBxxx folds
P1xel7 raises 600 to 1100
Polochon64 calls 1100
-polar- folds
phenix68200 folds
ElPichongo folds
*** FLOP *** [7h 5h 6c]
P1xel7 checks
Polochon64 checks
*** TURN *** [7h 5h 6c][Ad]
P1xel7 checks
Polochon64 checks
*** RIVER *** [7h 5h 6c Ad][2s]
P1xel7 checks
Polochon64 checks
*** SHOW DOWN ***
P1xel7 shows [Td Qh] (High card : Ace)
Polochon64 shows [Kh Qs] (High card : Ace)
Polochon64 collected 3310 from pot
*** SUMMARY ***
Total pot 3310 | No rake
Board: [7h 5h 6c Ad 2s]
Seat 1: Polochon64 showed [Kh Qs] and won 3310 with High card : Ace
Seat 6: P1xel7 showed [Td Qh] and lost with High card : Ace


Winamax Poker - Tournament "Kill The Fish" buyIn: 0.90€ + 0.10€ level: 7 - HandId: #3178965837075709998-23-1707072126 - Holdem no limit (70/300/600) - 2024/02/04 18:42:06 UTC
Table: 'Kill The Fish(740160662)#045' 6-max (real money) Seat #3 is the button
Seat 1: Polochon64 (20594, 0.45€ bounty)
Seat 2: -polar- (19925, 0.45€ bounty)
Seat 3: phenix68200 (46864, 0.67€ bounty)
Seat 4: ElPichongo (30557, 0.67€ bounty)
Seat 5: xxxBVBxxx (18085, 0.45€ bounty)
Seat 6: P1xel7 (30995, 0.45€ bounty)
*** ANTE/BLINDS ***
ElPichongo posts ante 70
xxxBVBxxx posts ante 70
Polochon64 posts ante 70
-polar- posts ante 70
phenix68200 posts ante 70
P1xel7 posts ante 70
ElPichongo posts small blind 300
xxxBVBxxx posts big blind 600
Dealt to P1xel7 [Kc 2h]
*** PRE-FLOP *** 
P1xel7 folds
Polochon64 raises 600 to 1200
-polar- folds
phenix68200 folds
ElPichongo folds
xxxBVBxxx calls 600
*** FLOP *** [Kd 8d Qd]
xxxBVBxxx checks
Polochon64 bets 1092
xxxBVBxxx folds
Polochon64 collected 4212 from pot
*** SUMMARY ***
Total pot 4212 | No rake
Board: [Kd 8d Qd]
Seat 1: Polochon64 won 4212


Winamax Poker - Tournament "Kill The Fish" buyIn: 0.90€ + 0.10€ level: 7 - HandId: #3178965837075709998-24-1707072159 - Holdem no limit (70/300/600) - 2024/02/04 18:42:39 UTC
Table: 'Kill The Fish(740160662)#045' 6-max (real money) Seat #4 is the button
Seat 1: Polochon64 (22444, 0.45€ bounty)
Seat 2: -polar- (19855, 0.45€ bounty)
Seat 3: phenix68200 (46794, 0.67€ bounty)
Seat 4: ElPichongo (30187, 0.67€ bounty)
Seat 5: xxxBVBxxx (16815, 0.45€ bounty)
Seat 6: P1xel7 (30925, 0.45€ bounty)
*** ANTE/BLINDS ***
xxxBVBxxx posts ante 70
P1xel7 posts ante 70
Polochon64 posts ante 70
-polar- posts ante 70
phenix68200 posts ante 70
ElPichongo posts ante 70
xxxBVBxxx posts small blind 300
P1xel7 posts big blind 600
Dealt to P1xel7 [Th 2c]
*** PRE-FLOP *** 
Polochon64 raises 660 to 1260
-polar- folds
phenix68200 folds
ElPichongo folds
xxxBVBxxx folds
P1xel7 folds
Polochon64 collected 2580 from pot
*** SUMMARY ***
Total pot 2580 | No rake
Seat 1: Polochon64 won 2580


Winamax Poker - Tournament "Kill The Fish" buyIn: 0.90€ + 0.10€ level: 7 - HandId: #3178965837075709998-25-1707072189 - Holdem no limit (70/300/600) - 2024/02/04 18:43:09 UTC
Table: 'Kill The Fish(740160662)#045' 6-max (real money) Seat #5 is the button
Seat 1: Polochon64 (23694, 0.45€ bounty)
Seat 2: -polar- (19785, 0.45€ bounty)
Seat 3: phenix68200 (46724, 0.67€ bounty)
Seat 4: ElPichongo (30117, 0.67€ bounty)
Seat 5: xxxBVBxxx (16445, 0.45€ bounty)
Seat 6: P1xel7 (30255, 0.45€ bounty)
*** ANTE/BLINDS ***
P1xel7 posts ante 70
Polochon64 posts ante 70
-polar- posts ante 70
phenix68200 posts ante 70
ElPichongo posts ante 70
xxxBVBxxx posts ante 70
P1xel7 posts small blind 300
Polochon64 posts big blind 600
Dealt to P1xel7 [7d Ad]
*** PRE-FLOP *** 
-polar- folds
phenix68200 folds
ElPichongo folds
xxxBVBxxx folds
P1xel7 raises 720 to 1320
Polochon64 calls 720
*** FLOP *** [5c 8h 2d]
P1xel7 checks
Polochon64 bets 600
P1xel7 calls 600
*** TURN *** [5c 8h 2d][Ks]
P1xel7 checks
Polochon64 checks
*** RIVER *** [5c 8h 2d Ks][5s]
P1xel7 checks
Polochon64 checks
*** SHOW DOWN ***
P1xel7 shows [7d Ad] (One pair : 5)
Polochon64 shows [8s Jc] (Two pairs : 8 and 5)
Polochon64 collected 4260 from pot
*** SUMMARY ***
Total pot 4260 | No rake
Board: [5c 8h 2d Ks 5s]
Seat 1: Polochon64 (big blind) showed [8s Jc] and won 4260 with Two pairs : 8 and 5
Seat 6: P1xel7 (small blind) showed [7d Ad] and lost with One pair : 5


Winamax Poker - Tournament "Kill The Fish" buyIn: 0.90€ + 0.10€ level: 7 - HandId: #3178965837075709998-26-1707072245 - Holdem no limit (70/300/600) - 2024/02/04 18:44:05 UTC
Table: 'Kill The Fish(740160662)#045' 6-max (real money) Seat #6 is the button
Seat 1: Polochon64 (25964, 0.45€ bounty)
Seat 2: -polar- (19715, 0.45€ bounty)
Seat 3: phenix68200 (46654, 0.67€ bounty)
Seat 4: ElPichongo (30047, 0.67€ bounty)
Seat 5: xxxBVBxxx (16375, 0.45€ bounty)
Seat 6: P1xel7 (28265, 0.45€ bounty)
*** ANTE/BLINDS ***
Polochon64 posts ante 70
-polar- posts ante 70
phenix68200 posts ante 70
ElPichongo posts ante 70
xxxBVBxxx posts ante 70
P1xel7 posts ante 70
Polochon64 posts small blind 300
-polar- posts big blind 600
Dealt to P1xel7 [Th 8s]
*** PRE-FLOP *** 
phenix68200 folds
ElPichongo folds
xxxBVBxxx folds
P1xel7 folds
Polochon64 calls 300
-polar- checks
*** FLOP *** [Qc 2h 7c]
Polochon64 checks
-polar- checks
*** TURN *** [Qc 2h 7c][Jc]
Polochon64 bets 1053
-polar- calls 1053
*** RIVER *** [Qc 2h 7c Jc][2c]
Polochon64 checks
-polar- bets 1863
Polochon64 calls 1863
*** SHOW DOWN ***
Polochon64 shows [5c 4c] (Flush Queen high)
-polar- shows [As Tc] (Flush Queen high)
-polar- collected 7452 from pot
*** SUMMARY ***
Total pot 7452 | No rake
Board: [Qc 2h 7c Jc 2c]
Seat 1: Polochon64 (small blind) showed [5c 4c] and lost with Flush Queen high
Seat 2: -polar- (big blind) showed [As Tc] and won 7452 with Flush Queen high


Winamax Poker - Tournament "Kill The Fish" buyIn: 0.90€ + 0.10€ level: 7 - HandId: #3178965837075709998-27-1707072307 - Holdem no limit (70/300/600) - 2024/02/04 18:45:07 UTC
Table: 'Kill The Fish(740160662)#045' 6-max (real money) Seat #1 is the button
Seat 1: Polochon64 (22378, 0.45€ bounty)
Seat 2: -polar- (23581, 0.45€ bounty)
Seat 3: phenix68200 (46584, 0.67€ bounty)
Seat 4: ElPichongo (29977, 0.67€ bounty)
Seat 5: xxxBVBxxx (16305, 0.45€ bounty)
Seat 6: P1xel7 (28195, 0.45€ bounty)
*** ANTE/BLINDS ***
-polar- posts ante 70
phenix68200 posts ante 70
Polochon64 posts ante 70
ElPichongo posts ante 70
xxxBVBxxx posts ante 70
P1xel7 posts ante 70
-polar- posts small blind 300
phenix68200 posts big blind 600
Dealt to P1xel7 [5h 4d]
*** PRE-FLOP *** 
ElPichongo folds
xxxBVBxxx folds
P1xel7 folds
Polochon64 raises 660 to 1260
-polar- calls 960
phenix68200 folds
*** FLOP *** [Tc 2s 7d]
-polar- checks
Polochon64 checks
*** TURN *** [Tc 2s 7d][Jc]
-polar- checks
Polochon64 bets 2301
-polar- calls 2301
*** RIVER *** [Tc 2s 7d Jc][Js]
-polar- checks
Polochon64 bets 5292
-polar- folds
Polochon64 collected 13434 from pot
*** SUMMARY ***
Total pot 13434 | No rake
Board: [Tc 2s 7d Jc Js]
Seat 1: Polochon64 (button) won 13434


Winamax Poker - Tournament "Kill The Fish" buyIn: 0.90€ + 0.10€ level: 8 - HandId: #3178965837075709998-28-1707072395 - Holdem no limit (80/350/700) - 2024/02/04 18:46:35 UTC
Table: 'Kill The Fish(740160662)#045' 6-max (real money) Seat #2 is the button
Seat 1: Polochon64 (26889, 0.45€ bounty)
Seat 2: -polar- (19950, 0.45€ bounty)
Seat 3: phenix68200 (45914, 0.67€ bounty)
Seat 4: ElPichongo (29907, 0.67€ bounty)
Seat 5: xxxBVBxxx (16235, 0.45€ bounty)
Seat 6: P1xel7 (28125, 0.45€ bounty)
*** ANTE/BLINDS ***
phenix68200 posts ante 80
ElPichongo posts ante 80
Polochon64 posts ante 80
-polar- posts ante 80
xxxBVBxxx posts ante 80
P1xel7 posts ante 80
phenix68200 posts small blind 350
ElPichongo posts big blind 700
Dealt to P1xel7 [8c 8d]
*** PRE-FLOP *** 
xxxBVBxxx folds
P1xel7 raises 1050 to 1750
Polochon64 folds
-polar- folds
phenix68200 folds
ElPichongo folds
P1xel7 collected 3280 from pot
*** SUMMARY ***
Total pot 3280 | No rake
Seat 6: P1xel7 won 3280


Winamax Poker - Tournament "Kill The Fish" buyIn: 0.90€ + 0.10€ level: 8 - HandId: #3178965837075709998-29-1707072414 - Holdem no limit (80/350/700) - 2024/02/04 18:46:54 UTC
Table: 'Kill The Fish(740160662)#045' 6-max (real money) Seat #3 is the button
Seat 1: Polochon64 (26809, 0.45€ bounty)
Seat 2: -polar- (19870, 0.45€ bounty)
Seat 3: phenix68200 (45484, 0.67€ bounty)
Seat 4: ElPichongo (29127, 0.67€ bounty)
Seat 5: xxxBVBxxx (16155, 0.45€ bounty)
Seat 6: P1xel7 (29575, 0.45€ bounty)
*** ANTE/BLINDS ***
ElPichongo posts ante 80
xxxBVBxxx posts ante 80
Polochon64 posts ante 80
-polar- posts ante 80
phenix68200 posts ante 80
P1xel7 posts ante 80
ElPichongo posts small blind 350
xxxBVBxxx posts big blind 700
Dealt to P1xel7 [2s 2d]
*** PRE-FLOP *** 
P1xel7 raises 840 to 1540
Polochon64 folds
-polar- folds
phenix68200 folds
ElPichongo folds
xxxBVBxxx calls 840
*** FLOP *** [7h Kd 4d]
xxxBVBxxx checks
P1xel7 bets 1955
xxxBVBxxx folds
P1xel7 collected 5865 from pot
*** SUMMARY ***
Total pot 5865 | No rake
Board: [7h Kd 4d]
Seat 6: P1xel7 won 5865


Winamax Poker - Tournament "Kill The Fish" buyIn: 0.90€ + 0.10€ level: 8 - HandId: #3178965837075709998-30-1707072443 - Holdem no limit (80/350/700) - 2024/02/04 18:47:23 UTC
Table: 'Kill The Fish(740160662)#045' 6-max (real money) Seat #4 is the button
Seat 1: Polochon64 (26729, 0.45€ bounty)
Seat 2: -polar- (19790, 0.45€ bounty)
Seat 3: phenix68200 (45404, 0.67€ bounty)
Seat 4: ElPichongo (28697, 0.67€ bounty)
Seat 5: xxxBVBxxx (14535, 0.45€ bounty)
Seat 6: P1xel7 (31865, 0.45€ bounty)
*** ANTE/BLINDS ***
xxxBVBxxx posts ante 80
P1xel7 posts ante 80
Polochon64 posts ante 80
-polar- posts ante 80
phenix68200 posts ante 80
ElPichongo posts ante 80
xxxBVBxxx posts small blind 350
P1xel7 posts big blind 700
Dealt to P1xel7 [8s As]
*** PRE-FLOP *** 
Polochon64 folds
-polar- folds
phenix68200 folds
ElPichongo folds
xxxBVBxxx folds
P1xel7 collected 1530 from pot
*** SUMMARY ***
Total pot 1530 | No rake
Seat 6: P1xel7 (big blind) won 1530


Winamax Poker - Tournament "Kill The Fish" buyIn: 0.90€ + 0.10€ level: 8 - HandId: #3178965837075709998-31-1707072486 - Holdem no limit (80/350/700) - 2024/02/04 18:48:06 UTC
Table: 'Kill The Fish(740160662)#045' 6-max (real money) Seat #5 is the button
Seat 1: Polochon64 (26649, 0.45€ bounty)
Seat 2: -polar- (19710, 0.45€ bounty)
Seat 3: phenix68200 (45324, 0.67€ bounty)
Seat 4: ElPichongo (28617, 0.67€ bounty)
Seat 5: xxxBVBxxx (14105, 0.45€ bounty)
Seat 6: P1xel7 (32615, 0.45€ bounty)
*** ANTE/BLINDS ***
P1xel7 posts ante 80
Polochon64 posts ante 80
-polar- posts ante 80
phenix68200 posts ante 80
ElPichongo posts ante 80
xxxBVBxxx posts ante 80
P1xel7 posts small blind 350
Polochon64 posts big blind 700
Dealt to P1xel7 [8c 7s]
*** PRE-FLOP *** 
-polar- folds
phenix68200 folds
ElPichongo folds
xxxBVBxxx folds
P1xel7 folds
Polochon64 collected 1530 from pot
*** SUMMARY ***
Total pot 1530 | No rake
Seat 1: Polochon64 (big blind) won 1530


Winamax Poker - Tournament "Kill The Fish" buyIn: 0.90€ + 0.10€ level: 8 - HandId: #3178965837075709998-32-1707072508 - Holdem no limit (80/350/700) - 2024/02/04 18:48:28 UTC
Table: 'Kill The Fish(740160662)#045' 6-max (real money) Seat #6 is the button
Seat 1: Polochon64 (27399, 0.45€ bounty)
Seat 2: -polar- (19630, 0.45€ bounty)
Seat 3: phenix68200 (45244, 0.67€ bounty)
Seat 4: ElPichongo (28537, 0.67€ bounty)
Seat 5: xxxBVBxxx (14025, 0.45€ bounty)
Seat 6: P1xel7 (32185, 0.45€ bounty)
*** ANTE/BLINDS ***
Polochon64 posts ante 80
-polar- posts ante 80
phenix68200 posts ante 80
ElPichongo posts ante 80
xxxBVBxxx posts ante 80
P1xel7 posts ante 80
Polochon64 posts small blind 350
-polar- posts big blind 700
Dealt to P1xel7 [Th Qh]
*** PRE-FLOP *** 
phenix68200 folds
ElPichongo folds
xxxBVBxxx raises 13245 to 13945 and is all-in
P1xel7 folds
Polochon64 folds
-polar- folds
xxxBVBxxx collected 15475 from pot
*** SUMMARY ***
Total pot 15475 | No rake
Seat 5: xxxBVBxxx won 15475


Winamax Poker - Tournament "Kill The Fish" buyIn: 0.90€ + 0.10€ level: 8 - HandId: #3178965837075709998-33-1707072532 - Holdem no limit (80/350/700) - 2024/02/04 18:48:52 UTC
Table: 'Kill The Fish(740160662)#045' 6-max (real money) Seat #1 is the button
Seat 1: Polochon64 (26969, 0.45€ bounty)
Seat 2: -polar- (18850, 0.45€ bounty)
Seat 3: phenix68200 (45164, 0.67€ bounty)
Seat 4: ElPichongo (28457, 0.67€ bounty)
Seat 5: xxxBVBxxx (15475, 0.45€ bounty)
Seat 6: P1xel7 (32105, 0.45€ bounty)
*** ANTE/BLINDS ***
-polar- posts ante 80
phenix68200 posts ante 80
Polochon64 posts ante 80
ElPichongo posts ante 80
xxxBVBxxx posts ante 80
P1xel7 posts ante 80
-polar- posts small blind 350
phenix68200 posts big blind 700
Dealt to P1xel7 [Qd Qs]
*** PRE-FLOP *** 
ElPichongo folds
xxxBVBxxx folds
P1xel7 raises 1050 to 1750
Polochon64 folds
-polar- folds
phenix68200 folds
P1xel7 collected 3280 from pot
*** SUMMARY ***
Total pot 3280 | No rake
Seat 6: P1xel7 won 3280


Winamax Poker - Tournament "Kill The Fish" buyIn: 0.90€ + 0.10€ level: 8 - HandId: #3178965837075709998-34-1707072553 - Holdem no limit (80/350/700) - 2024/02/04 18:49:13 UTC
Table: 'Kill The Fish(740160662)#045' 6-max (real money) Seat #2 is the button
Seat 1: Polochon64 (26889, 0.45€ bounty)
Seat 2: -polar- (18420, 0.45€ bounty)
Seat 3: phenix68200 (44384, 0.67€ bounty)
Seat 4: ElPichongo (28377, 0.67€ bounty)
Seat 5: xxxBVBxxx (15395, 0.45€ bounty)
Seat 6: P1xel7 (33555, 0.45€ bounty)
*** ANTE/BLINDS ***
phenix68200 posts ante 80
ElPichongo posts ante 80
Polochon64 posts ante 80
-polar- posts ante 80
xxxBVBxxx posts ante 80
P1xel7 posts ante 80
phenix68200 posts small blind 350
ElPichongo posts big blind 700
Dealt to P1xel7 [Ac Tc]
*** PRE-FLOP *** 
xxxBVBxxx folds
P1xel7 raises 840 to 1540
Polochon64 calls 1540
-polar- calls 1540
phenix68200 folds
ElPichongo calls 840
*** FLOP *** [7c 5c As]
ElPichongo checks
P1xel7 bets 1748
Polochon64 folds
-polar- calls 1748
ElPichongo calls 1748
*** TURN *** [7c 5c As][8c]
ElPichongo checks
P1xel7 checks
-polar- checks
*** RIVER *** [7c 5c As 8c][2h]
ElPichongo checks
P1xel7 bets 4200
-polar- calls 4200
ElPichongo calls 4200
*** SHOW DOWN ***
-polar- shows [Ah 3h] (One pair : Aces)
ElPichongo shows [7d 2c] (Two pairs : 7 and 2)
P1xel7 shows [Ac Tc] (Flush Ace high)
P1xel7 collected 24834 from pot
*** SUMMARY ***
Total pot 24834 | No rake
Board: [7c 5c As 8c 2h]
Seat 2: -polar- (button) showed [Ah 3h] and lost with One pair : Aces
Seat 4: ElPichongo (big blind) showed [7d 2c] and lost with Two pairs : 7 and 2
Seat 6: P1xel7 showed [Ac Tc] and won 24834 with Flush Ace high


Winamax Poker - Tournament "Kill The Fish" buyIn: 0.90€ + 0.10€ level: 8 - HandId: #3178965837075709998-35-1707072648 - Holdem no limit (80/350/700) - 2024/02/04 18:50:48 UTC
Table: 'Kill The Fish(740160662)#045' 6-max (real money) Seat #3 is the button
Seat 1: Polochon64 (25269, 0.45€ bounty)
Seat 2: -polar- (10852, 0.45€ bounty)
Seat 3: phenix68200 (43954, 0.67€ bounty)
Seat 4: ElPichongo (20809, 0.67€ bounty)
Seat 5: xxxBVBxxx (15315, 0.45€ bounty)
Seat 6: P1xel7 (50821, 0.45€ bounty)
*** ANTE/BLINDS ***
ElPichongo posts ante 80
xxxBVBxxx posts ante 80
Polochon64 posts ante 80
-polar- posts ante 80
phenix68200 posts ante 80
P1xel7 posts ante 80
ElPichongo posts small blind 350
xxxBVBxxx posts big blind 700
Dealt to P1xel7 [4c 7c]
*** PRE-FLOP *** 
P1xel7 folds
Polochon64 folds
-polar- folds
phenix68200 folds
ElPichongo calls 350
xxxBVBxxx checks
*** FLOP *** [5s 7d 2d]
ElPichongo checks
xxxBVBxxx bets 700
ElPichongo calls 700
*** TURN *** [5s 7d 2d][Jh]
ElPichongo checks
xxxBVBxxx bets 1050
ElPichongo folds
xxxBVBxxx collected 4330 from pot
*** SUMMARY ***
Total pot 4330 | No rake
Board: [5s 7d 2d Jh]
Seat 5: xxxBVBxxx (big blind) won 4330


Winamax Poker - Tournament "Kill The Fish" buyIn: 0.90€ + 0.10€ level: 9 - HandId: #3178965837075709998-36-1707072706 - Holdem no limit (100/400/800) - 2024/02/04 18:51:46 UTC
Table: 'Kill The Fish(740160662)#045' 6-max (real money) Seat #4 is the button
Seat 1: Polochon64 (25189, 0.45€ bounty)
Seat 2: -polar- (10772, 0.45€ bounty)
Seat 3: phenix68200 (43874, 0.67€ bounty)
Seat 4: ElPichongo (19329, 0.67€ bounty)
Seat 5: xxxBVBxxx (17115, 0.45€ bounty)
Seat 6: P1xel7 (50741, 0.45€ bounty)
*** ANTE/BLINDS ***
xxxBVBxxx posts ante 100
P1xel7 posts ante 100
Polochon64 posts ante 100
-polar- posts ante 100
phenix68200 posts ante 100
ElPichongo posts ante 100
xxxBVBxxx posts small blind 400
P1xel7 posts big blind 800
Dealt to P1xel7 [8h Ad]
*** PRE-FLOP *** 
Polochon64 folds
-polar- folds
phenix68200 folds
ElPichongo folds
xxxBVBxxx folds
P1xel7 collected 1800 from pot
*** SUMMARY ***
Total pot 1800 | No rake
Seat 6: P1xel7 (big blind) won 1800


Winamax Poker - Tournament "Kill The Fish" buyIn: 0.90€ + 0.10€ level: 9 - HandId: #3178965837075709998-37-1707072724 - Holdem no limit (100/400/800) - 2024/02/04 18:52:04 UTC
Table: 'Kill The Fish(740160662)#045' 6-max (real money) Seat #5 is the button
Seat 1: Polochon64 (25089, 0.45€ bounty)
Seat 2: -polar- (10672, 0.45€ bounty)
Seat 3: phenix68200 (43774, 0.67€ bounty)
Seat 4: ElPichongo (19229, 0.67€ bounty)
Seat 5: xxxBVBxxx (16615, 0.45€ bounty)
Seat 6: P1xel7 (51641, 0.45€ bounty)
*** ANTE/BLINDS ***
P1xel7 posts ante 100
Polochon64 posts ante 100
-polar- posts ante 100
phenix68200 posts ante 100
ElPichongo posts ante 100
xxxBVBxxx posts ante 100
P1xel7 posts small blind 400
Polochon64 posts big blind 800
Dealt to P1xel7 [Qd As]
*** PRE-FLOP *** 
-polar- folds
phenix68200 folds
ElPichongo folds
xxxBVBxxx folds
P1xel7 raises 1200 to 2000
Polochon64 folds
P1xel7 collected 3400 from pot
*** SUMMARY ***
Total pot 3400 | No rake
Seat 6: P1xel7 (small blind) won 3400


Winamax Poker - Tournament "Kill The Fish" buyIn: 0.90€ + 0.10€ level: 9 - HandId: #3178965837075709998-38-1707072753 - Holdem no limit (100/400/800) - 2024/02/04 18:52:33 UTC
Table: 'Kill The Fish(740160662)#045' 6-max (real money) Seat #6 is the button
Seat 1: Polochon64 (24189, 0.45€ bounty)
Seat 2: -polar- (10572, 0.45€ bounty)
Seat 3: phenix68200 (43674, 0.67€ bounty)
Seat 4: ElPichongo (19129, 0.67€ bounty)
Seat 5: xxxBVBxxx (16515, 0.45€ bounty)
Seat 6: P1xel7 (52941, 0.45€ bounty)
*** ANTE/BLINDS ***
Polochon64 posts ante 100
-polar- posts ante 100
phenix68200 posts ante 100
ElPichongo posts ante 100
xxxBVBxxx posts ante 100
P1xel7 posts ante 100
Polochon64 posts small blind 400
-polar- posts big blind 800
Dealt to P1xel7 [6c Jh]
*** PRE-FLOP *** 
phenix68200 folds
ElPichongo raises 880 to 1680
xxxBVBxxx calls 1680
P1xel7 folds
Polochon64 folds
-polar- folds
*** FLOP *** [9s 9h Ks]
ElPichongo checks
xxxBVBxxx bets 1806
ElPichongo calls 1806
*** TURN *** [9s 9h Ks][6h]
ElPichongo checks
xxxBVBxxx bets 12929 and is all-in
ElPichongo calls 12929
*** RIVER *** [9s 9h Ks 6h][8d]
*** SHOW DOWN ***
ElPichongo shows [Qc Kd] (Two pairs : Kings and 9)
xxxBVBxxx shows [Ac Ah] (Two pairs : Aces and 9)
xxxBVBxxx collected 34630 from pot
*** SUMMARY ***
Total pot 34630 | No rake
Board: [9s 9h Ks 6h 8d]
Seat 4: ElPichongo showed [Qc Kd] and lost with Two pairs : Kings and 9
Seat 5: xxxBVBxxx showed [Ac Ah] and won 34630 with Two pairs : Aces and 9


Winamax Poker - Tournament "Kill The Fish" buyIn: 0.90€ + 0.10€ level: 9 - HandId: #3178965837075709998-39-1707072805 - Holdem no limit (100/400/800) - 2024/02/04 18:53:25 UTC
Table: 'Kill The Fish(740160662)#045' 6-max (real money) Seat #1 is the button
Seat 1: Polochon64 (23689, 0.45€ bounty)
Seat 2: -polar- (9672, 0.45€ bounty)
Seat 3: phenix68200 (43574, 0.67€ bounty)
Seat 4: ElPichongo (2614, 0.67€ bounty)
Seat 5: xxxBVBxxx (34630, 0.45€ bounty)
Seat 6: P1xel7 (52841, 0.45€ bounty)
*** ANTE/BLINDS ***
-polar- posts ante 100
phenix68200 posts ante 100
Polochon64 posts ante 100
ElPichongo posts ante 100
xxxBVBxxx posts ante 100
P1xel7 posts ante 100
-polar- posts small blind 400
phenix68200 posts big blind 800
Dealt to P1xel7 [2h 7c]
*** PRE-FLOP *** 
ElPichongo raises 1714 to 2514 and is all-in
xxxBVBxxx folds
P1xel7 calls 2514
Polochon64 folds
-polar- folds
phenix68200 calls 1714
*** FLOP *** [4c Ah 8c]
phenix68200 bets 8542
P1xel7 folds
*** TURN *** [4c Ah 8c][5h]
*** RIVER *** [4c Ah 8c 5h][Ts]
*** SHOW DOWN ***
ElPichongo shows [Kc 2c] (High card : Ace)
phenix68200 shows [Ad Td] (Two pairs : Aces and Tens)
phenix68200 collected 17084 from pot
*** SUMMARY ***
Total pot 17084 | No rake
Board: [4c Ah 8c 5h Ts]
Seat 3: phenix68200 (big blind) showed [Ad Td] and won 17084 with Two pairs : Aces and Tens
Seat 4: ElPichongo showed [Kc 2c] and lost with High card : Ace


Winamax Poker - Tournament "Kill The Fish" buyIn: 0.90€ + 0.10€ level: 9 - HandId: #3178965837075709998-40-1707072847 - Holdem no limit (100/400/800) - 2024/02/04 18:54:07 UTC
Table: 'Kill The Fish(740160662)#045' 6-max (real money) Seat #2 is the button
Seat 1: Polochon64 (23589, 0.45€ bounty)
Seat 2: -polar- (9172, 0.45€ bounty)
Seat 3: phenix68200 (49502, 1€ bounty)
Seat 5: xxxBVBxxx (34530, 0.45€ bounty)
Seat 6: P1xel7 (50227, 0.45€ bounty)
*** ANTE/BLINDS ***
phenix68200 posts ante 100
xxxBVBxxx posts ante 100
Polochon64 posts ante 100
-polar- posts ante 100
P1xel7 posts ante 100
phenix68200 posts small blind 400
xxxBVBxxx posts big blind 800
Dealt to P1xel7 [Tc Qh]
*** PRE-FLOP *** 
P1xel7 folds
Polochon64 folds
-polar- raises 8272 to 9072 and is all-in
phenix68200 folds
xxxBVBxxx folds
-polar- collected 10772 from pot
*** SUMMARY ***
Total pot 10772 | No rake
Seat 2: -polar- (button) won 10772


Winamax Poker - Tournament "Kill The Fish" buyIn: 0.90€ + 0.10€ level: 9 - HandId: #3178965837075709998-41-1707072870 - Holdem no limit (100/400/800) - 2024/02/04 18:54:30 UTC
Table: 'Kill The Fish(740160662)#045' 6-max (real money) Seat #3 is the button
Seat 1: Polochon64 (23489, 0.45€ bounty)
Seat 2: -polar- (10772, 0.45€ bounty)
Seat 3: phenix68200 (49002, 1€ bounty)
Seat 5: xxxBVBxxx (33630, 0.45€ bounty)
Seat 6: P1xel7 (50127, 0.45€ bounty)
*** ANTE/BLINDS ***
xxxBVBxxx posts ante 100
P1xel7 posts ante 100
Polochon64 posts ante 100
-polar- posts ante 100
phenix68200 posts ante 100
xxxBVBxxx posts small blind 400
P1xel7 posts big blind 800
Dealt to P1xel7 [2c 2d]
*** PRE-FLOP *** 
Polochon64 folds
-polar- folds
phenix68200 raises 800 to 1600
xxxBVBxxx folds
P1xel7 raises 4400 to 6000
phenix68200 calls 4400
*** FLOP *** [4h Qh Ad]
P1xel7 bets 4515
phenix68200 calls 4515
*** TURN *** [4h Qh Ad][7c]
P1xel7 checks
phenix68200 bets 38387 and is all-in
P1xel7 folds
phenix68200 collected 60317 from pot
*** SUMMARY ***
Total pot 60317 | No rake
Board: [4h Qh Ad 7c]
Seat 3: phenix68200 (button) won 60317


Winamax Poker - Tournament "Kill The Fish" buyIn: 0.90€ + 0.10€ level: 9 - HandId: #3178965837075709998-42-1707073260 - Holdem no limit (100/400/800) - 2024/02/04 19:01:00 UTC
Table: 'Kill The Fish(740160662)#045' 6-max (real money) Seat #5 is the button
Seat 1: Polochon64 (23389, 0.45€ bounty)
Seat 2: -polar- (10672, 0.45€ bounty)
Seat 3: phenix68200 (60317, 1€ bounty)
Seat 4: younfts (20000, 0.45€ bounty)
Seat 5: xxxBVBxxx (33130, 0.45€ bounty)
Seat 6: P1xel7 (39512, 0.45€ bounty)
*** ANTE/BLINDS ***
P1xel7 posts ante 100
Polochon64 posts ante 100
-polar- posts ante 100
phenix68200 posts ante 100
younfts posts ante 100
xxxBVBxxx posts ante 100
P1xel7 posts small blind 400
Polochon64 posts big blind 800
Dealt to P1xel7 [Tc 7c]
*** PRE-FLOP *** 
-polar- folds
phenix68200 folds
younfts folds
xxxBVBxxx folds
P1xel7 folds
Polochon64 collected 1800 from pot
*** SUMMARY ***
Total pot 1800 | No rake
Seat 1: Polochon64 (big blind) won 1800


Winamax Poker - Tournament "Kill The Fish" buyIn: 0.90€ + 0.10€ level: 10 - HandId: #3178965837075709998-43-1707073320 - Holdem no limit (120/500/1000) - 2024/02/04 19:02:00 UTC
Table: 'Kill The Fish(740160662)#045' 6-max (real money) Seat #6 is the button
Seat 1: Polochon64 (24289, 0.45€ bounty)
Seat 2: -polar- (10572, 0.45€ bounty)
Seat 4: younfts (19900, 0.45€ bounty)
Seat 5: xxxBVBxxx (33030, 0.45€ bounty)
Seat 6: P1xel7 (39012, 0.45€ bounty)
*** ANTE/BLINDS ***
Polochon64 posts ante 120
-polar- posts ante 120
younfts posts ante 120
xxxBVBxxx posts ante 120
P1xel7 posts ante 120
Polochon64 posts small blind 500
-polar- posts big blind 1000
Dealt to P1xel7 [8h Ad]
*** PRE-FLOP *** 
younfts folds
xxxBVBxxx folds
P1xel7 raises 1200 to 2200
Polochon64 folds
-polar- calls 1200
*** FLOP *** [Jd Kh 4c]
-polar- checks
P1xel7 checks
*** TURN *** [Jd Kh 4c][8s]
-polar- checks
P1xel7 bets 1925
-polar- folds
P1xel7 collected 7425 from pot
*** SUMMARY ***
Total pot 7425 | No rake
Board: [Jd Kh 4c 8s]
Seat 6: P1xel7 (button) won 7425


Winamax Poker - Tournament "Kill The Fish" buyIn: 0.90€ + 0.10€ level: 10 - HandId: #3178965837075709998-44-1707073376 - Holdem no limit (120/500/1000) - 2024/02/04 19:02:56 UTC
Table: 'Kill The Fish(740160662)#045' 6-max (real money) Seat #1 is the button
Seat 1: Polochon64 (23669, 0.45€ bounty)
Seat 2: -polar- (8252, 0.45€ bounty)
Seat 3: Nemesis888 (20000, 0.45€ bounty)
Seat 4: younfts (19780, 0.45€ bounty)
Seat 5: xxxBVBxxx (32910, 0.45€ bounty)
Seat 6: P1xel7 (42192, 0.45€ bounty)
*** ANTE/BLINDS ***
-polar- posts ante 120
Nemesis888 posts ante 120
Polochon64 posts ante 120
younfts posts ante 120
xxxBVBxxx posts ante 120
P1xel7 posts ante 120
-polar- posts small blind 500
Nemesis888 posts big blind 1000
Dealt to P1xel7 [Ad 5h]
*** PRE-FLOP *** 
younfts raises 2000 to 3000
xxxBVBxxx folds
P1xel7 folds
Polochon64 folds
-polar- folds
Nemesis888 folds
younfts collected 5220 from pot
*** SUMMARY ***
Total pot 5220 | No rake
Seat 4: younfts won 5220


Winamax Poker - Tournament "Kill The Fish" buyIn: 0.90€ + 0.10€ level: 10 - HandId: #3178965837075709998-45-1707073402 - Holdem no limit (120/500/1000) - 2024/02/04 19:03:22 UTC
Table: 'Kill The Fish(740160662)#045' 6-max (real money) Seat #2 is the button
Seat 1: Polochon64 (23549, 0.45€ bounty)
Seat 2: -polar- (7632, 0.45€ bounty)
Seat 3: Nemesis888 (18880, 0.45€ bounty)
Seat 4: younfts (21880, 0.45€ bounty)
Seat 5: xxxBVBxxx (32790, 0.45€ bounty)
Seat 6: P1xel7 (42072, 0.45€ bounty)
*** ANTE/BLINDS ***
Nemesis888 posts ante 120
younfts posts ante 120
Polochon64 posts ante 120
-polar- posts ante 120
xxxBVBxxx posts ante 120
P1xel7 posts ante 120
Nemesis888 posts small blind 500
younfts posts big blind 1000
Dealt to P1xel7 [3s Kc]
*** PRE-FLOP *** 
xxxBVBxxx folds
P1xel7 folds
Polochon64 raises 1000 to 2000
-polar- folds
Nemesis888 folds
younfts folds
Polochon64 collected 4220 from pot
*** SUMMARY ***
Total pot 4220 | No rake
Seat 1: Polochon64 won 4220


Winamax Poker - Tournament "Kill The Fish" buyIn: 0.90€ + 0.10€ level: 10 - HandId: #3178965837075709998-46-1707073431 - Holdem no limit (120/500/1000) - 2024/02/04 19:03:51 UTC
Table: 'Kill The Fish(740160662)#045' 6-max (real money) Seat #3 is the button
Seat 1: Polochon64 (25649, 0.45€ bounty)
Seat 2: -polar- (7512, 0.45€ bounty)
Seat 3: Nemesis888 (18260, 0.45€ bounty)
Seat 4: younfts (20760, 0.45€ bounty)
Seat 5: xxxBVBxxx (32670, 0.45€ bounty)
Seat 6: P1xel7 (41952, 0.45€ bounty)
*** ANTE/BLINDS ***
younfts posts ante 120
xxxBVBxxx posts ante 120
Polochon64 posts ante 120
-polar- posts ante 120
Nemesis888 posts ante 120
P1xel7 posts ante 120
younfts posts small blind 500
xxxBVBxxx posts big blind 1000
Dealt to P1xel7 [6d 9h]
*** PRE-FLOP *** 
P1xel7 folds
Polochon64 folds
-polar- raises 6392 to 7392 and is all-in
Nemesis888 folds
younfts folds
xxxBVBxxx calls 6392
*** FLOP *** [Ah 8s 7s]
*** TURN *** [Ah 8s 7s][Th]
*** RIVER *** [Ah 8s 7s Th][Kh]
*** SHOW DOWN ***
-polar- shows [2d 4d] (High card : Ace)
xxxBVBxxx shows [6s 6h] (One pair : 6)
xxxBVBxxx collected 16004 from pot
*** SUMMARY ***
Total pot 16004 | No rake
Board: [Ah 8s 7s Th Kh]
Seat 2: -polar- showed [2d 4d] and lost with High card : Ace
Seat 5: xxxBVBxxx (big blind) showed [6s 6h] and won 16004 with One pair : 6


Winamax Poker - Tournament "Kill The Fish" buyIn: 0.90€ + 0.10€ level: 10 - HandId: #3178965837075709998-47-1707073463 - Holdem no limit (120/500/1000) - 2024/02/04 19:04:23 UTC
Table: 'Kill The Fish(740160662)#045' 6-max (real money) Seat #4 is the button
Seat 1: Polochon64 (25529, 0.45€ bounty)
Seat 3: Nemesis888 (18140, 0.45€ bounty)
Seat 4: younfts (20140, 0.45€ bounty)
Seat 5: xxxBVBxxx (41162, 0.67€ bounty)
Seat 6: P1xel7 (41832, 0.45€ bounty)
*** ANTE/BLINDS ***
xxxBVBxxx posts ante 120
P1xel7 posts ante 120
Polochon64 posts ante 120
Nemesis888 posts ante 120
younfts posts ante 120
xxxBVBxxx posts small blind 500
P1xel7 posts big blind 1000
Dealt to P1xel7 [Ad Jd]
*** PRE-FLOP *** 
Polochon64 folds
Nemesis888 calls 1000
younfts calls 1000
xxxBVBxxx raises 5000 to 6000
P1xel7 calls 5000
Nemesis888 folds
younfts folds
*** FLOP *** [Qc 4c 3h]
xxxBVBxxx bets 4150
P1xel7 calls 4150
*** TURN *** [Qc 4c 3h][5h]
xxxBVBxxx bets 30892 and is all-in
P1xel7 folds
xxxBVBxxx collected 53792 from pot
*** SUMMARY ***
Total pot 53792 | No rake
Board: [Qc 4c 3h 5h]
Seat 5: xxxBVBxxx (small blind) won 53792


Winamax Poker - Tournament "Kill The Fish" buyIn: 0.90€ + 0.10€ level: 10 - HandId: #3178965837075709998-48-1707073542 - Holdem no limit (120/500/1000) - 2024/02/04 19:05:42 UTC
Table: 'Kill The Fish(740160662)#045' 6-max (real money) Seat #5 is the button
Seat 1: Polochon64 (25409, 0.45€ bounty)
Seat 2: iribrayden (20000, 0.45€ bounty)
Seat 3: Nemesis888 (17020, 0.45€ bounty)
Seat 4: younfts (19020, 0.45€ bounty)
Seat 5: xxxBVBxxx (53792, 0.67€ bounty)
Seat 6: P1xel7 (31562, 0.45€ bounty)
*** ANTE/BLINDS ***
P1xel7 posts ante 120
Polochon64 posts ante 120
iribrayden posts ante 120
Nemesis888 posts ante 120
younfts posts ante 120
xxxBVBxxx posts ante 120
P1xel7 posts small blind 500
Polochon64 posts big blind 1000
Dealt to P1xel7 [2c 8s]
*** PRE-FLOP *** 
iribrayden folds
Nemesis888 folds
younfts folds
xxxBVBxxx folds
P1xel7 folds
Polochon64 collected 2220 from pot
*** SUMMARY ***
Total pot 2220 | No rake
Seat 1: Polochon64 (big blind) won 2220


Winamax Poker - Tournament "Kill The Fish" buyIn: 0.90€ + 0.10€ level: 10 - HandId: #3178965837075709998-49-1707073560 - Holdem no limit (120/500/1000) - 2024/02/04 19:06:00 UTC
Table: 'Kill The Fish(740160662)#045' 6-max (real money) Seat #6 is the button
Seat 1: Polochon64 (26509, 0.45€ bounty)
Seat 2: iribrayden (19880, 0.45€ bounty)
Seat 3: Nemesis888 (16900, 0.45€ bounty)
Seat 4: younfts (18900, 0.45€ bounty)
Seat 5: xxxBVBxxx (53672, 0.67€ bounty)
Seat 6: P1xel7 (30942, 0.45€ bounty)
*** ANTE/BLINDS ***
Polochon64 posts ante 120
iribrayden posts ante 120
Nemesis888 posts ante 120
younfts posts ante 120
xxxBVBxxx posts ante 120
P1xel7 posts ante 120
Polochon64 posts small blind 500
iribrayden posts big blind 1000
Dealt to P1xel7 [4h 6s]
*** PRE-FLOP *** 
Nemesis888 folds
younfts raises 17780 to 18780 and is all-in
xxxBVBxxx folds
P1xel7 folds
Polochon64 folds
iribrayden folds
younfts collected 21000 from pot
*** SUMMARY ***
Total pot 21000 | No rake
Seat 4: younfts won 21000


Winamax Poker - Tournament "Kill The Fish" buyIn: 0.90€ + 0.10€ level: 10 - HandId: #3178965837075709998-50-1707073588 - Holdem no limit (120/500/1000) - 2024/02/04 19:06:28 UTC
Table: 'Kill The Fish(740160662)#045' 6-max (real money) Seat #1 is the button
Seat 1: Polochon64 (25889, 0.45€ bounty)
Seat 2: iribrayden (18760, 0.45€ bounty)
Seat 3: Nemesis888 (16780, 0.45€ bounty)
Seat 4: younfts (21000, 0.45€ bounty)
Seat 5: xxxBVBxxx (53552, 0.67€ bounty)
Seat 6: P1xel7 (30822, 0.45€ bounty)
*** ANTE/BLINDS ***
iribrayden posts ante 120
Nemesis888 posts ante 120
Polochon64 posts ante 120
younfts posts ante 120
xxxBVBxxx posts ante 120
P1xel7 posts ante 120
iribrayden posts small blind 500
Nemesis888 posts big blind 1000
Dealt to P1xel7 [Td 9s]
*** PRE-FLOP *** 
younfts folds
xxxBVBxxx folds
P1xel7 folds
Polochon64 raises 1000 to 2000
iribrayden calls 1500
Nemesis888 folds
*** FLOP *** [6c Ah 8s]
iribrayden checks
Polochon64 bets 2002
iribrayden calls 2002
*** TURN *** [6c Ah 8s][4h]
iribrayden checks
Polochon64 checks
*** RIVER *** [6c Ah 8s 4h][Ac]
iribrayden checks
Polochon64 checks
*** SHOW DOWN ***
Polochon64 shows [Kh Jd] (One pair : Aces)
iribrayden shows [9h 8h] (Two pairs : Aces and 8)
iribrayden collected 9724 from pot
*** SUMMARY ***
Total pot 9724 | No rake
Board: [6c Ah 8s 4h Ac]
Seat 1: Polochon64 (button) showed [Kh Jd] and lost with One pair : Aces
Seat 2: iribrayden (small blind) showed [9h 8h] and won 9724 with Two pairs : Aces and 8


Winamax Poker - Tournament "Kill The Fish" buyIn: 0.90€ + 0.10€ level: 11 - HandId: #3178965837075709998-51-1707073669 - Holdem no limit (140/600/1200) - 2024/02/04 19:07:49 UTC
Table: 'Kill The Fish(740160662)#045' 6-max (real money) Seat #2 is the button
Seat 1: Polochon64 (21767, 0.45€ bounty)
Seat 2: iribrayden (24362, 0.45€ bounty)
Seat 3: Nemesis888 (15660, 0.45€ bounty)
Seat 4: younfts (20880, 0.45€ bounty)
Seat 5: xxxBVBxxx (53432, 0.67€ bounty)
Seat 6: P1xel7 (30702, 0.45€ bounty)
*** ANTE/BLINDS ***
Nemesis888 posts ante 140
younfts posts ante 140
Polochon64 posts ante 140
iribrayden posts ante 140
xxxBVBxxx posts ante 140
P1xel7 posts ante 140
Nemesis888 posts small blind 600
younfts posts big blind 1200
Dealt to P1xel7 [5h 7h]
*** PRE-FLOP *** 
xxxBVBxxx folds
P1xel7 folds
Polochon64 folds
iribrayden calls 1200
Nemesis888 folds
younfts checks
*** FLOP *** [Ks Qc 5s]
younfts checks
iribrayden checks
*** TURN *** [Ks Qc 5s][3s]
younfts checks
iribrayden bets 1344
younfts folds
iribrayden collected 5184 from pot
*** SUMMARY ***
Total pot 5184 | No rake
Board: [Ks Qc 5s 3s]
Seat 2: iribrayden (button) won 5184


Winamax Poker - Tournament "Kill The Fish" buyIn: 0.90€ + 0.10€ level: 11 - HandId: #3178965837075709998-52-1707073781 - Holdem no limit (140/600/1200) - 2024/02/04 19:09:41 UTC
Table: 'Kill The Fish(740160662)#045' 6-max (real money) Seat #3 is the button
Seat 1: Polochon64 (21627, 0.45€ bounty)
Seat 2: iribrayden (26862, 0.45€ bounty)
Seat 3: Nemesis888 (14920, 0.45€ bounty)
Seat 4: younfts (19540, 0.45€ bounty)
Seat 5: xxxBVBxxx (53292, 0.67€ bounty)
Seat 6: P1xel7 (30562, 0.45€ bounty)
*** ANTE/BLINDS ***
younfts posts ante 140
xxxBVBxxx posts ante 140
Polochon64 posts ante 140
iribrayden posts ante 140
Nemesis888 posts ante 140
P1xel7 posts ante 140
younfts posts small blind 600
xxxBVBxxx posts big blind 1200
Dealt to P1xel7 [Td 3h]
*** PRE-FLOP *** 
P1xel7 folds
Polochon64 folds
iribrayden folds
Nemesis888 folds
younfts folds
xxxBVBxxx collected 2640 from pot
*** SUMMARY ***
Total pot 2640 | No rake
Seat 5: xxxBVBxxx (big blind) won 2640


Winamax Poker - Tournament "Kill The Fish" buyIn: 0.90€ + 0.10€ level: 11 - HandId: #3178965837075709998-53-1707073793 - Holdem no limit (140/600/1200) - 2024/02/04 19:09:53 UTC
Table: 'Kill The Fish(740160662)#045' 6-max (real money) Seat #4 is the button
Seat 1: Polochon64 (21487, 0.45€ bounty)
Seat 2: iribrayden (26722, 0.45€ bounty)
Seat 3: Nemesis888 (14780, 0.45€ bounty)
Seat 4: younfts (18800, 0.45€ bounty)
Seat 5: xxxBVBxxx (54592, 0.67€ bounty)
Seat 6: P1xel7 (30422, 0.45€ bounty)
*** ANTE/BLINDS ***
xxxBVBxxx posts ante 140
P1xel7 posts ante 140
Polochon64 posts ante 140
iribrayden posts ante 140
Nemesis888 posts ante 140
younfts posts ante 140
xxxBVBxxx posts small blind 600
P1xel7 posts big blind 1200
Dealt to P1xel7 [3d 2s]
*** PRE-FLOP *** 
Polochon64 raises 1200 to 2400
iribrayden folds
Nemesis888 folds
younfts folds
xxxBVBxxx folds
P1xel7 calls 1200
*** FLOP *** [Th Jh 5d]
P1xel7 checks
Polochon64 checks
*** TURN *** [Th Jh 5d][6d]
P1xel7 bets 2184
Polochon64 calls 2184
*** RIVER *** [Th Jh 5d 6d][6s]
P1xel7 bets 25698 and is all-in
Polochon64 folds
P1xel7 collected 36306 from pot
*** SUMMARY ***
Total pot 36306 | No rake
Board: [Th Jh 5d 6d 6s]
Seat 6: P1xel7 (big blind) won 36306


Winamax Poker - Tournament "Kill The Fish" buyIn: 0.90€ + 0.10€ level: 12 - HandId: #3178965837075709993-67-1707073924 - Holdem no limit (160/700/1400) - 2024/02/04 19:12:04 UTC
Table: 'Kill The Fish(740160662)#040' 6-max (real money) Seat #5 is the button
Seat 1: Ram_s (35007, 0.45€ bounty)
Seat 2: MtRuShmoore (34121, 0.67€ bounty)
Seat 3: sylvain61700 (52295, 1.11€ bounty)
Seat 4: P1xel7 (36306, 0.45€ bounty)
Seat 5: ultra_modo (42340, 0.45€ bounty)
Seat 6: Minot2O (39365, 0.67€ bounty)
*** ANTE/BLINDS ***
Minot2O posts ante 160
Ram_s posts ante 160
MtRuShmoore posts ante 160
sylvain61700 posts ante 160
P1xel7 posts ante 160
ultra_modo posts ante 160
Minot2O posts small blind 700
Ram_s posts big blind 1400
Dealt to P1xel7 [3d 6d]
*** PRE-FLOP *** 
MtRuShmoore folds
sylvain61700 calls 1400
P1xel7 folds
ultra_modo folds
Minot2O calls 700
Ram_s checks
*** FLOP *** [4d 9h 2h]
Minot2O checks
Ram_s checks
sylvain61700 checks
*** TURN *** [4d 9h 2h][As]
Minot2O checks
Ram_s checks
sylvain61700 bets 1400
Minot2O calls 1400
Ram_s folds
*** RIVER *** [4d 9h 2h As][Kd]
Minot2O checks
sylvain61700 bets 49335 and is all-in
Minot2O folds
sylvain61700 collected 57295 from pot
*** SUMMARY ***
Total pot 57295 | No rake
Board: [4d 9h 2h As Kd]
Seat 3: sylvain61700 won 57295


Winamax Poker - Tournament "Kill The Fish" buyIn: 0.90€ + 0.10€ level: 12 - HandId: #3178965837075709993-68-1707073996 - Holdem no limit (160/700/1400) - 2024/02/04 19:13:16 UTC
Table: 'Kill The Fish(740160662)#040' 6-max (real money) Seat #6 is the button
Seat 1: Ram_s (33447, 0.45€ bounty)
Seat 2: MtRuShmoore (33961, 0.67€ bounty)
Seat 3: sylvain61700 (57295, 1.11€ bounty)
Seat 4: P1xel7 (36146, 0.45€ bounty)
Seat 5: ultra_modo (42180, 0.45€ bounty)
Seat 6: Minot2O (36405, 0.67€ bounty)
*** ANTE/BLINDS ***
Ram_s posts ante 160
MtRuShmoore posts ante 160
sylvain61700 posts ante 160
P1xel7 posts ante 160
ultra_modo posts ante 160
Minot2O posts ante 160
Ram_s posts small blind 700
MtRuShmoore posts big blind 1400
Dealt to P1xel7 [Th Ah]
*** PRE-FLOP *** 
sylvain61700 calls 1400
P1xel7 raises 4200 to 5600
ultra_modo calls 5600
Minot2O folds
Ram_s folds
MtRuShmoore folds
sylvain61700 calls 4200
*** FLOP *** [4h 2c 7s]
sylvain61700 bets 1400
P1xel7 calls 1400
ultra_modo calls 1400
*** TURN *** [4h 2c 7s][3c]
sylvain61700 bets 8421
P1xel7 folds
ultra_modo calls 8421
*** RIVER *** [4h 2c 7s 3c][Qh]
sylvain61700 bets 14316
ultra_modo calls 14316
*** SHOW DOWN ***
sylvain61700 shows [4c Kc] (One pair : 4)
ultra_modo shows [6h 6s] (One pair : 6)
ultra_modo collected 69534 from pot
*** SUMMARY ***
Total pot 69534 | No rake
Board: [4h 2c 7s 3c Qh]
Seat 3: sylvain61700 showed [4c Kc] and lost with One pair : 4
Seat 5: ultra_modo showed [6h 6s] and won 69534 with One pair : 6


Winamax Poker - Tournament "Kill The Fish" buyIn: 0.90€ + 0.10€ level: 12 - HandId: #3178965837075709981-83-1707074161 - Holdem no limit (160/700/1400) - 2024/02/04 19:16:01 UTC
Table: 'Kill The Fish(740160662)#028' 6-max (real money) Seat #6 is the button
Seat 1: gladiator-99 (14400, 0.45€ bounty)
Seat 2: KKanit08 (59965, 0.45€ bounty)
Seat 3: Unlucky67674 (23124, 0.45€ bounty)
Seat 4: Piolet_Rouge (70786, 1.11€ bounty)
Seat 5: P1xel7 (28986, 0.45€ bounty)
Seat 6: Witt Wizard (25600, 0.67€ bounty)
*** ANTE/BLINDS ***
gladiator-99 posts ante 160
KKanit08 posts ante 160
Unlucky67674 posts ante 160
Piolet_Rouge posts ante 160
P1xel7 posts ante 160
Witt Wizard posts ante 160
gladiator-99 posts small blind 700
KKanit08 posts big blind 1400
Dealt to P1xel7 [9c 5c]
*** PRE-FLOP *** 
Unlucky67674 folds
Piolet_Rouge raises 2100 to 3500
P1xel7 folds
Witt Wizard folds
gladiator-99 folds
KKanit08 calls 2100
*** FLOP *** [Ah 5s Ks]
KKanit08 checks
Piolet_Rouge bets 2100
KKanit08 folds
Piolet_Rouge collected 10760 from pot
*** SUMMARY ***
Total pot 10760 | No rake
Board: [Ah 5s Ks]
Seat 4: Piolet_Rouge won 10760


Winamax Poker - Tournament "Kill The Fish" buyIn: 0.90€ + 0.10€ level: 13 - HandId: #3178965837075709981-84-1707074224 - Holdem no limit (200/800/1600) - 2024/02/04 19:17:04 UTC
Table: 'Kill The Fish(740160662)#028' 6-max (real money) Seat #1 is the button
Seat 1: gladiator-99 (13540, 0.45€ bounty)
Seat 2: KKanit08 (56305, 0.45€ bounty)
Seat 3: Unlucky67674 (22964, 0.45€ bounty)
Seat 4: Piolet_Rouge (75786, 1.11€ bounty)
Seat 5: P1xel7 (28826, 0.45€ bounty)
Seat 6: Witt Wizard (25440, 0.67€ bounty)
*** ANTE/BLINDS ***
KKanit08 posts ante 200
Unlucky67674 posts ante 200
gladiator-99 posts ante 200
Piolet_Rouge posts ante 200
P1xel7 posts ante 200
Witt Wizard posts ante 200
KKanit08 posts small blind 800
Unlucky67674 posts big blind 1600
Dealt to P1xel7 [5h 6d]
*** PRE-FLOP *** 
Piolet_Rouge raises 1600 to 3200
P1xel7 folds
Witt Wizard folds
gladiator-99 folds
KKanit08 folds
Unlucky67674 folds
Piolet_Rouge collected 6800 from pot
*** SUMMARY ***
Total pot 6800 | No rake
Seat 4: Piolet_Rouge won 6800


Winamax Poker - Tournament "Kill The Fish" buyIn: 0.90€ + 0.10€ level: 13 - HandId: #3178965837075709981-85-1707074266 - Holdem no limit (200/800/1600) - 2024/02/04 19:17:46 UTC
Table: 'Kill The Fish(740160662)#028' 6-max (real money) Seat #2 is the button
Seat 1: gladiator-99 (13340, 0.45€ bounty)
Seat 2: KKanit08 (55305, 0.45€ bounty)
Seat 3: Unlucky67674 (21164, 0.45€ bounty)
Seat 4: Piolet_Rouge (79186, 1.11€ bounty)
Seat 5: P1xel7 (28626, 0.45€ bounty)
Seat 6: Witt Wizard (25240, 0.67€ bounty)
*** ANTE/BLINDS ***
Unlucky67674 posts ante 200
Piolet_Rouge posts ante 200
gladiator-99 posts ante 200
KKanit08 posts ante 200
P1xel7 posts ante 200
Witt Wizard posts ante 200
Unlucky67674 posts small blind 800
Piolet_Rouge posts big blind 1600
Dealt to P1xel7 [4d 4s]
*** PRE-FLOP *** 
P1xel7 raises 1600 to 3200
Witt Wizard folds
gladiator-99 folds
KKanit08 folds
Unlucky67674 folds
Piolet_Rouge calls 1600
*** FLOP *** [Qh Js 8c]
Piolet_Rouge bets 2400
P1xel7 calls 2400
*** TURN *** [Qh Js 8c][3h]
Piolet_Rouge bets 3200
P1xel7 raises 19626 to 22826 and is all-in
Piolet_Rouge folds
P1xel7 collected 39226 from pot
*** SUMMARY ***
Total pot 39226 | No rake
Board: [Qh Js 8c 3h]
Seat 5: P1xel7 won 39226


Winamax Poker - Tournament "Kill The Fish" buyIn: 0.90€ + 0.10€ level: 13 - HandId: #3178965837075709981-86-1707074320 - Holdem no limit (200/800/1600) - 2024/02/04 19:18:40 UTC
Table: 'Kill The Fish(740160662)#028' 6-max (real money) Seat #3 is the button
Seat 1: gladiator-99 (13140, 0.45€ bounty)
Seat 2: KKanit08 (55105, 0.45€ bounty)
Seat 3: Unlucky67674 (20164, 0.45€ bounty)
Seat 4: Piolet_Rouge (70186, 1.11€ bounty)
Seat 5: P1xel7 (39226, 0.45€ bounty)
Seat 6: Witt Wizard (25040, 0.67€ bounty)
*** ANTE/BLINDS ***
Piolet_Rouge posts ante 200
P1xel7 posts ante 200
gladiator-99 posts ante 200
KKanit08 posts ante 200
Unlucky67674 posts ante 200
Witt Wizard posts ante 200
Piolet_Rouge posts small blind 800
P1xel7 posts big blind 1600
Dealt to P1xel7 [Kh 4d]
*** PRE-FLOP *** 
Witt Wizard folds
gladiator-99 folds
KKanit08 folds
Unlucky67674 folds
Piolet_Rouge folds
P1xel7 collected 3600 from pot
*** SUMMARY ***
Total pot 3600 | No rake
Seat 5: P1xel7 (big blind) won 3600


Winamax Poker - Tournament "Kill The Fish" buyIn: 0.90€ + 0.10€ level: 13 - HandId: #3178965837075709981-87-1707074362 - Holdem no limit (200/800/1600) - 2024/02/04 19:19:22 UTC
Table: 'Kill The Fish(740160662)#028' 6-max (real money) Seat #4 is the button
Seat 1: gladiator-99 (12940, 0.45€ bounty)
Seat 2: KKanit08 (54905, 0.45€ bounty)
Seat 3: Unlucky67674 (19964, 0.45€ bounty)
Seat 4: Piolet_Rouge (69186, 1.11€ bounty)
Seat 5: P1xel7 (41026, 0.45€ bounty)
Seat 6: Witt Wizard (24840, 0.67€ bounty)
*** ANTE/BLINDS ***
P1xel7 posts ante 200
Witt Wizard posts ante 200
gladiator-99 posts ante 200
KKanit08 posts ante 200
Unlucky67674 posts ante 200
Piolet_Rouge posts ante 200
P1xel7 posts small blind 800
Witt Wizard posts big blind 1600
Dealt to P1xel7 [8d 4h]
*** PRE-FLOP *** 
gladiator-99 calls 1600
KKanit08 folds
Unlucky67674 calls 1600
Piolet_Rouge raises 1600 to 3200
P1xel7 folds
Witt Wizard folds
gladiator-99 raises 9540 to 12740 and is all-in
Unlucky67674 folds
Piolet_Rouge calls 9540
*** FLOP *** [5s 5c 5d]
*** TURN *** [5s 5c 5d][Ah]
*** RIVER *** [5s 5c 5d Ah][Jc]
*** SHOW DOWN ***
gladiator-99 shows [Jd Ts] (Full of 5 and Jacks)
Piolet_Rouge shows [Kh Jh] (Full of 5 and Jacks)
Piolet_Rouge collected 15340 from pot
gladiator-99 collected 15340 from pot
*** SUMMARY ***
Total pot 30680 | No rake
Board: [5s 5c 5d Ah Jc]
Seat 1: gladiator-99 showed [Jd Ts] and won 15340 with Full of 5 and Jacks
Seat 4: Piolet_Rouge (button) showed [Kh Jh] and won 15340 with Full of 5 and Jacks


Winamax Poker - Tournament "Kill The Fish" buyIn: 0.90€ + 0.10€ level: 13 - HandId: #3178965837075709981-88-1707074470 - Holdem no limit (200/800/1600) - 2024/02/04 19:21:10 UTC
Table: 'Kill The Fish(740160662)#028' 6-max (real money) Seat #5 is the button
Seat 1: gladiator-99 (15340, 0.45€ bounty)
Seat 2: KKanit08 (54705, 0.45€ bounty)
Seat 3: Unlucky67674 (18164, 0.45€ bounty)
Seat 4: Piolet_Rouge (71586, 1.11€ bounty)
Seat 5: P1xel7 (40026, 0.45€ bounty)
Seat 6: Witt Wizard (23040, 0.67€ bounty)
*** ANTE/BLINDS ***
Witt Wizard posts ante 200
gladiator-99 posts ante 200
KKanit08 posts ante 200
Unlucky67674 posts ante 200
Piolet_Rouge posts ante 200
P1xel7 posts ante 200
Witt Wizard posts small blind 800
gladiator-99 posts big blind 1600
Dealt to P1xel7 [4s Td]
*** PRE-FLOP *** 
KKanit08 calls 1600
Unlucky67674 calls 1600
Piolet_Rouge raises 1600 to 3200
P1xel7 folds
Witt Wizard folds
gladiator-99 folds
KKanit08 calls 1600
Unlucky67674 calls 1600
*** FLOP *** [6h 5c 3s]
KKanit08 checks
Unlucky67674 checks
Piolet_Rouge checks
*** TURN *** [6h 5c 3s][8s]
KKanit08 bets 6600
Unlucky67674 folds
Piolet_Rouge calls 6600
*** RIVER *** [6h 5c 3s 8s][Tc]
KKanit08 bets 6600
Piolet_Rouge calls 6600
*** SHOW DOWN ***
KKanit08 shows [8d Ac] (One pair : 8)
Piolet_Rouge shows [8h Ah] (One pair : 8)
Piolet_Rouge collected 19800 from pot
KKanit08 collected 19800 from pot
*** SUMMARY ***
Total pot 39600 | No rake
Board: [6h 5c 3s 8s Tc]
Seat 2: KKanit08 showed [8d Ac] and won 19800 with One pair : 8
Seat 4: Piolet_Rouge showed [8h Ah] and won 19800 with One pair : 8


Winamax Poker - Tournament "Kill The Fish" buyIn: 0.90€ + 0.10€ level: 14 - HandId: #3178965837075709981-89-1707074589 - Holdem no limit (250/1000/2000) - 2024/02/04 19:23:09 UTC
Table: 'Kill The Fish(740160662)#028' 6-max (real money) Seat #6 is the button
Seat 1: gladiator-99 (13540, 0.45€ bounty)
Seat 2: KKanit08 (57905, 0.45€ bounty)
Seat 3: Unlucky67674 (14764, 0.45€ bounty)
Seat 4: Piolet_Rouge (74786, 1.11€ bounty)
Seat 5: P1xel7 (39826, 0.45€ bounty)
Seat 6: Witt Wizard (22040, 0.67€ bounty)
*** ANTE/BLINDS ***
gladiator-99 posts ante 250
KKanit08 posts ante 250
Unlucky67674 posts ante 250
Piolet_Rouge posts ante 250
P1xel7 posts ante 250
Witt Wizard posts ante 250
gladiator-99 posts small blind 1000
KKanit08 posts big blind 2000
Dealt to P1xel7 [9d 5h]
*** PRE-FLOP *** 
Unlucky67674 calls 2000
Piolet_Rouge folds
P1xel7 folds
Witt Wizard folds
gladiator-99 raises 11290 to 13290 and is all-in
KKanit08 folds
Unlucky67674 folds
gladiator-99 collected 18790 from pot
*** SUMMARY ***
Total pot 18790 | No rake
Seat 1: gladiator-99 (small blind) won 18790


Winamax Poker - Tournament "Kill The Fish" buyIn: 0.90€ + 0.10€ level: 14 - HandId: #3178965837075709981-90-1707074653 - Holdem no limit (250/1000/2000) - 2024/02/04 19:24:13 UTC
Table: 'Kill The Fish(740160662)#028' 6-max (real money) Seat #1 is the button
Seat 1: gladiator-99 (18790, 0.45€ bounty)
Seat 2: KKanit08 (55655, 0.45€ bounty)
Seat 3: Unlucky67674 (12514, 0.45€ bounty)
Seat 4: Piolet_Rouge (74536, 1.11€ bounty)
Seat 5: P1xel7 (39576, 0.45€ bounty)
Seat 6: Witt Wizard (21790, 0.67€ bounty)
*** ANTE/BLINDS ***
KKanit08 posts ante 250
Unlucky67674 posts ante 250
gladiator-99 posts ante 250
Piolet_Rouge posts ante 250
P1xel7 posts ante 250
Witt Wizard posts ante 250
KKanit08 posts small blind 1000
Unlucky67674 posts big blind 2000
Dealt to P1xel7 [Th 4s]
*** PRE-FLOP *** 
Piolet_Rouge raises 2000 to 4000
P1xel7 folds
Witt Wizard folds
gladiator-99 folds
KKanit08 folds
Unlucky67674 folds
Piolet_Rouge collected 8500 from pot
*** SUMMARY ***
Total pot 8500 | No rake
Seat 4: Piolet_Rouge won 8500


Winamax Poker - Tournament "Kill The Fish" buyIn: 0.90€ + 0.10€ level: 14 - HandId: #3178965837075709981-91-1707074694 - Holdem no limit (250/1000/2000) - 2024/02/04 19:24:54 UTC
Table: 'Kill The Fish(740160662)#028' 6-max (real money) Seat #2 is the button
Seat 1: gladiator-99 (18540, 0.45€ bounty)
Seat 2: KKanit08 (54405, 0.45€ bounty)
Seat 3: Unlucky67674 (10264, 0.45€ bounty)
Seat 4: Piolet_Rouge (78786, 1.11€ bounty)
Seat 5: P1xel7 (39326, 0.45€ bounty)
Seat 6: Witt Wizard (21540, 0.67€ bounty)
*** ANTE/BLINDS ***
Unlucky67674 posts ante 250
Piolet_Rouge posts ante 250
gladiator-99 posts ante 250
KKanit08 posts ante 250
P1xel7 posts ante 250
Witt Wizard posts ante 250
Unlucky67674 posts small blind 1000
Piolet_Rouge posts big blind 2000
Dealt to P1xel7 [Jc Js]
*** PRE-FLOP *** 
P1xel7 raises 2000 to 4000
Witt Wizard raises 17290 to 21290 and is all-in
gladiator-99 calls 18290 and is all-in
KKanit08 raises 32865 to 54155 and is all-in
Unlucky67674 folds
Piolet_Rouge folds
P1xel7 calls 35076 and is all-in
*** FLOP *** [4d Qh 5c]
*** TURN *** [4d Qh 5c][5h]
*** RIVER *** [4d Qh 5c 5h][3h]
*** SHOW DOWN ***
gladiator-99 shows [Ah Jd] (One pair : 5)
Witt Wizard shows [9h 9d] (Two pairs : 9 and 5)
KKanit08 shows [Kh Ad] (One pair : 5)
P1xel7 shows [Jc Js] (Two pairs : Jacks and 5)
P1xel7 collected 122232 from main pot
KKanit08 collected 15079 from side pot 1
*** SUMMARY ***
Total pot 137311 | No rake
Board: [4d Qh 5c 5h 3h]
Seat 1: gladiator-99 showed [Ah Jd] and lost with One pair : 5
Seat 2: KKanit08 (button) showed [Kh Ad] and won 15079 with One pair : 5
Seat 5: P1xel7 showed [Jc Js] and won 122232 with Two pairs : Jacks and 5
Seat 6: Witt Wizard showed [9h 9d] and lost with Two pairs : 9 and 5


Winamax Poker - Tournament "Kill The Fish" buyIn: 0.90€ + 0.10€ level: 14 - HandId: #3178965837075709981-92-1707074734 - Holdem no limit (250/1000/2000) - 2024/02/04 19:25:34 UTC
Table: 'Kill The Fish(740160662)#028' 6-max (real money) Seat #3 is the button
Seat 2: KKanit08 (15079, 0.45€ bounty)
Seat 3: Unlucky67674 (9014, 0.45€ bounty)
Seat 4: Piolet_Rouge (76536, 1.11€ bounty)
Seat 5: P1xel7 (122232, 1€ bounty)
*** ANTE/BLINDS ***
Piolet_Rouge posts ante 250
P1xel7 posts ante 250
KKanit08 posts ante 250
Unlucky67674 posts ante 250
Piolet_Rouge posts small blind 1000
P1xel7 posts big blind 2000
Dealt to P1xel7 [Ks 8c]
*** PRE-FLOP *** 
KKanit08 calls 2000
Unlucky67674 calls 2000
Piolet_Rouge calls 1000
P1xel7 checks
*** FLOP *** [8s Ts 9c]
Piolet_Rouge bets 4000
P1xel7 folds
KKanit08 calls 4000
Unlucky67674 calls 4000
*** TURN *** [8s Ts 9c][6h]
Piolet_Rouge checks
KKanit08 checks
Unlucky67674 checks
*** RIVER *** [8s Ts 9c 6h][6c]
Piolet_Rouge bets 5000
KKanit08 calls 5000
Unlucky67674 folds
*** SHOW DOWN ***
Piolet_Rouge shows [4h Qh] (One pair : 6)
KKanit08 shows [As 6s] (Trips of 6)
KKanit08 collected 31000 from pot
*** SUMMARY ***
Total pot 31000 | No rake
Board: [8s Ts 9c 6h 6c]
Seat 2: KKanit08 showed [As 6s] and won 31000 with Trips of 6
Seat 4: Piolet_Rouge (small blind) showed [4h Qh] and lost with One pair : 6


Winamax Poker - Tournament "Kill The Fish" buyIn: 0.90€ + 0.10€ level: 15 - HandId: #3178965837075709981-93-1707074821 - Holdem no limit (300/1250/2500) - 2024/02/04 19:27:01 UTC
Table: 'Kill The Fish(740160662)#028' 6-max (real money) Seat #4 is the button
Seat 1: wmx-e5qgkxu (51937, 1.22€ bounty)
Seat 2: KKanit08 (34829, 0.45€ bounty)
Seat 3: Unlucky67674 (2764, 0.45€ bounty)
Seat 4: Piolet_Rouge (65286, 1.11€ bounty)
Seat 5: P1xel7 (119982, 1€ bounty)
Seat 6: Lirsha58 (12500, 1.77€ bounty)
*** ANTE/BLINDS ***
P1xel7 posts ante 300
Lirsha58 posts ante 300
wmx-e5qgkxu posts ante 300
KKanit08 posts ante 300
Unlucky67674 posts ante 300
Piolet_Rouge posts ante 300
P1xel7 posts small blind 1250
Lirsha58 posts big blind 2500
Dealt to P1xel7 [2d Ks]
*** PRE-FLOP *** 
wmx-e5qgkxu calls 2500
KKanit08 folds
Unlucky67674 folds
Piolet_Rouge folds
P1xel7 folds
Lirsha58 raises 9700 to 12200 and is all-in
wmx-e5qgkxu calls 9700
*** FLOP *** [Kd 5c 3h]
*** TURN *** [Kd 5c 3h][4d]
*** RIVER *** [Kd 5c 3h 4d][9h]
*** SHOW DOWN ***
wmx-e5qgkxu shows [Ts Jc] (High card : King)
Lirsha58 shows [8d Qd] (High card : King)
Lirsha58 collected 27450 from pot
*** SUMMARY ***
Total pot 27450 | No rake
Board: [Kd 5c 3h 4d 9h]
Seat 1: wmx-e5qgkxu showed [Ts Jc] and lost with High card : King
Seat 6: Lirsha58 (big blind) showed [8d Qd] and won 27450 with High card : King


Winamax Poker - Tournament "Kill The Fish" buyIn: 0.90€ + 0.10€ level: 15 - HandId: #3178965837075709981-94-1707074857 - Holdem no limit (300/1250/2500) - 2024/02/04 19:27:37 UTC
Table: 'Kill The Fish(740160662)#028' 6-max (real money) Seat #5 is the button
Seat 1: wmx-e5qgkxu (39437, 1.22€ bounty)
Seat 2: KKanit08 (34529, 0.45€ bounty)
Seat 3: Unlucky67674 (2464, 0.45€ bounty)
Seat 4: Piolet_Rouge (64986, 1.11€ bounty)
Seat 5: P1xel7 (118432, 1€ bounty)
Seat 6: Lirsha58 (27450, 1.77€ bounty)
*** ANTE/BLINDS ***
Lirsha58 posts ante 300
wmx-e5qgkxu posts ante 300
KKanit08 posts ante 300
Unlucky67674 posts ante 300
Piolet_Rouge posts ante 300
P1xel7 posts ante 300
Lirsha58 posts small blind 1250
wmx-e5qgkxu posts big blind 2500
Dealt to P1xel7 [6c 6s]
*** PRE-FLOP *** 
KKanit08 calls 2500
Unlucky67674 folds
Piolet_Rouge folds
P1xel7 raises 115632 to 118132 and is all-in
Lirsha58 calls 25900 and is all-in
wmx-e5qgkxu folds
KKanit08 folds
*** FLOP *** [Ad Kc 3h]
*** TURN *** [Ad Kc 3h][Qd]
*** RIVER *** [Ad Kc 3h Qd][3c]
*** SHOW DOWN ***
P1xel7 shows [6c 6s] (Two pairs : 6 and 3)
Lirsha58 shows [Ac 9c] (Two pairs : Aces and 3)
Lirsha58 collected 61100 from main pot
P1xel7 collected 90982 from side pot 1
*** SUMMARY ***
Total pot 152082 | No rake
Board: [Ad Kc 3h Qd 3c]
Seat 5: P1xel7 (button) showed [6c 6s] and won 90982 with Two pairs : 6 and 3
Seat 6: Lirsha58 (small blind) showed [Ac 9c] and won 61100 with Two pairs : Aces and 3


Winamax Poker - Tournament "Kill The Fish" buyIn: 0.90€ + 0.10€ level: 15 - HandId: #3178965837075709981-95-1707074905 - Holdem no limit (300/1250/2500) - 2024/02/04 19:28:25 UTC
Table: 'Kill The Fish(740160662)#028' 6-max (real money) Seat #6 is the button
Seat 1: wmx-e5qgkxu (36637, 1.22€ bounty)
Seat 2: KKanit08 (31729, 0.45€ bounty)
Seat 3: Unlucky67674 (2164, 0.45€ bounty)
Seat 4: Piolet_Rouge (64686, 1.11€ bounty)
Seat 5: P1xel7 (90982, 1€ bounty)
Seat 6: Lirsha58 (61100, 1.77€ bounty)
*** ANTE/BLINDS ***
wmx-e5qgkxu posts ante 300
KKanit08 posts ante 300
Unlucky67674 posts ante 300
Piolet_Rouge posts ante 300
P1xel7 posts ante 300
Lirsha58 posts ante 300
wmx-e5qgkxu posts small blind 1250
KKanit08 posts big blind 2500
Dealt to P1xel7 [Ks 3h]
*** PRE-FLOP *** 
Unlucky67674 calls 1864 and is all-in
Piolet_Rouge folds
P1xel7 folds
Lirsha58 raises 3750 to 6250
wmx-e5qgkxu raises 3750 to 10000
KKanit08 folds
Lirsha58 calls 3750
*** FLOP *** [7d 9d 6h]
wmx-e5qgkxu bets 10000
Lirsha58 raises 40800 to 50800 and is all-in
wmx-e5qgkxu calls 16337 and is all-in
*** TURN *** [7d 9d 6h][Tc]
*** RIVER *** [7d 9d 6h Tc][7h]
*** SHOW DOWN ***
wmx-e5qgkxu shows [As Ah] (Two pairs : Aces and 7)
Unlucky67674 shows [Ts 8d] (Straight Ten high)
Lirsha58 shows [Qd 2d] (One pair : 7)
Lirsha58 collected 24463 from side pot 2
Unlucky67674 collected 9256 from main pot
wmx-e5qgkxu collected 69582 from side pot 1
*** SUMMARY ***
Total pot 103301 | No rake
Board: [7d 9d 6h Tc 7h]
Seat 1: wmx-e5qgkxu (small blind) showed [As Ah] and won 69582 with Two pairs : Aces and 7
Seat 3: Unlucky67674 showed [Ts 8d] and won 9256 with Straight Ten high
Seat 6: Lirsha58 (button) showed [Qd 2d] and won 24463 with One pair : 7


Winamax Poker - Tournament "Kill The Fish" buyIn: 0.90€ + 0.10€ level: 15 - HandId: #3178965837075709955-96-1707075013 - Holdem no limit (300/1250/2500) - 2024/02/04 19:30:13 UTC
Table: 'Kill The Fish(740160662)#002' 6-max (real money) Seat #6 is the button
Seat 1: dam7544 (56629, 0.67€ bounty)
Seat 2: Coquin-dsort (18493, 1€ bounty)
Seat 3: P1xel7 (90682, 1€ bounty)
Seat 4: -CrieMonNom (57516, 0.78€ bounty)
Seat 5: Sadilo (138828, 1.66€ bounty)
Seat 6: DarkBagDor (99615, 1.22€ bounty)
*** ANTE/BLINDS ***
dam7544 posts ante 300
Coquin-dsort posts ante 300
P1xel7 posts ante 300
-CrieMonNom posts ante 300
Sadilo posts ante 300
DarkBagDor posts ante 300
dam7544 posts small blind 1250
Coquin-dsort posts big blind 2500
Dealt to P1xel7 [Ad 4d]
*** PRE-FLOP *** 
P1xel7 raises 3000 to 5500
-CrieMonNom folds
Sadilo folds
DarkBagDor folds
dam7544 calls 4250
Coquin-dsort folds
*** FLOP *** [Jh 4h 6c]
dam7544 checks
P1xel7 checks
*** TURN *** [Jh 4h 6c][Qc]
dam7544 bets 7650
P1xel7 calls 7650
*** RIVER *** [Jh 4h 6c Qc][7d]
dam7544 checks
P1xel7 checks
*** SHOW DOWN ***
dam7544 shows [Ah 3h] (High card : Ace)
P1xel7 shows [Ad 4d] (One pair : 4)
P1xel7 collected 30600 from pot
*** SUMMARY ***
Total pot 30600 | No rake
Board: [Jh 4h 6c Qc 7d]
Seat 1: dam7544 (small blind) showed [Ah 3h] and lost with High card : Ace
Seat 3: P1xel7 showed [Ad 4d] and won 30600 with One pair : 4


Winamax Poker - Tournament "Kill The Fish" buyIn: 0.90€ + 0.10€ level: 15 - HandId: #3178965837075709955-97-1707075080 - Holdem no limit (300/1250/2500) - 2024/02/04 19:31:20 UTC
Table: 'Kill The Fish(740160662)#002' 6-max (real money) Seat #1 is the button
Seat 1: dam7544 (43179, 0.67€ bounty)
Seat 2: Coquin-dsort (15693, 1€ bounty)
Seat 3: P1xel7 (107832, 1€ bounty)
Seat 4: -CrieMonNom (57216, 0.78€ bounty)
Seat 5: Sadilo (138528, 1.66€ bounty)
Seat 6: DarkBagDor (99315, 1.22€ bounty)
*** ANTE/BLINDS ***
Coquin-dsort posts ante 300
P1xel7 posts ante 300
dam7544 posts ante 300
-CrieMonNom posts ante 300
Sadilo posts ante 300
DarkBagDor posts ante 300
Coquin-dsort posts small blind 1250
P1xel7 posts big blind 2500
Dealt to P1xel7 [Js 7h]
*** PRE-FLOP *** 
-CrieMonNom raises 54416 to 56916 and is all-in
Sadilo folds
DarkBagDor folds
dam7544 folds
Coquin-dsort calls 14143 and is all-in
P1xel7 folds
*** FLOP *** [Jc 2h Qc]
*** TURN *** [Jc 2h Qc][7s]
*** RIVER *** [Jc 2h Qc 7s][Jd]
*** SHOW DOWN ***
Coquin-dsort shows [5h Qh] (Two pairs : Queens and Jacks)
-CrieMonNom shows [Ad Ks] (One pair : Jacks)
-CrieMonNom collected 41523 from side pot 1
Coquin-dsort collected 35086 from main pot
*** SUMMARY ***
Total pot 76609 | No rake
Board: [Jc 2h Qc 7s Jd]
Seat 2: Coquin-dsort (small blind) showed [5h Qh] and won 35086 with Two pairs : Queens and Jacks
Seat 4: -CrieMonNom showed [Ad Ks] and won 41523 with One pair : Jacks


Winamax Poker - Tournament "Kill The Fish" buyIn: 0.90€ + 0.10€ level: 15 - HandId: #3178965837075709955-98-1707075110 - Holdem no limit (300/1250/2500) - 2024/02/04 19:31:50 UTC
Table: 'Kill The Fish(740160662)#002' 6-max (real money) Seat #2 is the button
Seat 1: dam7544 (42879, 0.67€ bounty)
Seat 2: Coquin-dsort (35086, 1€ bounty)
Seat 3: P1xel7 (105032, 1€ bounty)
Seat 4: -CrieMonNom (41523, 0.78€ bounty)
Seat 5: Sadilo (138228, 1.66€ bounty)
Seat 6: DarkBagDor (99015, 1.22€ bounty)
*** ANTE/BLINDS ***
P1xel7 posts ante 300
-CrieMonNom posts ante 300
dam7544 posts ante 300
Coquin-dsort posts ante 300
Sadilo posts ante 300
DarkBagDor posts ante 300
P1xel7 posts small blind 1250
-CrieMonNom posts big blind 2500
Dealt to P1xel7 [8s Td]
*** PRE-FLOP *** 
Sadilo calls 2500
DarkBagDor calls 2500
dam7544 calls 2500
Coquin-dsort folds
P1xel7 calls 1250
-CrieMonNom checks
*** FLOP *** [Jd 8d Ts]
P1xel7 bets 3575
-CrieMonNom folds
Sadilo calls 3575
DarkBagDor folds
dam7544 calls 3575
*** TURN *** [Jd 8d Ts][4d]
P1xel7 bets 8759
Sadilo folds
dam7544 calls 8759
*** RIVER *** [Jd 8d Ts 4d][4c]
P1xel7 bets 14890
dam7544 folds
P1xel7 collected 57433 from pot
*** SUMMARY ***
Total pot 57433 | No rake
Board: [Jd 8d Ts 4d 4c]
Seat 3: P1xel7 (small blind) won 57433


Winamax Poker - Tournament "Kill The Fish" buyIn: 0.90€ + 0.10€ level: 16 - HandId: #3178965837075709955-99-1707075229 - Holdem no limit (350/1500/3000) - 2024/02/04 19:33:49 UTC
Table: 'Kill The Fish(740160662)#002' 6-max (real money) Seat #3 is the button
Seat 1: dam7544 (27745, 0.67€ bounty)
Seat 2: Coquin-dsort (34786, 1€ bounty)
Seat 3: P1xel7 (132441, 1€ bounty)
Seat 4: -CrieMonNom (38723, 0.78€ bounty)
Seat 5: Sadilo (131853, 1.66€ bounty)
Seat 6: DarkBagDor (96215, 1.22€ bounty)
*** ANTE/BLINDS ***
-CrieMonNom posts ante 350
Sadilo posts ante 350
dam7544 posts ante 350
Coquin-dsort posts ante 350
P1xel7 posts ante 350
DarkBagDor posts ante 350
-CrieMonNom posts small blind 1500
Sadilo posts big blind 3000
Dealt to P1xel7 [8d Tc]
*** PRE-FLOP *** 
DarkBagDor folds
dam7544 folds
Coquin-dsort raises 31436 to 34436 and is all-in
P1xel7 folds
-CrieMonNom folds
Sadilo folds
Coquin-dsort collected 41036 from pot
*** SUMMARY ***
Total pot 41036 | No rake
Seat 2: Coquin-dsort won 41036


Winamax Poker - Tournament "Kill The Fish" buyIn: 0.90€ + 0.10€ level: 16 - HandId: #3178965837075709955-100-1707075261 - Holdem no limit (350/1500/3000) - 2024/02/04 19:34:21 UTC
Table: 'Kill The Fish(740160662)#002' 6-max (real money) Seat #4 is the button
Seat 1: dam7544 (27395, 0.67€ bounty)
Seat 2: Coquin-dsort (41036, 1€ bounty)
Seat 3: P1xel7 (132091, 1€ bounty)
Seat 4: -CrieMonNom (36873, 0.78€ bounty)
Seat 5: Sadilo (128503, 1.66€ bounty)
Seat 6: DarkBagDor (95865, 1.22€ bounty)
*** ANTE/BLINDS ***
Sadilo posts ante 350
DarkBagDor posts ante 350
dam7544 posts ante 350
Coquin-dsort posts ante 350
P1xel7 posts ante 350
-CrieMonNom posts ante 350
Sadilo posts small blind 1500
DarkBagDor posts big blind 3000
Dealt to P1xel7 [5s 7c]
*** PRE-FLOP *** 
dam7544 folds
Coquin-dsort folds
P1xel7 folds
-CrieMonNom folds
Sadilo folds
DarkBagDor collected 6600 from pot
*** SUMMARY ***
Total pot 6600 | No rake
Seat 6: DarkBagDor (big blind) won 6600


Winamax Poker - Tournament "Kill The Fish" buyIn: 0.90€ + 0.10€ level: 16 - HandId: #3178965837075709955-101-1707075280 - Holdem no limit (350/1500/3000) - 2024/02/04 19:34:40 UTC
Table: 'Kill The Fish(740160662)#002' 6-max (real money) Seat #5 is the button
Seat 1: dam7544 (27045, 0.67€ bounty)
Seat 2: Coquin-dsort (40686, 1€ bounty)
Seat 3: P1xel7 (131741, 1€ bounty)
Seat 4: -CrieMonNom (36523, 0.78€ bounty)
Seat 5: Sadilo (126653, 1.66€ bounty)
Seat 6: DarkBagDor (99115, 1.22€ bounty)
*** ANTE/BLINDS ***
DarkBagDor posts ante 350
dam7544 posts ante 350
Coquin-dsort posts ante 350
P1xel7 posts ante 350
-CrieMonNom posts ante 350
Sadilo posts ante 350
DarkBagDor posts small blind 1500
dam7544 posts big blind 3000
Dealt to P1xel7 [2d Th]
*** PRE-FLOP *** 
Coquin-dsort folds
P1xel7 folds
-CrieMonNom raises 33173 to 36173 and is all-in
Sadilo raises 90130 to 126303 and is all-in
DarkBagDor folds
dam7544 folds
*** FLOP *** [Qc Js Ac]
*** TURN *** [Qc Js Ac][5h]
*** RIVER *** [Qc Js Ac 5h][3c]
*** SHOW DOWN ***
-CrieMonNom shows [Jd Jc] (Trips of Jacks)
Sadilo shows [Ts Kh] (Straight Ace high)
Sadilo collected 169076 from pot
*** SUMMARY ***
Total pot 169076 | No rake
Board: [Qc Js Ac 5h 3c]
Seat 4: -CrieMonNom showed [Jd Jc] and lost with Trips of Jacks
Seat 5: Sadilo (button) showed [Ts Kh] and won 169076 with Straight Ace high


Winamax Poker - Tournament "Kill The Fish" buyIn: 0.90€ + 0.10€ level: 16 - HandId: #3178965837075709955-102-1707075343 - Holdem no limit (350/1500/3000) - 2024/02/04 19:35:43 UTC
Table: 'Kill The Fish(740160662)#002' 6-max (real money) Seat #6 is the button
Seat 1: dam7544 (23695, 0.67€ bounty)
Seat 2: Coquin-dsort (40336, 1€ bounty)
Seat 3: P1xel7 (131391, 1€ bounty)
Seat 5: Sadilo (169076, 2.05€ bounty)
Seat 6: DarkBagDor (97265, 1.22€ bounty)
*** ANTE/BLINDS ***
dam7544 posts ante 350
Coquin-dsort posts ante 350
P1xel7 posts ante 350
Sadilo posts ante 350
DarkBagDor posts ante 350
dam7544 posts small blind 1500
Coquin-dsort posts big blind 3000
Dealt to P1xel7 [8c 7h]
*** PRE-FLOP *** 
P1xel7 folds
Sadilo raises 4500 to 7500
DarkBagDor folds
dam7544 folds
Coquin-dsort raises 32486 to 39986 and is all-in
Sadilo calls 32486
*** FLOP *** [Ah Qd 5d]
*** TURN *** [Ah Qd 5d][6c]
*** RIVER *** [Ah Qd 5d 6c][7d]
*** SHOW DOWN ***
Sadilo shows [Kc 9c] (High card : Ace)
Coquin-dsort shows [Ks Kh] (One pair : Kings)
Coquin-dsort collected 83222 from pot
*** SUMMARY ***
Total pot 83222 | No rake
Board: [Ah Qd 5d 6c 7d]
Seat 2: Coquin-dsort (big blind) showed [Ks Kh] and won 83222 with One pair : Kings
Seat 5: Sadilo showed [Kc 9c] and lost with High card : Ace


Winamax Poker - Tournament "Kill The Fish" buyIn: 0.90€ + 0.10€ level: 16 - HandId: #3178965837075709955-103-1707075397 - Holdem no limit (350/1500/3000) - 2024/02/04 19:36:37 UTC
Table: 'Kill The Fish(740160662)#002' 6-max (real money) Seat #1 is the button
Seat 1: dam7544 (21845, 0.67€ bounty)
Seat 2: Coquin-dsort (83222, 1€ bounty)
Seat 3: P1xel7 (131041, 1€ bounty)
Seat 4: MAGIC.... (8369, 0.67€ bounty)
Seat 5: Sadilo (128740, 2.05€ bounty)
Seat 6: DarkBagDor (96915, 1.22€ bounty)
*** ANTE/BLINDS ***
Coquin-dsort posts ante 350
P1xel7 posts ante 350
dam7544 posts ante 350
MAGIC.... posts ante 350
Sadilo posts ante 350
DarkBagDor posts ante 350
Coquin-dsort posts small blind 1500
P1xel7 posts big blind 3000
Dealt to P1xel7 [5d Qd]
*** PRE-FLOP *** 
MAGIC.... folds
Sadilo folds
DarkBagDor folds
dam7544 raises 6000 to 9000
Coquin-dsort folds
P1xel7 raises 121691 to 130691 and is all-in
dam7544 calls 12495 and is all-in
*** FLOP *** [7d 7h 8h]
*** TURN *** [7d 7h 8h][8d]
*** RIVER *** [7d 7h 8h 8d][Kd]
*** SHOW DOWN ***
dam7544 shows [3h Kh] (Two pairs : Kings and 8)
P1xel7 shows [5d Qd] (Flush King high)
P1xel7 collected 155786 from pot
*** SUMMARY ***
Total pot 155786 | No rake
Board: [7d 7h 8h 8d Kd]
Seat 1: dam7544 (button) showed [3h Kh] and lost with Two pairs : Kings and 8
Seat 3: P1xel7 (big blind) showed [5d Qd] and won 155786 with Flush King high


Winamax Poker - Tournament "Kill The Fish" buyIn: 0.90€ + 0.10€ level: 17 - HandId: #3178965837075709955-104-1707075430 - Holdem no limit (400/1750/3500) - 2024/02/04 19:37:10 UTC
Table: 'Kill The Fish(740160662)#002' 6-max (real money) Seat #2 is the button
Seat 2: Coquin-dsort (81372, 1€ bounty)
Seat 3: P1xel7 (155786, 1.33€ bounty)
Seat 4: MAGIC.... (8019, 0.67€ bounty)
Seat 5: Sadilo (128390, 2.05€ bounty)
Seat 6: DarkBagDor (96565, 1.22€ bounty)
*** ANTE/BLINDS ***
P1xel7 posts ante 400
MAGIC.... posts ante 400
Coquin-dsort posts ante 400
Sadilo posts ante 400
DarkBagDor posts ante 400
P1xel7 posts small blind 1750
MAGIC.... posts big blind 3500
Dealt to P1xel7 [Th 7h]
*** PRE-FLOP *** 
Sadilo folds
DarkBagDor folds
Coquin-dsort raises 3500 to 7000
P1xel7 folds
MAGIC.... raises 619 to 7619 and is all-in
Coquin-dsort calls 619
*** FLOP *** [2h As 5h]
*** TURN *** [2h As 5h][Js]
*** RIVER *** [2h As 5h Js][Qs]
*** SHOW DOWN ***
Coquin-dsort shows [8c Kd] (High card : Ace)
MAGIC.... shows [4d Ah] (One pair : Aces)
MAGIC.... collected 18988 from pot
*** SUMMARY ***
Total pot 18988 | No rake
Board: [2h As 5h Js Qs]
Seat 2: Coquin-dsort (button) showed [8c Kd] and lost with High card : Ace
Seat 4: MAGIC.... (big blind) showed [4d Ah] and won 18988 with One pair : Aces


Winamax Poker - Tournament "Kill The Fish" buyIn: 0.90€ + 0.10€ level: 17 - HandId: #3178965837075709955-105-1707075457 - Holdem no limit (400/1750/3500) - 2024/02/04 19:37:37 UTC
Table: 'Kill The Fish(740160662)#002' 6-max (real money) Seat #3 is the button
Seat 1: AirVenum1995 (16394, 0.45€ bounty)
Seat 2: Coquin-dsort (73353, 1€ bounty)
Seat 3: P1xel7 (153636, 1.33€ bounty)
Seat 4: MAGIC.... (18988, 0.67€ bounty)
Seat 5: Sadilo (127990, 2.05€ bounty)
Seat 6: DarkBagDor (96165, 1.22€ bounty)
*** ANTE/BLINDS ***
MAGIC.... posts ante 400
Sadilo posts ante 400
AirVenum1995 posts ante 400
Coquin-dsort posts ante 400
P1xel7 posts ante 400
DarkBagDor posts ante 400
MAGIC.... posts small blind 1750
Sadilo posts big blind 3500
Dealt to P1xel7 [3s 7h]
*** PRE-FLOP *** 
DarkBagDor folds
AirVenum1995 raises 12494 to 15994 and is all-in
Coquin-dsort folds
P1xel7 folds
MAGIC.... raises 2594 to 18588 and is all-in
Sadilo calls 15088
*** FLOP *** [8h Ts Th]
*** TURN *** [8h Ts Th][Ad]
*** RIVER *** [8h Ts Th Ad][8s]
*** SHOW DOWN ***
AirVenum1995 shows [Ac 9d] (Two pairs : Aces and Tens)
Sadilo shows [9c 3h] (Two pairs : Tens and 8)
MAGIC.... shows [Ah Jd] (Two pairs : Aces and Tens)
MAGIC.... collected 55570 from pot
*** SUMMARY ***
Total pot 55570 | No rake
Board: [8h Ts Th Ad 8s]
Seat 1: AirVenum1995 showed [Ac 9d] and lost with Two pairs : Aces and Tens
Seat 4: MAGIC.... (small blind) showed [Ah Jd] and won 55570 with Two pairs : Aces and Tens
Seat 5: Sadilo (big blind) showed [9c 3h] and lost with Two pairs : Tens and 8


Winamax Poker - Tournament "Kill The Fish" buyIn: 0.90€ + 0.10€ level: 17 - HandId: #3178965837075709955-106-1707075500 - Holdem no limit (400/1750/3500) - 2024/02/04 19:38:20 UTC
Table: 'Kill The Fish(740160662)#002' 6-max (real money) Seat #4 is the button
Seat 2: Coquin-dsort (72953, 1€ bounty)
Seat 3: P1xel7 (153236, 1.33€ bounty)
Seat 4: MAGIC.... (55570, 0.89€ bounty)
Seat 5: Sadilo (109002, 2.05€ bounty)
Seat 6: DarkBagDor (95765, 1.22€ bounty)
*** ANTE/BLINDS ***
Sadilo posts ante 400
DarkBagDor posts ante 400
Coquin-dsort posts ante 400
P1xel7 posts ante 400
MAGIC.... posts ante 400
Sadilo posts small blind 1750
DarkBagDor posts big blind 3500
Dealt to P1xel7 [Jd Qd]
*** PRE-FLOP *** 
Coquin-dsort folds
P1xel7 raises 4200 to 7700
MAGIC.... calls 7700
Sadilo folds
DarkBagDor calls 4200
*** FLOP *** [Qh Kc 3d]
DarkBagDor checks
P1xel7 bets 12250
MAGIC.... folds
DarkBagDor folds
P1xel7 collected 39100 from pot
*** SUMMARY ***
Total pot 39100 | No rake
Board: [Qh Kc 3d]
Seat 3: P1xel7 won 39100


Winamax Poker - Tournament "Kill The Fish" buyIn: 0.90€ + 0.10€ level: 17 - HandId: #3178965837075709955-107-1707075559 - Holdem no limit (400/1750/3500) - 2024/02/04 19:39:19 UTC
Table: 'Kill The Fish(740160662)#002' 6-max (real money) Seat #5 is the button
Seat 2: Coquin-dsort (72553, 1€ bounty)
Seat 3: P1xel7 (171986, 1.33€ bounty)
Seat 4: MAGIC.... (47470, 0.89€ bounty)
Seat 5: Sadilo (106852, 2.05€ bounty)
Seat 6: DarkBagDor (87665, 1.22€ bounty)
*** ANTE/BLINDS ***
DarkBagDor posts ante 400
Coquin-dsort posts ante 400
P1xel7 posts ante 400
MAGIC.... posts ante 400
Sadilo posts ante 400
DarkBagDor posts small blind 1750
Coquin-dsort posts big blind 3500
Dealt to P1xel7 [4s Td]
*** PRE-FLOP *** 
P1xel7 folds
MAGIC.... folds
Sadilo folds
DarkBagDor calls 1750
Coquin-dsort raises 68653 to 72153 and is all-in
DarkBagDor folds
Coquin-dsort collected 77653 from pot
*** SUMMARY ***
Total pot 77653 | No rake
Seat 2: Coquin-dsort (big blind) won 77653


Winamax Poker - Tournament "Kill The Fish" buyIn: 0.90€ + 0.10€ level: 17 - HandId: #3178965837075709955-108-1707075580 - Holdem no limit (400/1750/3500) - 2024/02/04 19:39:40 UTC
Table: 'Kill The Fish(740160662)#002' 6-max (real money) Seat #6 is the button
Seat 1: bAAr_Bouille (51923, 0.45€ bounty)
Seat 2: Coquin-dsort (77653, 1€ bounty)
Seat 3: P1xel7 (171586, 1.33€ bounty)
Seat 4: MAGIC.... (47070, 0.89€ bounty)
Seat 5: Sadilo (106452, 2.05€ bounty)
Seat 6: DarkBagDor (83765, 1.22€ bounty)
*** ANTE/BLINDS ***
Coquin-dsort posts ante 400
P1xel7 posts ante 400
MAGIC.... posts ante 400
Sadilo posts ante 400
DarkBagDor posts ante 400
Coquin-dsort posts small blind 1750
P1xel7 posts big blind 3500
Dealt to P1xel7 [8h 9c]
*** PRE-FLOP *** 
MAGIC.... calls 3500
Sadilo raises 5250 to 8750
DarkBagDor folds
Coquin-dsort folds
P1xel7 folds
MAGIC.... folds
Sadilo collected 19500 from pot
*** SUMMARY ***
Total pot 19500 | No rake
Seat 5: Sadilo won 19500


Winamax Poker - Tournament "Kill The Fish" buyIn: 0.90€ + 0.10€ level: 17 - HandId: #3178965837075709955-109-1707075627 - Holdem no limit (400/1750/3500) - 2024/02/04 19:40:27 UTC
Table: 'Kill The Fish(740160662)#002' 6-max (real money) Seat #2 is the button
Seat 1: bAAr_Bouille (51923, 0.45€ bounty)
Seat 2: Coquin-dsort (75503, 1€ bounty)
Seat 3: P1xel7 (167686, 1.33€ bounty)
Seat 4: MAGIC.... (43170, 0.89€ bounty)
Seat 5: Sadilo (116802, 2.05€ bounty)
Seat 6: DarkBagDor (83365, 1.22€ bounty)
*** ANTE/BLINDS ***
P1xel7 posts ante 400
MAGIC.... posts ante 400
bAAr_Bouille posts ante 400
Coquin-dsort posts ante 400
Sadilo posts ante 400
DarkBagDor posts ante 400
P1xel7 posts small blind 1750
MAGIC.... posts big blind 3500
Dealt to P1xel7 [2h 7d]
*** PRE-FLOP *** 
Sadilo folds
DarkBagDor folds
bAAr_Bouille folds
Coquin-dsort folds
P1xel7 folds
MAGIC.... collected 7650 from pot
*** SUMMARY ***
Total pot 7650 | No rake
Seat 4: MAGIC.... (big blind) won 7650


Winamax Poker - Tournament "Kill The Fish" buyIn: 0.90€ + 0.10€ level: 17 - HandId: #3178965837075709955-110-1707075687 - Holdem no limit (400/1750/3500) - 2024/02/04 19:41:27 UTC
Table: 'Kill The Fish(740160662)#002' 6-max (real money) Seat #3 is the button
Seat 1: bAAr_Bouille (51523, 0.45€ bounty)
Seat 2: Coquin-dsort (75103, 1€ bounty)
Seat 3: P1xel7 (165536, 1.33€ bounty)
Seat 4: MAGIC.... (46920, 0.89€ bounty)
Seat 5: Sadilo (116402, 2.05€ bounty)
Seat 6: DarkBagDor (82965, 1.22€ bounty)
*** ANTE/BLINDS ***
MAGIC.... posts ante 400
Sadilo posts ante 400
bAAr_Bouille posts ante 400
Coquin-dsort posts ante 400
P1xel7 posts ante 400
DarkBagDor posts ante 400
MAGIC.... posts small blind 1750
Sadilo posts big blind 3500
Dealt to P1xel7 [As 3h]
*** PRE-FLOP *** 
DarkBagDor folds
bAAr_Bouille folds
Coquin-dsort folds
P1xel7 raises 4200 to 7700
MAGIC.... folds
Sadilo folds
P1xel7 collected 15350 from pot
*** SUMMARY ***
Total pot 15350 | No rake
Seat 3: P1xel7 (button) won 15350


Winamax Poker - Tournament "Kill The Fish" buyIn: 0.90€ + 0.10€ level: 17 - HandId: #3178965837075709955-111-1707075715 - Holdem no limit (400/1750/3500) - 2024/02/04 19:41:55 UTC
Table: 'Kill The Fish(740160662)#002' 6-max (real money) Seat #4 is the button
Seat 1: bAAr_Bouille (51123, 0.45€ bounty)
Seat 2: Coquin-dsort (74703, 1€ bounty)
Seat 3: P1xel7 (172786, 1.33€ bounty)
Seat 4: MAGIC.... (44770, 0.89€ bounty)
Seat 5: Sadilo (112502, 2.05€ bounty)
Seat 6: DarkBagDor (82565, 1.22€ bounty)
*** ANTE/BLINDS ***
Sadilo posts ante 400
DarkBagDor posts ante 400
bAAr_Bouille posts ante 400
Coquin-dsort posts ante 400
P1xel7 posts ante 400
MAGIC.... posts ante 400
Sadilo posts small blind 1750
DarkBagDor posts big blind 3500
Dealt to P1xel7 [9h 3s]
*** PRE-FLOP *** 
bAAr_Bouille folds
Coquin-dsort raises 70803 to 74303 and is all-in
P1xel7 folds
MAGIC.... folds
Sadilo raises 37799 to 112102 and is all-in
DarkBagDor folds
*** FLOP *** [Tc Ac 8h]
*** TURN *** [Tc Ac 8h][3h]
*** RIVER *** [Tc Ac 8h 3h][7d]
*** SHOW DOWN ***
Coquin-dsort shows [Ad Ah] (Trips of Aces)
Sadilo shows [Kd Qc] (High card : Ace)
Sadilo collected 37799 from side pot 1
Coquin-dsort collected 154506 from main pot
*** SUMMARY ***
Total pot 192305 | No rake
Board: [Tc Ac 8h 3h 7d]
Seat 2: Coquin-dsort showed [Ad Ah] and won 154506 with Trips of Aces
Seat 5: Sadilo (small blind) showed [Kd Qc] and won 37799 with High card : Ace


Winamax Poker - Tournament "Kill The Fish" buyIn: 0.90€ + 0.10€ level: 18 - HandId: #3178965837075709955-112-1707075751 - Holdem no limit (500/2000/4000) - 2024/02/04 19:42:31 UTC
Table: 'Kill The Fish(740160662)#002' 6-max (real money) Seat #5 is the button
Seat 1: bAAr_Bouille (50723, 0.45€ bounty)
Seat 2: Coquin-dsort (154506, 1€ bounty)
Seat 3: P1xel7 (172386, 1.33€ bounty)
Seat 4: MAGIC.... (44370, 0.89€ bounty)
Seat 5: Sadilo (37799, 2.05€ bounty)
Seat 6: DarkBagDor (78665, 1.22€ bounty)
*** ANTE/BLINDS ***
DarkBagDor posts ante 500
bAAr_Bouille posts ante 500
Coquin-dsort posts ante 500
P1xel7 posts ante 500
MAGIC.... posts ante 500
Sadilo posts ante 500
DarkBagDor posts small blind 2000
bAAr_Bouille posts big blind 4000
Dealt to P1xel7 [Qd 8h]
*** PRE-FLOP *** 
Coquin-dsort raises 4000 to 8000
P1xel7 folds
MAGIC.... folds
Sadilo raises 29299 to 37299 and is all-in
DarkBagDor raises 40866 to 78165 and is all-in
bAAr_Bouille folds
Coquin-dsort calls 70165
*** FLOP *** [Kh 5s 9s]
*** TURN *** [Kh 5s 9s][9d]
*** RIVER *** [Kh 5s 9s 9d][9c]
*** SHOW DOWN ***
DarkBagDor shows [4s 4h] (Full of 9 and 4)
Coquin-dsort shows [Jd Jh] (Full of 9 and Jacks)
Sadilo shows [Kd Tc] (Full of 9 and Kings)
Sadilo collected 118897 from main pot
Coquin-dsort collected 81732 from side pot 1
*** SUMMARY ***
Total pot 200629 | No rake
Board: [Kh 5s 9s 9d 9c]
Seat 2: Coquin-dsort showed [Jd Jh] and won 81732 with Full of 9 and Jacks
Seat 5: Sadilo (button) showed [Kd Tc] and won 118897 with Full of 9 and Kings
Seat 6: DarkBagDor (small blind) showed [4s 4h] and lost with Full of 9 and 4


Winamax Poker - Tournament "Kill The Fish" buyIn: 0.90€ + 0.10€ level: 18 - HandId: #3178965837075709955-113-1707075800 - Holdem no limit (500/2000/4000) - 2024/02/04 19:43:20 UTC
Table: 'Kill The Fish(740160662)#002' 6-max (real money) Seat #6 is the button
Seat 1: bAAr_Bouille (46223, 0.45€ bounty)
Seat 2: Coquin-dsort (157573, 1.61€ bounty)
Seat 3: P1xel7 (171886, 1.33€ bounty)
Seat 4: MAGIC.... (43870, 0.89€ bounty)
Seat 5: Sadilo (118897, 2.05€ bounty)
*** ANTE/BLINDS ***
bAAr_Bouille posts ante 500
Coquin-dsort posts ante 500
P1xel7 posts ante 500
MAGIC.... posts ante 500
Sadilo posts ante 500
bAAr_Bouille posts small blind 2000
Coquin-dsort posts big blind 4000
Dealt to P1xel7 [3h 9c]
*** PRE-FLOP *** 
P1xel7 folds
MAGIC.... calls 4000
Sadilo folds
bAAr_Bouille raises 41723 to 45723 and is all-in
Coquin-dsort folds
MAGIC.... folds
bAAr_Bouille collected 56223 from pot
*** SUMMARY ***
Total pot 56223 | No rake
Seat 1: bAAr_Bouille (small blind) won 56223


Winamax Poker - Tournament "Kill The Fish" buyIn: 0.90€ + 0.10€ level: 18 - HandId: #3178965837075709955-114-1707075856 - Holdem no limit (500/2000/4000) - 2024/02/04 19:44:16 UTC
Table: 'Kill The Fish(740160662)#002' 6-max (real money) Seat #1 is the button
Seat 1: bAAr_Bouille (56223, 0.45€ bounty)
Seat 2: Coquin-dsort (153073, 1.61€ bounty)
Seat 3: P1xel7 (171386, 1.33€ bounty)
Seat 4: MAGIC.... (39370, 0.89€ bounty)
Seat 5: Sadilo (118397, 2.05€ bounty)
*** ANTE/BLINDS ***
Coquin-dsort posts ante 500
P1xel7 posts ante 500
bAAr_Bouille posts ante 500
MAGIC.... posts ante 500
Sadilo posts ante 500
Coquin-dsort posts small blind 2000
P1xel7 posts big blind 4000
Dealt to P1xel7 [Ks 7s]
*** PRE-FLOP *** 
MAGIC.... folds
Sadilo folds
bAAr_Bouille folds
Coquin-dsort folds
P1xel7 collected 8500 from pot
*** SUMMARY ***
Total pot 8500 | No rake
Seat 3: P1xel7 (big blind) won 8500


Winamax Poker - Tournament "Kill The Fish" buyIn: 0.90€ + 0.10€ level: 18 - HandId: #3178965837075709955-115-1707075879 - Holdem no limit (500/2000/4000) - 2024/02/04 19:44:39 UTC
Table: 'Kill The Fish(740160662)#002' 6-max (real money) Seat #2 is the button
Seat 1: bAAr_Bouille (55723, 0.45€ bounty)
Seat 2: Coquin-dsort (150573, 1.61€ bounty)
Seat 3: P1xel7 (175386, 1.33€ bounty)
Seat 4: MAGIC.... (38870, 0.89€ bounty)
Seat 5: Sadilo (117897, 2.05€ bounty)
*** ANTE/BLINDS ***
P1xel7 posts ante 500
MAGIC.... posts ante 500
bAAr_Bouille posts ante 500
Coquin-dsort posts ante 500
Sadilo posts ante 500
P1xel7 posts small blind 2000
MAGIC.... posts big blind 4000
Dealt to P1xel7 [5c 4d]
*** PRE-FLOP *** 
Sadilo calls 4000
bAAr_Bouille folds
Coquin-dsort folds
P1xel7 folds
MAGIC.... checks
*** FLOP *** [Jh 4s 6s]
MAGIC.... bets 4000
Sadilo calls 4000
*** TURN *** [Jh 4s 6s][Kd]
MAGIC.... checks
Sadilo bets 10250
MAGIC.... folds
Sadilo collected 30750 from pot
*** SUMMARY ***
Total pot 30750 | No rake
Board: [Jh 4s 6s Kd]
Seat 5: Sadilo won 30750


Winamax Poker - Tournament "Kill The Fish" buyIn: 0.90€ + 0.10€ level: 18 - HandId: #3178965837075709955-116-1707075955 - Holdem no limit (500/2000/4000) - 2024/02/04 19:45:55 UTC
Table: 'Kill The Fish(740160662)#002' 6-max (real money) Seat #3 is the button
Seat 1: bAAr_Bouille (55223, 0.45€ bounty)
Seat 2: Coquin-dsort (150073, 1.61€ bounty)
Seat 3: P1xel7 (172886, 1.33€ bounty)
Seat 4: MAGIC.... (30370, 0.89€ bounty)
Seat 5: Sadilo (129897, 2.05€ bounty)
*** ANTE/BLINDS ***
MAGIC.... posts ante 500
Sadilo posts ante 500
bAAr_Bouille posts ante 500
Coquin-dsort posts ante 500
P1xel7 posts ante 500
MAGIC.... posts small blind 2000
Sadilo posts big blind 4000
Dealt to P1xel7 [Ks Jc]
*** PRE-FLOP *** 
bAAr_Bouille folds
Coquin-dsort folds
P1xel7 raises 4800 to 8800
MAGIC.... calls 6800
Sadilo folds
*** FLOP *** [8c Kh Ts]
MAGIC.... checks
P1xel7 bets 4000
MAGIC.... raises 17070 to 21070 and is all-in
P1xel7 calls 17070
*** TURN *** [8c Kh Ts][5s]
*** RIVER *** [8c Kh Ts 5s][6h]
*** SHOW DOWN ***
P1xel7 shows [Ks Jc] (One pair : Kings)
MAGIC.... shows [Qh Kc] (One pair : Kings)
MAGIC.... collected 66240 from pot
*** SUMMARY ***
Total pot 66240 | No rake
Board: [8c Kh Ts 5s 6h]
Seat 3: P1xel7 (button) showed [Ks Jc] and lost with One pair : Kings
Seat 4: MAGIC.... (small blind) showed [Qh Kc] and won 66240 with One pair : Kings


Winamax Poker - Tournament "Kill The Fish" buyIn: 0.90€ + 0.10€ level: 18 - HandId: #3178965837075709955-117-1707075995 - Holdem no limit (500/2000/4000) - 2024/02/04 19:46:35 UTC
Table: 'Kill The Fish(740160662)#002' 6-max (real money) Seat #4 is the button
Seat 1: bAAr_Bouille (54723, 0.45€ bounty)
Seat 2: Coquin-dsort (149573, 1.61€ bounty)
Seat 3: P1xel7 (142516, 1.33€ bounty)
Seat 4: MAGIC.... (66240, 0.89€ bounty)
Seat 5: Sadilo (125397, 2.05€ bounty)
Seat 6: Ioosamax (259391, 3.15€ bounty)
*** ANTE/BLINDS ***
Sadilo posts ante 500
Ioosamax posts ante 500
bAAr_Bouille posts ante 500
Coquin-dsort posts ante 500
P1xel7 posts ante 500
MAGIC.... posts ante 500
Sadilo posts small blind 2000
Ioosamax posts big blind 4000
Dealt to P1xel7 [5d 3s]
*** PRE-FLOP *** 
bAAr_Bouille raises 50223 to 54223 and is all-in
Coquin-dsort folds
P1xel7 folds
MAGIC.... folds
Sadilo folds
Ioosamax folds
bAAr_Bouille collected 63223 from pot
*** SUMMARY ***
Total pot 63223 | No rake
Seat 1: bAAr_Bouille won 63223


Winamax Poker - Tournament "Kill The Fish" buyIn: 0.90€ + 0.10€ level: 18 - HandId: #3178965837075709955-118-1707076015 - Holdem no limit (500/2000/4000) - 2024/02/04 19:46:55 UTC
Table: 'Kill The Fish(740160662)#002' 6-max (real money) Seat #5 is the button
Seat 1: bAAr_Bouille (63223, 0.45€ bounty)
Seat 2: Coquin-dsort (149073, 1.61€ bounty)
Seat 3: P1xel7 (142016, 1.33€ bounty)
Seat 4: MAGIC.... (65740, 0.89€ bounty)
Seat 5: Sadilo (122897, 2.05€ bounty)
Seat 6: Ioosamax (254891, 3.15€ bounty)
*** ANTE/BLINDS ***
Ioosamax posts ante 500
bAAr_Bouille posts ante 500
Coquin-dsort posts ante 500
P1xel7 posts ante 500
MAGIC.... posts ante 500
Sadilo posts ante 500
Ioosamax posts small blind 2000
bAAr_Bouille posts big blind 4000
Dealt to P1xel7 [Tc Qc]
*** PRE-FLOP *** 
Coquin-dsort folds
P1xel7 raises 4800 to 8800
MAGIC.... folds
Sadilo folds
Ioosamax calls 6800
bAAr_Bouille raises 53923 to 62723 and is all-in
P1xel7 folds
Ioosamax folds
bAAr_Bouille collected 83323 from pot
*** SUMMARY ***
Total pot 83323 | No rake
Seat 1: bAAr_Bouille (big blind) won 83323


Winamax Poker - Tournament "Kill The Fish" buyIn: 0.90€ + 0.10€ level: 19 - HandId: #3178965837075709955-119-1707076061 - Holdem no limit (600/2500/5000) - 2024/02/04 19:47:41 UTC
Table: 'Kill The Fish(740160662)#002' 6-max (real money) Seat #6 is the button
Seat 1: bAAr_Bouille (83323, 0.45€ bounty)
Seat 2: Coquin-dsort (148573, 1.61€ bounty)
Seat 3: P1xel7 (132716, 1.33€ bounty)
Seat 4: MAGIC.... (65240, 0.89€ bounty)
Seat 5: Sadilo (122397, 2.05€ bounty)
Seat 6: Ioosamax (245591, 3.15€ bounty)
*** ANTE/BLINDS ***
bAAr_Bouille posts ante 600
Coquin-dsort posts ante 600
P1xel7 posts ante 600
MAGIC.... posts ante 600
Sadilo posts ante 600
Ioosamax posts ante 600
bAAr_Bouille posts small blind 2500
Coquin-dsort posts big blind 5000
Dealt to P1xel7 [4s 2s]
*** PRE-FLOP *** 
P1xel7 folds
MAGIC.... folds
Sadilo folds
Ioosamax raises 5000 to 10000
bAAr_Bouille folds
Coquin-dsort calls 5000
*** FLOP *** [Jh Ad Js]
Coquin-dsort checks
Ioosamax checks
*** TURN *** [Jh Ad Js][6d]
Coquin-dsort checks
Ioosamax checks
*** RIVER *** [Jh Ad Js 6d][5s]
Coquin-dsort checks
Ioosamax bets 9135
Coquin-dsort folds
Ioosamax collected 35235 from pot
*** SUMMARY ***
Total pot 35235 | No rake
Board: [Jh Ad Js 6d 5s]
Seat 6: Ioosamax (button) won 35235


Winamax Poker - Tournament "Kill The Fish" buyIn: 0.90€ + 0.10€ level: 19 - HandId: #3178965837075709955-120-1707076102 - Holdem no limit (600/2500/5000) - 2024/02/04 19:48:22 UTC
Table: 'Kill The Fish(740160662)#002' 6-max (real money) Seat #1 is the button
Seat 1: bAAr_Bouille (80223, 0.45€ bounty)
Seat 2: Coquin-dsort (137973, 1.61€ bounty)
Seat 3: P1xel7 (132116, 1.33€ bounty)
Seat 4: MAGIC.... (64640, 0.89€ bounty)
Seat 5: Sadilo (121797, 2.05€ bounty)
Seat 6: Ioosamax (261091, 3.15€ bounty)
*** ANTE/BLINDS ***
Coquin-dsort posts ante 600
P1xel7 posts ante 600
bAAr_Bouille posts ante 600
MAGIC.... posts ante 600
Sadilo posts ante 600
Ioosamax posts ante 600
Coquin-dsort posts small blind 2500
P1xel7 posts big blind 5000
Dealt to P1xel7 [4h 5h]
*** PRE-FLOP *** 
MAGIC.... folds
Sadilo folds
Ioosamax raises 5000 to 10000
bAAr_Bouille raises 69623 to 79623 and is all-in
Coquin-dsort folds
P1xel7 folds
Ioosamax folds
bAAr_Bouille collected 100723 from pot
*** SUMMARY ***
Total pot 100723 | No rake
Seat 1: bAAr_Bouille (button) won 100723


Winamax Poker - Tournament "Kill The Fish" buyIn: 0.90€ + 0.10€ level: 19 - HandId: #3178965837075709955-121-1707076132 - Holdem no limit (600/2500/5000) - 2024/02/04 19:48:52 UTC
Table: 'Kill The Fish(740160662)#002' 6-max (real money) Seat #2 is the button
Seat 1: bAAr_Bouille (100723, 0.45€ bounty)
Seat 2: Coquin-dsort (134873, 1.61€ bounty)
Seat 3: P1xel7 (126516, 1.33€ bounty)
Seat 4: MAGIC.... (64040, 0.89€ bounty)
Seat 5: Sadilo (121197, 2.05€ bounty)
Seat 6: Ioosamax (250491, 3.15€ bounty)
*** ANTE/BLINDS ***
P1xel7 posts ante 600
MAGIC.... posts ante 600
bAAr_Bouille posts ante 600
Coquin-dsort posts ante 600
Sadilo posts ante 600
Ioosamax posts ante 600
P1xel7 posts small blind 2500
MAGIC.... posts big blind 5000
Dealt to P1xel7 [Jd 8d]
*** PRE-FLOP *** 
Sadilo folds
Ioosamax folds
bAAr_Bouille folds
Coquin-dsort raises 5000 to 10000
P1xel7 calls 7500
MAGIC.... raises 53440 to 63440 and is all-in
Coquin-dsort folds
P1xel7 folds
MAGIC.... collected 87040 from pot
*** SUMMARY ***
Total pot 87040 | No rake
Seat 4: MAGIC.... (big blind) won 87040


Winamax Poker - Tournament "Kill The Fish" buyIn: 0.90€ + 0.10€ level: 19 - HandId: #3178965837075709955-122-1707076173 - Holdem no limit (600/2500/5000) - 2024/02/04 19:49:33 UTC
Table: 'Kill The Fish(740160662)#002' 6-max (real money) Seat #3 is the button
Seat 1: bAAr_Bouille (100123, 0.45€ bounty)
Seat 2: Coquin-dsort (124273, 1.61€ bounty)
Seat 3: P1xel7 (115916, 1.33€ bounty)
Seat 4: MAGIC.... (87040, 0.89€ bounty)
Seat 5: Sadilo (120597, 2.05€ bounty)
Seat 6: Ioosamax (249891, 3.15€ bounty)
*** ANTE/BLINDS ***
MAGIC.... posts ante 600
Sadilo posts ante 600
bAAr_Bouille posts ante 600
Coquin-dsort posts ante 600
P1xel7 posts ante 600
Ioosamax posts ante 600
MAGIC.... posts small blind 2500
Sadilo posts big blind 5000
Dealt to P1xel7 [7c 9h]
*** PRE-FLOP *** 
Ioosamax folds
bAAr_Bouille raises 7500 to 12500
Coquin-dsort folds
P1xel7 folds
MAGIC.... folds
Sadilo folds
bAAr_Bouille collected 23600 from pot
*** SUMMARY ***
Total pot 23600 | No rake
Seat 1: bAAr_Bouille won 23600


Winamax Poker - Tournament "Kill The Fish" buyIn: 0.90€ + 0.10€ level: 19 - HandId: #3178965837075709955-123-1707076210 - Holdem no limit (600/2500/5000) - 2024/02/04 19:50:10 UTC
Table: 'Kill The Fish(740160662)#002' 6-max (real money) Seat #4 is the button
Seat 1: bAAr_Bouille (110623, 0.45€ bounty)
Seat 2: Coquin-dsort (123673, 1.61€ bounty)
Seat 3: P1xel7 (115316, 1.33€ bounty)
Seat 4: MAGIC.... (83940, 0.89€ bounty)
Seat 5: Sadilo (114997, 2.05€ bounty)
Seat 6: Ioosamax (249291, 3.15€ bounty)
*** ANTE/BLINDS ***
Sadilo posts ante 600
Ioosamax posts ante 600
bAAr_Bouille posts ante 600
Coquin-dsort posts ante 600
P1xel7 posts ante 600
MAGIC.... posts ante 600
Sadilo posts small blind 2500
Ioosamax posts big blind 5000
Dealt to P1xel7 [Jd 8d]
*** PRE-FLOP *** 
bAAr_Bouille folds
Coquin-dsort folds
P1xel7 folds
MAGIC.... raises 5000 to 10000
Sadilo folds
Ioosamax calls 5000
*** FLOP *** [6h 6c Qs]
Ioosamax checks
MAGIC.... bets 26100
Ioosamax raises 212591 to 238691 and is all-in
MAGIC.... folds
Ioosamax collected 290891 from pot
*** SUMMARY ***
Total pot 290891 | No rake
Board: [6h 6c Qs]
Seat 6: Ioosamax (big blind) won 290891


Winamax Poker - Tournament "Kill The Fish" buyIn: 0.90€ + 0.10€ level: 19 - HandId: #3178965837075709955-124-1707076260 - Holdem no limit (600/2500/5000) - 2024/02/04 19:51:00 UTC
Table: 'Kill The Fish(740160662)#002' 6-max (real money) Seat #5 is the button
Seat 1: bAAr_Bouille (110023, 0.45€ bounty)
Seat 2: Coquin-dsort (123073, 1.61€ bounty)
Seat 3: P1xel7 (114716, 1.33€ bounty)
Seat 4: MAGIC.... (47240, 0.89€ bounty)
Seat 5: Sadilo (111897, 2.05€ bounty)
Seat 6: Ioosamax (290891, 3.15€ bounty)
*** ANTE/BLINDS ***
Ioosamax posts ante 600
bAAr_Bouille posts ante 600
Coquin-dsort posts ante 600
P1xel7 posts ante 600
MAGIC.... posts ante 600
Sadilo posts ante 600
Ioosamax posts small blind 2500
bAAr_Bouille posts big blind 5000
Dealt to P1xel7 [6c 4h]
*** PRE-FLOP *** 
Coquin-dsort folds
P1xel7 folds
MAGIC.... folds
Sadilo folds
Ioosamax raises 5000 to 10000
bAAr_Bouille calls 5000
*** FLOP *** [9s Td 9d]
Ioosamax bets 5900
bAAr_Bouille folds
Ioosamax collected 29500 from pot
*** SUMMARY ***
Total pot 29500 | No rake
Board: [9s Td 9d]
Seat 6: Ioosamax (small blind) won 29500


Winamax Poker - Tournament "Kill The Fish" buyIn: 0.90€ + 0.10€ level: 20 - HandId: #3178965837075709955-125-1707076325 - Holdem no limit (700/3000/6000) - 2024/02/04 19:52:05 UTC
Table: 'Kill The Fish(740160662)#002' 6-max (real money) Seat #6 is the button
Seat 1: bAAr_Bouille (99423, 0.45€ bounty)
Seat 2: Coquin-dsort (122473, 1.61€ bounty)
Seat 3: P1xel7 (114116, 1.33€ bounty)
Seat 4: MAGIC.... (46640, 0.89€ bounty)
Seat 5: Sadilo (111297, 2.05€ bounty)
Seat 6: Ioosamax (303891, 3.15€ bounty)
*** ANTE/BLINDS ***
bAAr_Bouille posts ante 700
Coquin-dsort posts ante 700
P1xel7 posts ante 700
MAGIC.... posts ante 700
Sadilo posts ante 700
Ioosamax posts ante 700
bAAr_Bouille posts small blind 3000
Coquin-dsort posts big blind 6000
Dealt to P1xel7 [Kh 2d]
*** PRE-FLOP *** 
P1xel7 folds
MAGIC.... folds
Sadilo folds
Ioosamax folds
bAAr_Bouille folds
Coquin-dsort collected 13200 from pot
*** SUMMARY ***
Total pot 13200 | No rake
Seat 2: Coquin-dsort (big blind) won 13200


Winamax Poker - Tournament "Kill The Fish" buyIn: 0.90€ + 0.10€ level: 20 - HandId: #3178965837075709955-126-1707076374 - Holdem no limit (700/3000/6000) - 2024/02/04 19:52:54 UTC
Table: 'Kill The Fish(740160662)#002' 6-max (real money) Seat #1 is the button
Seat 1: bAAr_Bouille (95723, 0.45€ bounty)
Seat 2: Coquin-dsort (128973, 1.61€ bounty)
Seat 3: P1xel7 (113416, 1.33€ bounty)
Seat 4: MAGIC.... (45940, 0.89€ bounty)
Seat 5: Sadilo (110597, 2.05€ bounty)
Seat 6: Ioosamax (303191, 3.15€ bounty)
*** ANTE/BLINDS ***
Coquin-dsort posts ante 700
P1xel7 posts ante 700
bAAr_Bouille posts ante 700
MAGIC.... posts ante 700
Sadilo posts ante 700
Ioosamax posts ante 700
Coquin-dsort posts small blind 3000
P1xel7 posts big blind 6000
Dealt to P1xel7 [8h 9s]
*** PRE-FLOP *** 
MAGIC.... folds
Sadilo calls 6000
Ioosamax raises 12000 to 18000
bAAr_Bouille folds
Coquin-dsort folds
P1xel7 folds
Sadilo calls 12000
*** FLOP *** [As 4c 9c]
Sadilo checks
Ioosamax checks
*** TURN *** [As 4c 9c][Kd]
Sadilo bets 17220
Ioosamax calls 17220
*** RIVER *** [As 4c 9c Kd][4d]
Sadilo checks
Ioosamax bets 267271 and is all-in
Sadilo folds
Ioosamax collected 350911 from pot
*** SUMMARY ***
Total pot 350911 | No rake
Board: [As 4c 9c Kd 4d]
Seat 6: Ioosamax won 350911


Winamax Poker - Tournament "Kill The Fish" buyIn: 0.90€ + 0.10€ level: 20 - HandId: #3178965837075709955-127-1707076449 - Holdem no limit (700/3000/6000) - 2024/02/04 19:54:09 UTC
Table: 'Kill The Fish(740160662)#002' 6-max (real money) Seat #2 is the button
Seat 1: bAAr_Bouille (95023, 0.45€ bounty)
Seat 2: Coquin-dsort (125273, 1.61€ bounty)
Seat 3: P1xel7 (106716, 1.33€ bounty)
Seat 4: MAGIC.... (45240, 0.89€ bounty)
Seat 5: Sadilo (74677, 2.05€ bounty)
Seat 6: Ioosamax (350911, 3.15€ bounty)
*** ANTE/BLINDS ***
P1xel7 posts ante 700
MAGIC.... posts ante 700
bAAr_Bouille posts ante 700
Coquin-dsort posts ante 700
Sadilo posts ante 700
Ioosamax posts ante 700
P1xel7 posts small blind 3000
MAGIC.... posts big blind 6000
Dealt to P1xel7 [Qh As]
*** PRE-FLOP *** 
Sadilo folds
Ioosamax folds
bAAr_Bouille folds
Coquin-dsort raises 6000 to 12000
P1xel7 raises 94016 to 106016 and is all-in
MAGIC.... calls 38540 and is all-in
Coquin-dsort folds
*** FLOP *** [7s Jh 4s]
*** TURN *** [7s Jh 4s][2c]
*** RIVER *** [7s Jh 4s 2c][Jc]
*** SHOW DOWN ***
P1xel7 shows [Qh As] (One pair : Jacks)
MAGIC.... shows [Ad Qc] (One pair : Jacks)
MAGIC.... collected 52640 from main pot
P1xel7 collected 114116 from side pot 1
*** SUMMARY ***
Total pot 166756 | No rake
Board: [7s Jh 4s 2c Jc]
Seat 3: P1xel7 (small blind) showed [Qh As] and won 114116 with One pair : Jacks
Seat 4: MAGIC.... (big blind) showed [Ad Qc] and won 52640 with One pair : Jacks


Winamax Poker - Tournament "Kill The Fish" buyIn: 0.90€ + 0.10€ level: 20 - HandId: #3178965837075709955-128-1707076486 - Holdem no limit (700/3000/6000) - 2024/02/04 19:54:46 UTC
Table: 'Kill The Fish(740160662)#002' 6-max (real money) Seat #3 is the button
Seat 1: bAAr_Bouille (94323, 0.45€ bounty)
Seat 2: Coquin-dsort (112573, 1.61€ bounty)
Seat 3: P1xel7 (114116, 1.33€ bounty)
Seat 4: MAGIC.... (52640, 0.89€ bounty)
Seat 5: Sadilo (73977, 2.05€ bounty)
Seat 6: Ioosamax (350211, 3.15€ bounty)
*** ANTE/BLINDS ***
MAGIC.... posts ante 700
Sadilo posts ante 700
bAAr_Bouille posts ante 700
Coquin-dsort posts ante 700
P1xel7 posts ante 700
Ioosamax posts ante 700
MAGIC.... posts small blind 3000
Sadilo posts big blind 6000
Dealt to P1xel7 [6d Ts]
*** PRE-FLOP *** 
Ioosamax raises 9000 to 15000
bAAr_Bouille folds
Coquin-dsort folds
P1xel7 folds
MAGIC.... calls 12000
Sadilo folds
*** FLOP *** [9d 3d 7s]
MAGIC.... checks
Ioosamax bets 40200
MAGIC.... folds
Ioosamax collected 80400 from pot
*** SUMMARY ***
Total pot 80400 | No rake
Board: [9d 3d 7s]
Seat 6: Ioosamax won 80400


Winamax Poker - Tournament "Kill The Fish" buyIn: 0.90€ + 0.10€ level: 20 - HandId: #3178965837075709955-129-1707076860 - Holdem no limit (700/3000/6000) - 2024/02/04 20:01:00 UTC
Table: 'Kill The Fish(740160662)#002' 6-max (real money) Seat #4 is the button
Seat 1: bAAr_Bouille (93623, 0.45€ bounty)
Seat 2: Coquin-dsort (111873, 1.61€ bounty)
Seat 3: P1xel7 (113416, 1.33€ bounty)
Seat 4: MAGIC.... (36940, 0.89€ bounty)
Seat 5: Sadilo (67277, 2.05€ bounty)
Seat 6: Ioosamax (374711, 3.15€ bounty)
*** ANTE/BLINDS ***
Sadilo posts ante 700
Ioosamax posts ante 700
bAAr_Bouille posts ante 700
Coquin-dsort posts ante 700
P1xel7 posts ante 700
MAGIC.... posts ante 700
Sadilo posts small blind 3000
Ioosamax posts big blind 6000
Dealt to P1xel7 [5s Td]
*** PRE-FLOP *** 
bAAr_Bouille folds
Coquin-dsort folds
P1xel7 folds
MAGIC.... calls 6000
Sadilo folds
Ioosamax checks
*** FLOP *** [9c Js 7c]
Ioosamax checks
MAGIC.... bets 6000
Ioosamax calls 6000
*** TURN *** [9c Js 7c][Qc]
Ioosamax checks
MAGIC.... checks
*** RIVER *** [9c Js 7c Qc][As]
Ioosamax checks
MAGIC.... checks
*** SHOW DOWN ***
Ioosamax shows [6c 7s] (One pair : 7)
MAGIC.... shows [Qs 6d] (One pair : Queens)
MAGIC.... collected 31200 from pot
*** SUMMARY ***
Total pot 31200 | No rake
Board: [9c Js 7c Qc As]
Seat 4: MAGIC.... (button) showed [Qs 6d] and won 31200 with One pair : Queens
Seat 6: Ioosamax (big blind) showed [6c 7s] and lost with One pair : 7


Winamax Poker - Tournament "Kill The Fish" buyIn: 0.90€ + 0.10€ level: 20 - HandId: #3178965837075709955-130-1707076918 - Holdem no limit (700/3000/6000) - 2024/02/04 20:01:58 UTC
Table: 'Kill The Fish(740160662)#002' 6-max (real money) Seat #5 is the button
Seat 1: bAAr_Bouille (92923, 0.45€ bounty)
Seat 2: Coquin-dsort (111173, 1.61€ bounty)
Seat 3: P1xel7 (112716, 1.33€ bounty)
Seat 4: MAGIC.... (55440, 0.89€ bounty)
Seat 5: Sadilo (63577, 2.05€ bounty)
Seat 6: Ioosamax (362011, 3.15€ bounty)
*** ANTE/BLINDS ***
Ioosamax posts ante 700
bAAr_Bouille posts ante 700
Coquin-dsort posts ante 700
P1xel7 posts ante 700
MAGIC.... posts ante 700
Sadilo posts ante 700
Ioosamax posts small blind 3000
bAAr_Bouille posts big blind 6000
Dealt to P1xel7 [4c 2s]
*** PRE-FLOP *** 
Coquin-dsort raises 6000 to 12000
P1xel7 folds
MAGIC.... folds
Sadilo folds
Ioosamax folds
bAAr_Bouille folds
Coquin-dsort collected 25200 from pot
*** SUMMARY ***
Total pot 25200 | No rake
Seat 2: Coquin-dsort won 25200


Winamax Poker - Tournament "Kill The Fish" buyIn: 0.90€ + 0.10€ level: 21 - HandId: #3178965837075709955-131-1707076996 - Holdem no limit (800/3500/7000) - 2024/02/04 20:03:16 UTC
Table: 'Kill The Fish(740160662)#002' 6-max (real money) Seat #6 is the button
Seat 1: bAAr_Bouille (86223, 0.45€ bounty)
Seat 2: Coquin-dsort (123673, 1.61€ bounty)
Seat 3: P1xel7 (112016, 1.33€ bounty)
Seat 4: MAGIC.... (54740, 0.89€ bounty)
Seat 5: Sadilo (62877, 2.05€ bounty)
Seat 6: Ioosamax (358311, 3.15€ bounty)
*** ANTE/BLINDS ***
bAAr_Bouille posts ante 800
Coquin-dsort posts ante 800
P1xel7 posts ante 800
MAGIC.... posts ante 800
Sadilo posts ante 800
Ioosamax posts ante 800
bAAr_Bouille posts small blind 3500
Coquin-dsort posts big blind 7000
Dealt to P1xel7 [2c 4h]
*** PRE-FLOP *** 
P1xel7 folds
MAGIC.... folds
Sadilo folds
Ioosamax folds
bAAr_Bouille raises 78423 to 85423 and is all-in
Coquin-dsort folds
bAAr_Bouille collected 97223 from pot
*** SUMMARY ***
Total pot 97223 | No rake
Seat 1: bAAr_Bouille (small blind) won 97223


Winamax Poker - Tournament "Kill The Fish" buyIn: 0.90€ + 0.10€ level: 21 - HandId: #3178965837075709955-132-1707077196 - Holdem no limit (800/3500/7000) - 2024/02/04 20:06:36 UTC
Table: 'Kill The Fish(740160662)#002' 6-max (real money) Seat #1 is the button
Seat 1: bAAr_Bouille (97223, 0.45€ bounty)
Seat 2: Coquin-dsort (115873, 1.61€ bounty)
Seat 3: P1xel7 (111216, 1.33€ bounty)
Seat 4: MAGIC.... (53940, 0.89€ bounty)
Seat 5: Sadilo (62077, 2.05€ bounty)
Seat 6: Ioosamax (357511, 3.15€ bounty)
*** ANTE/BLINDS ***
Coquin-dsort posts ante 800
P1xel7 posts ante 800
bAAr_Bouille posts ante 800
MAGIC.... posts ante 800
Sadilo posts ante 800
Ioosamax posts ante 800
Coquin-dsort posts small blind 3500
P1xel7 posts big blind 7000
Dealt to P1xel7 [Ah 3h]
*** PRE-FLOP *** 
MAGIC.... folds
Sadilo folds
Ioosamax folds
bAAr_Bouille folds
Coquin-dsort raises 108073 to 115073 and is all-in
P1xel7 folds
Coquin-dsort collected 126873 from pot
*** SUMMARY ***
Total pot 126873 | No rake
Seat 2: Coquin-dsort (small blind) won 126873


Winamax Poker - Tournament "Kill The Fish" buyIn: 0.90€ + 0.10€ level: 21 - HandId: #3178965837075709955-133-1707077260 - Holdem no limit (800/3500/7000) - 2024/02/04 20:07:40 UTC
Table: 'Kill The Fish(740160662)#002' 6-max (real money) Seat #2 is the button
Seat 1: bAAr_Bouille (96423, 0.45€ bounty)
Seat 2: Coquin-dsort (126873, 1.61€ bounty)
Seat 3: P1xel7 (103416, 1.33€ bounty)
Seat 4: MAGIC.... (53140, 0.89€ bounty)
Seat 5: Sadilo (61277, 2.05€ bounty)
Seat 6: Ioosamax (356711, 3.15€ bounty)
*** ANTE/BLINDS ***
P1xel7 posts ante 800
MAGIC.... posts ante 800
bAAr_Bouille posts ante 800
Coquin-dsort posts ante 800
Sadilo posts ante 800
Ioosamax posts ante 800
P1xel7 posts small blind 3500
MAGIC.... posts big blind 7000
Dealt to P1xel7 [3c 2s]
*** PRE-FLOP *** 
Sadilo raises 53477 to 60477 and is all-in
Ioosamax folds
bAAr_Bouille raises 35146 to 95623 and is all-in
Coquin-dsort raises 30450 to 126073 and is all-in
P1xel7 folds
MAGIC.... folds
*** FLOP *** [3d 9s 2h]
*** TURN *** [3d 9s 2h][8s]
*** RIVER *** [3d 9s 2h 8s][4c]
*** SHOW DOWN ***
bAAr_Bouille shows [6d Ad] (High card : Ace)
Coquin-dsort shows [Jh Ah] (High card : Ace)
Sadilo shows [Td Tc] (One pair : Tens)
Sadilo collected 196731 from main pot
Coquin-dsort collected 100742 from side pot 1
*** SUMMARY ***
Total pot 297473 | No rake
Board: [3d 9s 2h 8s 4c]
Seat 1: bAAr_Bouille showed [6d Ad] and lost with High card : Ace
Seat 2: Coquin-dsort (button) showed [Jh Ah] and won 100742 with High card : Ace
Seat 5: Sadilo showed [Td Tc] and won 196731 with One pair : Tens


Winamax Poker - Tournament "Kill The Fish" buyIn: 0.90€ + 0.10€ level: 22 - HandId: #3178965837075709955-134-1707077352 - Holdem no limit (1000/4000/8000) - 2024/02/04 20:09:12 UTC
Table: 'Kill The Fish(740160662)#002' 6-max (real money) Seat #3 is the button
Seat 2: Coquin-dsort (100742, 1.83€ bounty)
Seat 3: P1xel7 (99116, 1.33€ bounty)
Seat 4: MAGIC.... (45340, 0.89€ bounty)
Seat 5: Sadilo (196731, 2.05€ bounty)
Seat 6: Ioosamax (355911, 3.15€ bounty)
*** ANTE/BLINDS ***
MAGIC.... posts ante 1000
Sadilo posts ante 1000
Coquin-dsort posts ante 1000
P1xel7 posts ante 1000
Ioosamax posts ante 1000
MAGIC.... posts small blind 4000
Sadilo posts big blind 8000
Dealt to P1xel7 [3c Kd]
*** PRE-FLOP *** 
Ioosamax folds
Coquin-dsort raises 8000 to 16000
P1xel7 folds
MAGIC.... folds
Sadilo calls 8000
*** FLOP *** [7c 4h 8s]
Sadilo checks
Coquin-dsort bets 26650
Sadilo calls 26650
*** TURN *** [7c 4h 8s][3h]
Sadilo bets 61295
Coquin-dsort calls 57092 and is all-in
*** RIVER *** [7c 4h 8s 3h][Jc]
*** SHOW DOWN ***
Coquin-dsort shows [Kh 8h] (One pair : 8)
Sadilo shows [6s 6c] (One pair : 6)
Sadilo collected 4203 from side pot 1
Coquin-dsort collected 208484 from main pot
*** SUMMARY ***
Total pot 212687 | No rake
Board: [7c 4h 8s 3h Jc]
Seat 2: Coquin-dsort showed [Kh 8h] and won 208484 with One pair : 8
Seat 5: Sadilo (big blind) showed [6s 6c] and won 4203 with One pair : 6


Winamax Poker - Tournament "Kill The Fish" buyIn: 0.90€ + 0.10€ level: 22 - HandId: #3178965837075709955-135-1707077410 - Holdem no limit (1000/4000/8000) - 2024/02/04 20:10:10 UTC
Table: 'Kill The Fish(740160662)#002' 6-max (real money) Seat #4 is the button
Seat 2: Coquin-dsort (208484, 1.83€ bounty)
Seat 3: P1xel7 (98116, 1.33€ bounty)
Seat 4: MAGIC.... (40340, 0.89€ bounty)
Seat 5: Sadilo (95989, 2.05€ bounty)
Seat 6: Ioosamax (354911, 3.15€ bounty)
*** ANTE/BLINDS ***
Sadilo posts ante 1000
Ioosamax posts ante 1000
Coquin-dsort posts ante 1000
P1xel7 posts ante 1000
MAGIC.... posts ante 1000
Sadilo posts small blind 4000
Ioosamax posts big blind 8000
Dealt to P1xel7 [Jd Td]
*** PRE-FLOP *** 
Coquin-dsort folds
P1xel7 raises 8000 to 16000
MAGIC.... folds
Sadilo raises 78989 to 94989 and is all-in
Ioosamax folds
P1xel7 folds
Sadilo collected 123989 from pot
*** SUMMARY ***
Total pot 123989 | No rake
Seat 5: Sadilo (small blind) won 123989


Winamax Poker - Tournament "Kill The Fish" buyIn: 0.90€ + 0.10€ level: 22 - HandId: #3178965837075709955-136-1707077444 - Holdem no limit (1000/4000/8000) - 2024/02/04 20:10:44 UTC
Table: 'Kill The Fish(740160662)#002' 6-max (real money) Seat #5 is the button
Seat 2: Coquin-dsort (207484, 1.83€ bounty)
Seat 3: P1xel7 (81116, 1.33€ bounty)
Seat 4: MAGIC.... (39340, 0.89€ bounty)
Seat 5: Sadilo (123989, 2.05€ bounty)
Seat 6: Ioosamax (345911, 3.15€ bounty)
*** ANTE/BLINDS ***
Ioosamax posts ante 1000
Coquin-dsort posts ante 1000
P1xel7 posts ante 1000
MAGIC.... posts ante 1000
Sadilo posts ante 1000
Ioosamax posts small blind 4000
Coquin-dsort posts big blind 8000
Dealt to P1xel7 [8c Ks]
*** PRE-FLOP *** 
P1xel7 folds
MAGIC.... calls 8000
Sadilo folds
Ioosamax folds
Coquin-dsort checks
*** FLOP *** [Kc 8h Jh]
Coquin-dsort checks
MAGIC.... bets 30340 and is all-in
Coquin-dsort folds
MAGIC.... collected 55340 from pot
*** SUMMARY ***
Total pot 55340 | No rake
Board: [Kc 8h Jh]
Seat 4: MAGIC.... won 55340


Winamax Poker - Tournament "Kill The Fish" buyIn: 0.90€ + 0.10€ level: 22 - HandId: #3178965837075709955-137-1707077466 - Holdem no limit (1000/4000/8000) - 2024/02/04 20:11:06 UTC
Table: 'Kill The Fish(740160662)#002' 6-max (real money) Seat #6 is the button
Seat 2: Coquin-dsort (198484, 1.83€ bounty)
Seat 3: P1xel7 (80116, 1.33€ bounty)
Seat 4: MAGIC.... (55340, 0.89€ bounty)
Seat 5: Sadilo (122989, 2.05€ bounty)
Seat 6: Ioosamax (340911, 3.15€ bounty)
*** ANTE/BLINDS ***
Coquin-dsort posts ante 1000
P1xel7 posts ante 1000
MAGIC.... posts ante 1000
Sadilo posts ante 1000
Ioosamax posts ante 1000
Coquin-dsort posts small blind 4000
P1xel7 posts big blind 8000
Dealt to P1xel7 [Kh 7h]
*** PRE-FLOP *** 
MAGIC.... folds
Sadilo folds
Ioosamax folds
Coquin-dsort raises 189484 to 197484 and is all-in
P1xel7 calls 71116 and is all-in
*** FLOP *** [4c Ks Td]
*** TURN *** [4c Ks Td][4h]
*** RIVER *** [4c Ks Td 4h][Jh]
*** SHOW DOWN ***
Coquin-dsort shows [Ac 8c] (One pair : 4)
P1xel7 shows [Kh 7h] (Two pairs : Kings and 4)
P1xel7 collected 163232 from main pot
Coquin-dsort collected 118368 from side pot 1
*** SUMMARY ***
Total pot 281600 | No rake
Board: [4c Ks Td 4h Jh]
Seat 2: Coquin-dsort (small blind) showed [Ac 8c] and won 118368 with One pair : 4
Seat 3: P1xel7 (big blind) showed [Kh 7h] and won 163232 with Two pairs : Kings and 4


Winamax Poker - Tournament "Kill The Fish" buyIn: 0.90€ + 0.10€ level: 22 - HandId: #3178965837075709955-138-1707077492 - Holdem no limit (1000/4000/8000) - 2024/02/04 20:11:32 UTC
Table: 'Kill The Fish(740160662)#002' 6-max (real money) Seat #2 is the button
Seat 1: Kroklefish (125168, 1.77€ bounty)
Seat 2: Coquin-dsort (118368, 1.83€ bounty)
Seat 3: P1xel7 (163232, 1.33€ bounty)
Seat 4: MAGIC.... (54340, 0.89€ bounty)
Seat 5: Sadilo (121989, 2.05€ bounty)
Seat 6: Ioosamax (339911, 3.15€ bounty)
*** ANTE/BLINDS ***
P1xel7 posts ante 1000
MAGIC.... posts ante 1000
Kroklefish posts ante 1000
Coquin-dsort posts ante 1000
Sadilo posts ante 1000
Ioosamax posts ante 1000
P1xel7 posts small blind 4000
MAGIC.... posts big blind 8000
Dealt to P1xel7 [4c Qs]
*** PRE-FLOP *** 
Sadilo folds
Ioosamax raises 12000 to 20000
Kroklefish folds
Coquin-dsort folds
P1xel7 folds
MAGIC.... folds
Ioosamax collected 38000 from pot
*** SUMMARY ***
Total pot 38000 | No rake
Seat 6: Ioosamax won 38000


Winamax Poker - Tournament "Kill The Fish" buyIn: 0.90€ + 0.10€ level: 22 - HandId: #3178965837075709955-139-1707077522 - Holdem no limit (1000/4000/8000) - 2024/02/04 20:12:02 UTC
Table: 'Kill The Fish(740160662)#002' 6-max (real money) Seat #3 is the button
Seat 1: Kroklefish (124168, 1.77€ bounty)
Seat 2: Coquin-dsort (117368, 1.83€ bounty)
Seat 3: P1xel7 (158232, 1.33€ bounty)
Seat 4: MAGIC.... (45340, 0.89€ bounty)
Seat 5: Sadilo (120989, 2.05€ bounty)
Seat 6: Ioosamax (356911, 3.15€ bounty)
*** ANTE/BLINDS ***
MAGIC.... posts ante 1000
Sadilo posts ante 1000
Kroklefish posts ante 1000
Coquin-dsort posts ante 1000
P1xel7 posts ante 1000
Ioosamax posts ante 1000
MAGIC.... posts small blind 4000
Sadilo posts big blind 8000
Dealt to P1xel7 [6c 7s]
*** PRE-FLOP *** 
Ioosamax folds
Kroklefish folds
Coquin-dsort folds
P1xel7 folds
MAGIC.... calls 4000
Sadilo checks
*** FLOP *** [9s 3s Kh]
MAGIC.... bets 36340 and is all-in
Sadilo folds
MAGIC.... collected 58340 from pot
*** SUMMARY ***
Total pot 58340 | No rake
Board: [9s 3s Kh]
Seat 4: MAGIC.... (small blind) won 58340


Winamax Poker - Tournament "Kill The Fish" buyIn: 0.90€ + 0.10€ level: 22 - HandId: #3178965837075709955-140-1707077542 - Holdem no limit (1000/4000/8000) - 2024/02/04 20:12:22 UTC
Table: 'Kill The Fish(740160662)#002' 6-max (real money) Seat #4 is the button
Seat 1: Kroklefish (123168, 1.77€ bounty)
Seat 2: Coquin-dsort (116368, 1.83€ bounty)
Seat 3: P1xel7 (157232, 1.33€ bounty)
Seat 4: MAGIC.... (58340, 0.89€ bounty)
Seat 5: Sadilo (111989, 2.05€ bounty)
Seat 6: Ioosamax (355911, 3.15€ bounty)
*** ANTE/BLINDS ***
Sadilo posts ante 1000
Ioosamax posts ante 1000
Kroklefish posts ante 1000
Coquin-dsort posts ante 1000
P1xel7 posts ante 1000
MAGIC.... posts ante 1000
Sadilo posts small blind 4000
Ioosamax posts big blind 8000
Dealt to P1xel7 [2d 9c]
*** PRE-FLOP *** 
Kroklefish folds
Coquin-dsort raises 107368 to 115368 and is all-in
P1xel7 folds
MAGIC.... folds
Sadilo folds
Ioosamax folds
Coquin-dsort collected 133368 from pot
*** SUMMARY ***
Total pot 133368 | No rake
Seat 2: Coquin-dsort won 133368


Winamax Poker - Tournament "Kill The Fish" buyIn: 0.90€ + 0.10€ level: 22 - HandId: #3178965837075709955-141-1707077564 - Holdem no limit (1000/4000/8000) - 2024/02/04 20:12:44 UTC
Table: 'Kill The Fish(740160662)#002' 6-max (real money) Seat #5 is the button
Seat 1: Kroklefish (122168, 1.77€ bounty)
Seat 2: Coquin-dsort (133368, 1.83€ bounty)
Seat 3: P1xel7 (156232, 1.33€ bounty)
Seat 4: MAGIC.... (57340, 0.89€ bounty)
Seat 5: Sadilo (106989, 2.05€ bounty)
Seat 6: Ioosamax (346911, 3.15€ bounty)
*** ANTE/BLINDS ***
Ioosamax posts ante 1000
Kroklefish posts ante 1000
Coquin-dsort posts ante 1000
P1xel7 posts ante 1000
MAGIC.... posts ante 1000
Sadilo posts ante 1000
Ioosamax posts small blind 4000
Kroklefish posts big blind 8000
Dealt to P1xel7 [Ac 3c]
*** PRE-FLOP *** 
Coquin-dsort folds
P1xel7 folds
MAGIC.... folds
Sadilo folds
Ioosamax calls 4000
Kroklefish raises 113168 to 121168 and is all-in
Ioosamax folds
Kroklefish collected 135168 from pot
*** SUMMARY ***
Total pot 135168 | No rake
Seat 1: Kroklefish (big blind) won 135168


Winamax Poker - Tournament "Kill The Fish" buyIn: 0.90€ + 0.10€ level: 23 - HandId: #3178965837075709955-142-1707077594 - Holdem no limit (1200/5000/10000) - 2024/02/04 20:13:14 UTC
Table: 'Kill The Fish(740160662)#002' 6-max (real money) Seat #6 is the button
Seat 1: Kroklefish (135168, 1.77€ bounty)
Seat 2: Coquin-dsort (132368, 1.83€ bounty)
Seat 3: P1xel7 (155232, 1.33€ bounty)
Seat 4: MAGIC.... (56340, 0.89€ bounty)
Seat 5: Sadilo (105989, 2.05€ bounty)
Seat 6: Ioosamax (337911, 3.15€ bounty)
*** ANTE/BLINDS ***
Kroklefish posts ante 1200
Coquin-dsort posts ante 1200
P1xel7 posts ante 1200
MAGIC.... posts ante 1200
Sadilo posts ante 1200
Ioosamax posts ante 1200
Kroklefish posts small blind 5000
Coquin-dsort posts big blind 10000
Dealt to P1xel7 [Kc 6c]
*** PRE-FLOP *** 
P1xel7 folds
MAGIC.... folds
Sadilo folds
Ioosamax folds
Kroklefish folds
Coquin-dsort collected 22200 from pot
*** SUMMARY ***
Total pot 22200 | No rake
Seat 2: Coquin-dsort (big blind) won 22200


Winamax Poker - Tournament "Kill The Fish" buyIn: 0.90€ + 0.10€ level: 23 - HandId: #3178965837075709955-143-1707077613 - Holdem no limit (1200/5000/10000) - 2024/02/04 20:13:33 UTC
Table: 'Kill The Fish(740160662)#002' 6-max (real money) Seat #1 is the button
Seat 1: Kroklefish (128968, 1.77€ bounty)
Seat 2: Coquin-dsort (143368, 1.83€ bounty)
Seat 3: P1xel7 (154032, 1.33€ bounty)
Seat 4: MAGIC.... (55140, 0.89€ bounty)
Seat 5: Sadilo (104789, 2.05€ bounty)
Seat 6: Ioosamax (336711, 3.15€ bounty)
*** ANTE/BLINDS ***
Coquin-dsort posts ante 1200
P1xel7 posts ante 1200
Kroklefish posts ante 1200
MAGIC.... posts ante 1200
Sadilo posts ante 1200
Ioosamax posts ante 1200
Coquin-dsort posts small blind 5000
P1xel7 posts big blind 10000
Dealt to P1xel7 [2s Qd]
*** PRE-FLOP *** 
MAGIC.... folds
Sadilo raises 93589 to 103589 and is all-in
Ioosamax folds
Kroklefish folds
Coquin-dsort folds
P1xel7 folds
Sadilo collected 125789 from pot
*** SUMMARY ***
Total pot 125789 | No rake
Seat 5: Sadilo won 125789


Winamax Poker - Tournament "Kill The Fish" buyIn: 0.90€ + 0.10€ level: 23 - HandId: #3178965837075709955-144-1707077637 - Holdem no limit (1200/5000/10000) - 2024/02/04 20:13:57 UTC
Table: 'Kill The Fish(740160662)#002' 6-max (real money) Seat #2 is the button
Seat 1: Kroklefish (127768, 1.77€ bounty)
Seat 2: Coquin-dsort (137168, 1.83€ bounty)
Seat 3: P1xel7 (142832, 1.33€ bounty)
Seat 4: MAGIC.... (53940, 0.89€ bounty)
Seat 5: Sadilo (125789, 2.05€ bounty)
Seat 6: Ioosamax (335511, 3.15€ bounty)
*** ANTE/BLINDS ***
P1xel7 posts ante 1200
MAGIC.... posts ante 1200
Kroklefish posts ante 1200
Coquin-dsort posts ante 1200
Sadilo posts ante 1200
Ioosamax posts ante 1200
P1xel7 posts small blind 5000
MAGIC.... posts big blind 10000
Dealt to P1xel7 [2s 8c]
*** PRE-FLOP *** 
Sadilo folds
Ioosamax raises 10000 to 20000
Kroklefish folds
Coquin-dsort folds
P1xel7 folds
MAGIC.... calls 10000
*** FLOP *** [Td 7c 8s]
MAGIC.... checks
Ioosamax bets 26100
MAGIC.... folds
Ioosamax collected 78300 from pot
*** SUMMARY ***
Total pot 78300 | No rake
Board: [Td 7c 8s]
Seat 6: Ioosamax won 78300


Winamax Poker - Tournament "Kill The Fish" buyIn: 0.90€ + 0.10€ level: 23 - HandId: #3178965837075709955-145-1707077668 - Holdem no limit (1200/5000/10000) - 2024/02/04 20:14:28 UTC
Table: 'Kill The Fish(740160662)#002' 6-max (real money) Seat #3 is the button
Seat 1: Kroklefish (126568, 1.77€ bounty)
Seat 2: Coquin-dsort (135968, 1.83€ bounty)
Seat 3: P1xel7 (136632, 1.33€ bounty)
Seat 4: MAGIC.... (32740, 0.89€ bounty)
Seat 5: Sadilo (124589, 2.05€ bounty)
*** ANTE/BLINDS ***
MAGIC.... posts ante 1200
Sadilo posts ante 1200
Kroklefish posts ante 1200
Coquin-dsort posts ante 1200
P1xel7 posts ante 1200
MAGIC.... posts small blind 5000
Sadilo posts big blind 10000
Dealt to P1xel7 [7h 8d]
*** PRE-FLOP *** 
Kroklefish raises 10000 to 20000
Coquin-dsort calls 20000
P1xel7 folds
MAGIC.... folds
Sadilo folds
*** FLOP *** [2h Ks Kd]
Kroklefish checks
Coquin-dsort bets 15250
Kroklefish folds
Coquin-dsort collected 76250 from pot
*** SUMMARY ***
Total pot 76250 | No rake
Board: [2h Ks Kd]
Seat 2: Coquin-dsort won 76250


Winamax Poker - Tournament "Kill The Fish" buyIn: 0.90€ + 0.10€ level: 23 - HandId: #3178965837075709955-146-1707077705 - Holdem no limit (1200/5000/10000) - 2024/02/04 20:15:05 UTC
Table: 'Kill The Fish(740160662)#002' 6-max (real money) Seat #4 is the button
Seat 1: Kroklefish (105368, 1.77€ bounty)
Seat 2: Coquin-dsort (175768, 1.83€ bounty)
Seat 3: P1xel7 (135432, 1.33€ bounty)
Seat 4: MAGIC.... (26540, 0.89€ bounty)
Seat 5: Sadilo (113389, 2.05€ bounty)
*** ANTE/BLINDS ***
Sadilo posts ante 1200
Kroklefish posts ante 1200
Coquin-dsort posts ante 1200
P1xel7 posts ante 1200
MAGIC.... posts ante 1200
Sadilo posts small blind 5000
Kroklefish posts big blind 10000
Dealt to P1xel7 [8s 5d]
*** PRE-FLOP *** 
Coquin-dsort folds
P1xel7 folds
MAGIC.... raises 15340 to 25340 and is all-in
Sadilo folds
Kroklefish raises 78828 to 104168 and is all-in
*** FLOP *** [2c Kd Qh]
*** TURN *** [2c Kd Qh][Td]
*** RIVER *** [2c Kd Qh Td][9s]
*** SHOW DOWN ***
MAGIC.... shows [8h As] (High card : Ace)
Kroklefish shows [Th Ah] (One pair : Tens)
Kroklefish collected 140508 from pot
*** SUMMARY ***
Total pot 140508 | No rake
Board: [2c Kd Qh Td 9s]
Seat 1: Kroklefish (big blind) showed [Th Ah] and won 140508 with One pair : Tens
Seat 4: MAGIC.... (button) showed [8h As] and lost with High card : Ace


Winamax Poker - Tournament "Kill The Fish" buyIn: 0.90€ + 0.10€ level: 23 - HandId: #3178965837075709955-147-1707077740 - Holdem no limit (1200/5000/10000) - 2024/02/04 20:15:40 UTC
Table: 'Kill The Fish(740160662)#002' 6-max (real money) Seat #5 is the button
Seat 1: Kroklefish (140508, 2.21€ bounty)
Seat 2: Coquin-dsort (174568, 1.83€ bounty)
Seat 3: P1xel7 (134232, 1.33€ bounty)
Seat 5: Sadilo (107189, 2.05€ bounty)
*** ANTE/BLINDS ***
Kroklefish posts ante 1200
Coquin-dsort posts ante 1200
P1xel7 posts ante 1200
Sadilo posts ante 1200
Kroklefish posts small blind 5000
Coquin-dsort posts big blind 10000
Dealt to P1xel7 [7s Kh]
*** PRE-FLOP *** 
P1xel7 folds
Sadilo folds
Kroklefish folds
Coquin-dsort collected 19800 from pot
*** SUMMARY ***
Total pot 19800 | No rake
Seat 2: Coquin-dsort (big blind) won 19800


Winamax Poker - Tournament "Kill The Fish" buyIn: 0.90€ + 0.10€ level: 23 - HandId: #3178965837075709955-148-1707077751 - Holdem no limit (1200/5000/10000) - 2024/02/04 20:15:51 UTC
Table: 'Kill The Fish(740160662)#002' 6-max (real money) Seat #1 is the button
Seat 1: Kroklefish (134308, 2.21€ bounty)
Seat 2: Coquin-dsort (183168, 1.83€ bounty)
Seat 3: P1xel7 (133032, 1.33€ bounty)
Seat 4: El-soviet (328880, 1.72€ bounty)
Seat 5: Sadilo (105989, 2.05€ bounty)
Seat 6: Lomight22 (214188, 2.71€ bounty)
*** ANTE/BLINDS ***
Coquin-dsort posts ante 1200
P1xel7 posts ante 1200
Kroklefish posts ante 1200
El-soviet posts ante 1200
Sadilo posts ante 1200
Lomight22 posts ante 1200
Coquin-dsort posts small blind 5000
P1xel7 posts big blind 10000
Dealt to P1xel7 [6h 5s]
*** PRE-FLOP *** 
El-soviet folds
Sadilo folds
Lomight22 folds
Kroklefish folds
Coquin-dsort calls 5000
P1xel7 checks
*** FLOP *** [9c 9s 9h]
Coquin-dsort checks
P1xel7 bets 10000
Coquin-dsort calls 10000
*** TURN *** [9c 9s 9h][5h]
Coquin-dsort checks
P1xel7 bets 16520
Coquin-dsort calls 16520
*** RIVER *** [9c 9s 9h 5h][Ks]
Coquin-dsort bets 52156
P1xel7 raises 43156 to 95312 and is all-in
Coquin-dsort calls 43156
*** SHOW DOWN ***
P1xel7 shows [6h 5s] (Full of 9 and 5)
Coquin-dsort shows [6s 9d] (Quads of 9)
Coquin-dsort collected 270864 from pot
*** SUMMARY ***
Total pot 270864 | No rake
Board: [9c 9s 9h 5h Ks]
Seat 2: Coquin-dsort (small blind) showed [6s 9d] and won 270864 with Quads of 9
Seat 3: P1xel7 (big blind) showed [6h 5s] and lost with Full of 9 and 5


