Winamax Poker - Tournament "Starting Block WiPT - Déglingos" buyIn: 0€ + 0€ level: 1 - HandId: #3244802231114924033-1-1707851514 - Holdem no limit (10/20) - 2024/02/13 19:11:54 UTC
Table: 'Starting Block WiPT - Déglingos(755489392)#0' 6-max (real money) Seat #2 is the button
Seat 1: MnrV (500)
Seat 2: GlobalGus (500)
Seat 3: P1xel7 (500)
Seat 4: vodkaglaces (500)
Seat 5: Kev30270 (500)
Seat 6: EG_Goleador5 (500)
*** ANTE/BLINDS ***
P1xel7 posts small blind 10
vodkaglaces posts big blind 20
Dealt to P1xel7 [Kh 4d]
*** PRE-FLOP *** 
Kev30270 calls 20
EG_Goleador5 raises 480 to 500 and is all-in
MnrV folds
GlobalGus calls 500 and is all-in
P1xel7 folds
vodkaglaces calls 480 and is all-in
Kev30270 folds
*** FLOP *** [Js 3c Ad]
*** TURN *** [Js 3c Ad][Jc]
*** RIVER *** [Js 3c Ad Jc][2c]
*** SHOW DOWN ***
GlobalGus shows [9s 8d] (One pair : Jacks)
vodkaglaces shows [9h 2s] (Two pairs : Jacks and 2)
EG_Goleador5 shows [Ks As] (Two pairs : Aces and Jacks)
EG_Goleador5 collected 1530 from pot
*** SUMMARY ***
Total pot 1530 | No rake
Board: [Js 3c Ad Jc 2c]
Seat 2: GlobalGus (button) showed [9s 8d] and lost with One pair : Jacks
Seat 4: vodkaglaces (big blind) showed [9h 2s] and lost with Two pairs : Jacks and 2
Seat 6: EG_Goleador5 showed [Ks As] and won 1530 with Two pairs : Aces and Jacks


Winamax Poker - Tournament "Starting Block WiPT - Déglingos" buyIn: 0€ + 0€ level: 1 - HandId: #3244802231114924033-2-1707851563 - Holdem no limit (10/20) - 2024/02/13 19:12:43 UTC
Table: 'Starting Block WiPT - Déglingos(755489392)#0' 6-max (real money) Seat #3 is the button
Seat 1: MnrV (500)
Seat 3: P1xel7 (490)
Seat 5: Kev30270 (480)
Seat 6: EG_Goleador5 (1530)
*** ANTE/BLINDS ***
Kev30270 posts big blind 20
Dealt to P1xel7 [7d 8d]
*** PRE-FLOP *** 
EG_Goleador5 folds
MnrV raises 480 to 500 and is all-in
P1xel7 folds
Kev30270 folds
MnrV collected 520 from pot
*** SUMMARY ***
Total pot 520 | No rake
Seat 1: MnrV won 520


Winamax Poker - Tournament "Starting Block WiPT - Déglingos" buyIn: 0€ + 0€ level: 1 - HandId: #3244802231114924033-3-1707851577 - Holdem no limit (10/20) - 2024/02/13 19:12:57 UTC
Table: 'Starting Block WiPT - Déglingos(755489392)#0' 6-max (real money) Seat #4 is the button
Seat 1: MnrV (520)
Seat 3: P1xel7 (490)
Seat 5: Kev30270 (460)
Seat 6: EG_Goleador5 (1530)
*** ANTE/BLINDS ***
Kev30270 posts small blind 10
EG_Goleador5 posts big blind 20
Dealt to P1xel7 [Ts 9d]
*** PRE-FLOP *** 
MnrV calls 20
P1xel7 folds
Kev30270 calls 10
EG_Goleador5 checks
*** FLOP *** [Js 8h 5d]
Kev30270 checks
EG_Goleador5 checks
MnrV bets 500 and is all-in
Kev30270 folds
EG_Goleador5 folds
MnrV collected 560 from pot
*** SUMMARY ***
Total pot 560 | No rake
Board: [Js 8h 5d]
Seat 1: MnrV won 560


Winamax Poker - Tournament "Starting Block WiPT - Déglingos" buyIn: 0€ + 0€ level: 2 - HandId: #3244802231114924033-4-1707851624 - Holdem no limit (15/30) - 2024/02/13 19:13:44 UTC
Table: 'Starting Block WiPT - Déglingos(755489392)#0' 6-max (real money) Seat #5 is the button
Seat 1: MnrV (560)
Seat 3: P1xel7 (490)
Seat 5: Kev30270 (440)
Seat 6: EG_Goleador5 (1510)
*** ANTE/BLINDS ***
EG_Goleador5 posts small blind 15
MnrV posts big blind 30
Dealt to P1xel7 [Tc Ac]
*** PRE-FLOP *** 
P1xel7 raises 30 to 60
Kev30270 calls 60
EG_Goleador5 calls 45
MnrV raises 500 to 560 and is all-in
P1xel7 calls 430 and is all-in
Kev30270 folds
EG_Goleador5 calls 500
*** FLOP *** [4c Ah 2c]
*** TURN *** [4c Ah 2c][Ad]
*** RIVER *** [4c Ah 2c Ad][9h]
*** SHOW DOWN ***
EG_Goleador5 shows [Td Kc] (One pair : Aces)
MnrV shows [5s 5d] (Two pairs : Aces and 5)
P1xel7 shows [Tc Ac] (Trips of Aces)
P1xel7 collected 1530 from main pot
MnrV collected 140 from side pot 1
*** SUMMARY ***
Total pot 1670 | No rake
Board: [4c Ah 2c Ad 9h]
Seat 1: MnrV (big blind) showed [5s 5d] and won 140 with Two pairs : Aces and 5
Seat 3: P1xel7 showed [Tc Ac] and won 1530 with Trips of Aces
Seat 6: EG_Goleador5 (small blind) showed [Td Kc] and lost with One pair : Aces


Winamax Poker - Tournament "Starting Block WiPT - Déglingos" buyIn: 0€ + 0€ level: 2 - HandId: #3244802231114924033-5-1707851653 - Holdem no limit (15/30) - 2024/02/13 19:14:13 UTC
Table: 'Starting Block WiPT - Déglingos(755489392)#0' 6-max (real money) Seat #6 is the button
Seat 1: MnrV (140)
Seat 3: P1xel7 (1530)
Seat 5: Kev30270 (380)
Seat 6: EG_Goleador5 (950)
*** ANTE/BLINDS ***
MnrV posts small blind 15
P1xel7 posts big blind 30
Dealt to P1xel7 [7d 7h]
*** PRE-FLOP *** 
Kev30270 calls 30
EG_Goleador5 calls 30
MnrV folds
P1xel7 raises 120 to 150
Kev30270 folds
EG_Goleador5 calls 120
*** FLOP *** [Ad 5c Qh]
P1xel7 bets 121
EG_Goleador5 calls 121
*** TURN *** [Ad 5c Qh][Ac]
P1xel7 bets 205
EG_Goleador5 calls 205
*** RIVER *** [Ad 5c Qh Ac][8h]
P1xel7 checks
EG_Goleador5 checks
*** SHOW DOWN ***
P1xel7 shows [7d 7h] (Two pairs : Aces and 7)
EG_Goleador5 shows [As 4h] (Trips of Aces)
EG_Goleador5 collected 997 from pot
*** SUMMARY ***
Total pot 997 | No rake
Board: [Ad 5c Qh Ac 8h]
Seat 3: P1xel7 (big blind) showed [7d 7h] and lost with Two pairs : Aces and 7
Seat 6: EG_Goleador5 (button) showed [As 4h] and won 997 with Trips of Aces


Winamax Poker - Tournament "Starting Block WiPT - Déglingos" buyIn: 0€ + 0€ level: 3 - HandId: #3244802231114924033-6-1707851716 - Holdem no limit (20/40) - 2024/02/13 19:15:16 UTC
Table: 'Starting Block WiPT - Déglingos(755489392)#0' 6-max (real money) Seat #1 is the button
Seat 1: MnrV (125)
Seat 3: P1xel7 (1054)
Seat 5: Kev30270 (350)
Seat 6: EG_Goleador5 (1471)
*** ANTE/BLINDS ***
P1xel7 posts small blind 20
Kev30270 posts big blind 40
Dealt to P1xel7 [6s Qd]
*** PRE-FLOP *** 
EG_Goleador5 raises 1431 to 1471 and is all-in
MnrV folds
P1xel7 folds
Kev30270 calls 310 and is all-in
*** FLOP *** [6c 7c Th]
*** TURN *** [6c 7c Th][5c]
*** RIVER *** [6c 7c Th 5c][Ah]
*** SHOW DOWN ***
Kev30270 shows [8c 7h] (One pair : 7)
EG_Goleador5 shows [4d 6d] (One pair : 6)
EG_Goleador5 collected 1121 from side pot 1
Kev30270 collected 720 from main pot
*** SUMMARY ***
Total pot 1841 | No rake
Board: [6c 7c Th 5c Ah]
Seat 5: Kev30270 (big blind) showed [8c 7h] and won 720 with One pair : 7
Seat 6: EG_Goleador5 showed [4d 6d] and won 1121 with One pair : 6


Winamax Poker - Tournament "Starting Block WiPT - Déglingos" buyIn: 0€ + 0€ level: 3 - HandId: #3244802231114924033-7-1707851759 - Holdem no limit (20/40) - 2024/02/13 19:15:59 UTC
Table: 'Starting Block WiPT - Déglingos(755489392)#0' 6-max (real money) Seat #3 is the button
Seat 1: MnrV (125)
Seat 3: P1xel7 (1034)
Seat 5: Kev30270 (720)
Seat 6: EG_Goleador5 (1121)
*** ANTE/BLINDS ***
Kev30270 posts small blind 20
EG_Goleador5 posts big blind 40
Dealt to P1xel7 [9h Jh]
*** PRE-FLOP *** 
MnrV folds
P1xel7 folds
Kev30270 calls 20
EG_Goleador5 raises 1081 to 1121 and is all-in
Kev30270 calls 680 and is all-in
*** FLOP *** [3s Qc 6s]
*** TURN *** [3s Qc 6s][Kh]
*** RIVER *** [3s Qc 6s Kh][2c]
*** SHOW DOWN ***
Kev30270 shows [8h 7c] (High card : King)
EG_Goleador5 shows [Js Th] (High card : King)
EG_Goleador5 collected 1841 from pot
*** SUMMARY ***
Total pot 1841 | No rake
Board: [3s Qc 6s Kh 2c]
Seat 5: Kev30270 (small blind) showed [8h 7c] and lost with High card : King
Seat 6: EG_Goleador5 (big blind) showed [Js Th] and won 1841 with High card : King


Winamax Poker - Tournament "Starting Block WiPT - Déglingos" buyIn: 0€ + 0€ level: 3 - HandId: #3244802231114924033-8-1707851782 - Holdem no limit (20/40) - 2024/02/13 19:16:22 UTC
Table: 'Starting Block WiPT - Déglingos(755489392)#0' 6-max (real money) Seat #5 is the button
Seat 1: MnrV (125)
Seat 3: P1xel7 (1034)
Seat 6: EG_Goleador5 (1841)
*** ANTE/BLINDS ***
EG_Goleador5 posts small blind 20
MnrV posts big blind 40
Dealt to P1xel7 [Kd Td]
*** PRE-FLOP *** 
P1xel7 raises 40 to 80
EG_Goleador5 calls 60
MnrV raises 45 to 125 and is all-in
P1xel7 calls 45
EG_Goleador5 calls 45
*** FLOP *** [Th Ah 4d]
EG_Goleador5 checks
P1xel7 checks
*** TURN *** [Th Ah 4d][3c]
EG_Goleador5 checks
P1xel7 bets 40
EG_Goleador5 calls 40
*** RIVER *** [Th Ah 4d 3c][Ts]
EG_Goleador5 checks
P1xel7 bets 228
EG_Goleador5 calls 228
*** SHOW DOWN ***
MnrV shows [3h Ad] (Two pairs : Aces and Tens)
EG_Goleador5 shows [5c 3d] (Two pairs : Tens and 3)
P1xel7 shows [Kd Td] (Trips of Tens)
P1xel7 collected 911 from pot
*** SUMMARY ***
Total pot 911 | No rake
Board: [Th Ah 4d 3c Ts]
Seat 1: MnrV (big blind) showed [3h Ad] and lost with Two pairs : Aces and Tens
Seat 3: P1xel7 showed [Kd Td] and won 911 with Trips of Tens
Seat 6: EG_Goleador5 (small blind) showed [5c 3d] and lost with Two pairs : Tens and 3


Winamax Poker - Tournament "Starting Block WiPT - Déglingos" buyIn: 0€ + 0€ level: 4 - HandId: #3244802231114924033-9-1707851818 - Holdem no limit (30/60) - 2024/02/13 19:16:58 UTC
Table: 'Starting Block WiPT - Déglingos(755489392)#0' 6-max (real money) Seat #3 is the button
Seat 3: P1xel7 (1552)
Seat 6: EG_Goleador5 (1448)
*** ANTE/BLINDS ***
P1xel7 posts small blind 30
EG_Goleador5 posts big blind 60
Dealt to P1xel7 [Qs 7h]
*** PRE-FLOP *** 
P1xel7 folds
EG_Goleador5 collected 90 from pot
*** SUMMARY ***
Total pot 90 | No rake
Seat 6: EG_Goleador5 (big blind) won 90


Winamax Poker - Tournament "Starting Block WiPT - Déglingos" buyIn: 0€ + 0€ level: 4 - HandId: #3244802231114924033-10-1707851822 - Holdem no limit (30/60) - 2024/02/13 19:17:02 UTC
Table: 'Starting Block WiPT - Déglingos(755489392)#0' 6-max (real money) Seat #6 is the button
Seat 3: P1xel7 (1522)
Seat 6: EG_Goleador5 (1478)
*** ANTE/BLINDS ***
EG_Goleador5 posts small blind 30
P1xel7 posts big blind 60
Dealt to P1xel7 [7d Kd]
*** PRE-FLOP *** 
EG_Goleador5 raises 1418 to 1478 and is all-in
P1xel7 folds
EG_Goleador5 collected 1538 from pot
*** SUMMARY ***
Total pot 1538 | No rake
Seat 6: EG_Goleador5 (small blind) (button) won 1538


Winamax Poker - Tournament "Starting Block WiPT - Déglingos" buyIn: 0€ + 0€ level: 4 - HandId: #3244802231114924033-11-1707851829 - Holdem no limit (30/60) - 2024/02/13 19:17:09 UTC
Table: 'Starting Block WiPT - Déglingos(755489392)#0' 6-max (real money) Seat #3 is the button
Seat 3: P1xel7 (1462)
Seat 6: EG_Goleador5 (1538)
*** ANTE/BLINDS ***
P1xel7 posts small blind 30
EG_Goleador5 posts big blind 60
Dealt to P1xel7 [3h Ah]
*** PRE-FLOP *** 
P1xel7 raises 1402 to 1462 and is all-in
EG_Goleador5 folds
P1xel7 collected 1522 from pot
*** SUMMARY ***
Total pot 1522 | No rake
Seat 3: P1xel7 (small blind) (button) won 1522


Winamax Poker - Tournament "Starting Block WiPT - Déglingos" buyIn: 0€ + 0€ level: 4 - HandId: #3244802231114924033-12-1707851841 - Holdem no limit (30/60) - 2024/02/13 19:17:21 UTC
Table: 'Starting Block WiPT - Déglingos(755489392)#0' 6-max (real money) Seat #6 is the button
Seat 3: P1xel7 (1522)
Seat 6: EG_Goleador5 (1478)
*** ANTE/BLINDS ***
EG_Goleador5 posts small blind 30
P1xel7 posts big blind 60
Dealt to P1xel7 [8d Ac]
*** PRE-FLOP *** 
EG_Goleador5 calls 30
P1xel7 checks
*** FLOP *** [Ts 5h Js]
P1xel7 checks
EG_Goleador5 checks
*** TURN *** [Ts 5h Js][5d]
P1xel7 checks
EG_Goleador5 bets 120
P1xel7 calls 120
*** RIVER *** [Ts 5h Js 5d][9h]
P1xel7 checks
EG_Goleador5 checks
*** SHOW DOWN ***
EG_Goleador5 shows [3c 8c] (One pair : 5)
P1xel7 shows [8d Ac] (One pair : 5)
P1xel7 collected 360 from pot
*** SUMMARY ***
Total pot 360 | No rake
Board: [Ts 5h Js 5d 9h]
Seat 3: P1xel7 (big blind) showed [8d Ac] and won 360 with One pair : 5
Seat 6: EG_Goleador5 (small blind) (button) showed [3c 8c] and lost with One pair : 5


Winamax Poker - Tournament "Starting Block WiPT - Déglingos" buyIn: 0€ + 0€ level: 4 - HandId: #3244802231114924033-13-1707851858 - Holdem no limit (30/60) - 2024/02/13 19:17:38 UTC
Table: 'Starting Block WiPT - Déglingos(755489392)#0' 6-max (real money) Seat #3 is the button
Seat 3: P1xel7 (1702)
Seat 6: EG_Goleador5 (1298)
*** ANTE/BLINDS ***
P1xel7 posts small blind 30
EG_Goleador5 posts big blind 60
Dealt to P1xel7 [5s As]
*** PRE-FLOP *** 
P1xel7 raises 90 to 150
EG_Goleador5 folds
P1xel7 collected 210 from pot
*** SUMMARY ***
Total pot 210 | No rake
Seat 3: P1xel7 (small blind) (button) won 210


Winamax Poker - Tournament "Starting Block WiPT - Déglingos" buyIn: 0€ + 0€ level: 4 - HandId: #3244802231114924033-14-1707851865 - Holdem no limit (30/60) - 2024/02/13 19:17:45 UTC
Table: 'Starting Block WiPT - Déglingos(755489392)#0' 6-max (real money) Seat #6 is the button
Seat 3: P1xel7 (1762)
Seat 6: EG_Goleador5 (1238)
*** ANTE/BLINDS ***
EG_Goleador5 posts small blind 30
P1xel7 posts big blind 60
Dealt to P1xel7 [Qd 7d]
*** PRE-FLOP *** 
EG_Goleador5 raises 60 to 120
P1xel7 folds
EG_Goleador5 collected 180 from pot
*** SUMMARY ***
Total pot 180 | No rake
Seat 6: EG_Goleador5 (small blind) (button) won 180


Winamax Poker - Tournament "Starting Block WiPT - Déglingos" buyIn: 0€ + 0€ level: 4 - HandId: #3244802231114924033-15-1707851872 - Holdem no limit (30/60) - 2024/02/13 19:17:52 UTC
Table: 'Starting Block WiPT - Déglingos(755489392)#0' 6-max (real money) Seat #3 is the button
Seat 3: P1xel7 (1702)
Seat 6: EG_Goleador5 (1298)
*** ANTE/BLINDS ***
P1xel7 posts small blind 30
EG_Goleador5 posts big blind 60
Dealt to P1xel7 [Qs 3h]
*** PRE-FLOP *** 
P1xel7 folds
EG_Goleador5 collected 90 from pot
*** SUMMARY ***
Total pot 90 | No rake
Seat 6: EG_Goleador5 (big blind) won 90


Winamax Poker - Tournament "Starting Block WiPT - Déglingos" buyIn: 0€ + 0€ level: 5 - HandId: #3244802231114924033-16-1707851878 - Holdem no limit (40/80) - 2024/02/13 19:17:58 UTC
Table: 'Starting Block WiPT - Déglingos(755489392)#0' 6-max (real money) Seat #6 is the button
Seat 3: P1xel7 (1672)
Seat 6: EG_Goleador5 (1328)
*** ANTE/BLINDS ***
EG_Goleador5 posts small blind 40
P1xel7 posts big blind 80
Dealt to P1xel7 [9s 6d]
*** PRE-FLOP *** 
EG_Goleador5 raises 1248 to 1328 and is all-in
P1xel7 folds
EG_Goleador5 collected 1408 from pot
*** SUMMARY ***
Total pot 1408 | No rake
Seat 6: EG_Goleador5 (small blind) (button) won 1408


Winamax Poker - Tournament "Starting Block WiPT - Déglingos" buyIn: 0€ + 0€ level: 5 - HandId: #3244802231114924033-17-1707851887 - Holdem no limit (40/80) - 2024/02/13 19:18:07 UTC
Table: 'Starting Block WiPT - Déglingos(755489392)#0' 6-max (real money) Seat #3 is the button
Seat 3: P1xel7 (1592)
Seat 6: EG_Goleador5 (1408)
*** ANTE/BLINDS ***
P1xel7 posts small blind 40
EG_Goleador5 posts big blind 80
Dealt to P1xel7 [4c 4d]
*** PRE-FLOP *** 
P1xel7 raises 1512 to 1592 and is all-in
EG_Goleador5 calls 1328 and is all-in
*** FLOP *** [Kh 5d 8h]
*** TURN *** [Kh 5d 8h][4s]
*** RIVER *** [Kh 5d 8h 4s][7s]
*** SHOW DOWN ***
EG_Goleador5 shows [Ad 9h] (High card : Ace)
P1xel7 shows [4c 4d] (Trips of 4)
P1xel7 collected 3000 from pot
*** SUMMARY ***
Total pot 3000 | No rake
Board: [Kh 5d 8h 4s 7s]
Seat 3: P1xel7 (small blind) (button) showed [4c 4d] and won 3000 with Trips of 4
Seat 6: EG_Goleador5 (big blind) showed [Ad 9h] and lost with High card : Ace


