Winamax Poker - Tournament "Kill The Fish" buyIn: 0.22€ + 0.03€ level: 2 - HandId: #3216086586580009015-16-1708974294 - Holdem no limit (30/125/250) - 2024/02/26 19:04:54 UTC
Table: 'Kill The Fish(748803510)#054' 6-max (real money) Seat #5 is the button
Seat 1: Jip-Jip (61815, 0.16€ bounty)
Seat 2: lo2204 (31055, 0.11€ bounty)
Seat 3: P1xel7 (20000, 0.11€ bounty)
Seat 4: Eldef29 (14821, 0.16€ bounty)
Seat 5: Zmogui52 (101987, 0.34€ bounty)
Seat 6: notorious370 (4325, 0.11€ bounty)
*** ANTE/BLINDS ***
notorious370 posts ante 30
Jip-Jip posts ante 30
lo2204 posts ante 30
P1xel7 posts ante 30
Eldef29 posts ante 30
Zmogui52 posts ante 30
notorious370 posts small blind 125
Jip-Jip posts big blind 250
Dealt to P1xel7 [Ah Qc]
*** PRE-FLOP *** 
lo2204 folds
P1xel7 raises 500 to 750
Eldef29 folds
Zmogui52 folds
notorious370 calls 625
Jip-Jip calls 500
*** FLOP *** [Ts 4h Kc]
notorious370 checks
Jip-Jip checks
P1xel7 bets 875
notorious370 calls 875
Jip-Jip calls 875
*** TURN *** [Ts 4h Kc][Tc]
notorious370 checks
Jip-Jip checks
P1xel7 checks
*** RIVER *** [Ts 4h Kc Tc][6d]
notorious370 bets 2670 and is all-in
Jip-Jip raises 57490 to 60160 and is all-in
P1xel7 folds
*** SHOW DOWN ***
Jip-Jip shows [Kh 9c] (Two pairs : Kings and Tens)
notorious370 shows [2h Th] (Trips of Tens)
notorious370 collected 10395 from main pot
Jip-Jip collected 57490 from side pot 1
*** SUMMARY ***
Total pot 67885 | No rake
Board: [Ts 4h Kc Tc 6d]
Seat 1: Jip-Jip (big blind) showed [Kh 9c] and won 57490 with Two pairs : Kings and Tens
Seat 6: notorious370 (small blind) showed [2h Th] and won 10395 with Trips of Tens


Winamax Poker - Tournament "Kill The Fish" buyIn: 0.22€ + 0.03€ level: 2 - HandId: #3216086586580009015-17-1708974356 - Holdem no limit (30/125/250) - 2024/02/26 19:05:56 UTC
Table: 'Kill The Fish(748803510)#054' 6-max (real money) Seat #6 is the button
Seat 1: Jip-Jip (57490, 0.16€ bounty)
Seat 2: lo2204 (31025, 0.11€ bounty)
Seat 3: P1xel7 (18345, 0.11€ bounty)
Seat 4: Eldef29 (14791, 0.16€ bounty)
Seat 5: Zmogui52 (101957, 0.34€ bounty)
Seat 6: notorious370 (10395, 0.11€ bounty)
*** ANTE/BLINDS ***
Jip-Jip posts ante 30
lo2204 posts ante 30
P1xel7 posts ante 30
Eldef29 posts ante 30
Zmogui52 posts ante 30
notorious370 posts ante 30
Jip-Jip posts small blind 125
lo2204 posts big blind 250
Dealt to P1xel7 [Kh As]
*** PRE-FLOP *** 
P1xel7 raises 500 to 750
Eldef29 folds
Zmogui52 calls 750
notorious370 folds
Jip-Jip calls 625
lo2204 folds
*** FLOP *** [2s 4d Qh]
Jip-Jip checks
P1xel7 bets 1250
Zmogui52 folds
Jip-Jip folds
P1xel7 collected 3930 from pot
*** SUMMARY ***
Total pot 3930 | No rake
Board: [2s 4d Qh]
Seat 3: P1xel7 won 3930


Winamax Poker - Tournament "Kill The Fish" buyIn: 0.22€ + 0.03€ level: 3 - HandId: #3216086586580009015-18-1708974401 - Holdem no limit (35/150/300) - 2024/02/26 19:06:41 UTC
Table: 'Kill The Fish(748803510)#054' 6-max (real money) Seat #1 is the button
Seat 1: Jip-Jip (56710, 0.16€ bounty)
Seat 2: lo2204 (30745, 0.11€ bounty)
Seat 3: P1xel7 (20245, 0.11€ bounty)
Seat 4: Eldef29 (14761, 0.16€ bounty)
Seat 5: Zmogui52 (101177, 0.34€ bounty)
Seat 6: notorious370 (10365, 0.11€ bounty)
*** ANTE/BLINDS ***
lo2204 posts ante 35
P1xel7 posts ante 35
Jip-Jip posts ante 35
Eldef29 posts ante 35
Zmogui52 posts ante 35
notorious370 posts ante 35
lo2204 posts small blind 150
P1xel7 posts big blind 300
Dealt to P1xel7 [9s Jc]
*** PRE-FLOP *** 
Eldef29 raises 14426 to 14726 and is all-in
Zmogui52 folds
notorious370 folds
Jip-Jip folds
lo2204 folds
P1xel7 folds
Eldef29 collected 15386 from pot
*** SUMMARY ***
Total pot 15386 | No rake
Seat 4: Eldef29 won 15386


Winamax Poker - Tournament "Kill The Fish" buyIn: 0.22€ + 0.03€ level: 3 - HandId: #3216086586580009015-19-1708974424 - Holdem no limit (35/150/300) - 2024/02/26 19:07:04 UTC
Table: 'Kill The Fish(748803510)#054' 6-max (real money) Seat #2 is the button
Seat 1: Jip-Jip (56675, 0.16€ bounty)
Seat 2: lo2204 (30560, 0.11€ bounty)
Seat 3: P1xel7 (19910, 0.11€ bounty)
Seat 4: Eldef29 (15386, 0.16€ bounty)
Seat 5: Zmogui52 (101142, 0.34€ bounty)
Seat 6: notorious370 (10330, 0.11€ bounty)
*** ANTE/BLINDS ***
P1xel7 posts ante 35
Eldef29 posts ante 35
Jip-Jip posts ante 35
lo2204 posts ante 35
Zmogui52 posts ante 35
notorious370 posts ante 35
P1xel7 posts small blind 150
Eldef29 posts big blind 300
Dealt to P1xel7 [Qs 2c]
*** PRE-FLOP *** 
Zmogui52 folds
notorious370 folds
Jip-Jip calls 300
lo2204 folds
P1xel7 folds
Eldef29 checks
*** FLOP *** [5s Jh Kd]
Eldef29 checks
Jip-Jip bets 960
Eldef29 folds
Jip-Jip collected 1920 from pot
*** SUMMARY ***
Total pot 1920 | No rake
Board: [5s Jh Kd]
Seat 1: Jip-Jip won 1920


Winamax Poker - Tournament "Kill The Fish" buyIn: 0.22€ + 0.03€ level: 3 - HandId: #3216086586580009015-20-1708974461 - Holdem no limit (35/150/300) - 2024/02/26 19:07:41 UTC
Table: 'Kill The Fish(748803510)#054' 6-max (real money) Seat #3 is the button
Seat 1: Jip-Jip (57300, 0.16€ bounty)
Seat 2: lo2204 (30525, 0.11€ bounty)
Seat 3: P1xel7 (19725, 0.11€ bounty)
Seat 4: Eldef29 (15051, 0.16€ bounty)
Seat 5: Zmogui52 (101107, 0.34€ bounty)
Seat 6: notorious370 (10295, 0.11€ bounty)
*** ANTE/BLINDS ***
Eldef29 posts ante 35
Zmogui52 posts ante 35
Jip-Jip posts ante 35
lo2204 posts ante 35
P1xel7 posts ante 35
notorious370 posts ante 35
Eldef29 posts small blind 150
Zmogui52 posts big blind 300
Dealt to P1xel7 [Kc 5s]
*** PRE-FLOP *** 
notorious370 calls 300
Jip-Jip raises 1260 to 1560
lo2204 folds
P1xel7 folds
Eldef29 folds
Zmogui52 calls 1260
notorious370 folds
*** FLOP *** [Qd Ks 9d]
Zmogui52 checks
Jip-Jip checks
*** TURN *** [Qd Ks 9d][2d]
Zmogui52 checks
Jip-Jip checks
*** RIVER *** [Qd Ks 9d 2d][3d]
Zmogui52 bets 3780
Jip-Jip folds
Zmogui52 collected 7560 from pot
*** SUMMARY ***
Total pot 7560 | No rake
Board: [Qd Ks 9d 2d 3d]
Seat 5: Zmogui52 (big blind) won 7560


Winamax Poker - Tournament "Kill The Fish" buyIn: 0.22€ + 0.03€ level: 3 - HandId: #3216086586580009015-21-1708974531 - Holdem no limit (35/150/300) - 2024/02/26 19:08:51 UTC
Table: 'Kill The Fish(748803510)#054' 6-max (real money) Seat #4 is the button
Seat 1: Jip-Jip (55705, 0.16€ bounty)
Seat 2: lo2204 (30490, 0.11€ bounty)
Seat 3: P1xel7 (19690, 0.11€ bounty)
Seat 4: Eldef29 (14866, 0.16€ bounty)
Seat 5: Zmogui52 (103292, 0.34€ bounty)
Seat 6: notorious370 (9960, 0.11€ bounty)
*** ANTE/BLINDS ***
Zmogui52 posts ante 35
notorious370 posts ante 35
Jip-Jip posts ante 35
lo2204 posts ante 35
P1xel7 posts ante 35
Eldef29 posts ante 35
Zmogui52 posts small blind 150
notorious370 posts big blind 300
Dealt to P1xel7 [9h Kd]
*** PRE-FLOP *** 
Jip-Jip calls 300
lo2204 folds
P1xel7 folds
Eldef29 folds
Zmogui52 folds
notorious370 checks
*** FLOP *** [2c 9d 3c]
notorious370 checks
Jip-Jip checks
*** TURN *** [2c 9d 3c][3h]
notorious370 checks
Jip-Jip checks
*** RIVER *** [2c 9d 3c 3h][Jh]
notorious370 checks
Jip-Jip bets 960
notorious370 folds
Jip-Jip collected 1920 from pot
*** SUMMARY ***
Total pot 1920 | No rake
Board: [2c 9d 3c 3h Jh]
Seat 1: Jip-Jip won 1920


Winamax Poker - Tournament "Kill The Fish" buyIn: 0.22€ + 0.03€ level: 3 - HandId: #3216086586580009015-22-1708974605 - Holdem no limit (35/150/300) - 2024/02/26 19:10:05 UTC
Table: 'Kill The Fish(748803510)#054' 6-max (real money) Seat #5 is the button
Seat 1: Jip-Jip (56330, 0.16€ bounty)
Seat 2: lo2204 (30455, 0.11€ bounty)
Seat 3: P1xel7 (19655, 0.11€ bounty)
Seat 4: Eldef29 (14831, 0.16€ bounty)
Seat 5: Zmogui52 (103107, 0.34€ bounty)
Seat 6: notorious370 (9625, 0.11€ bounty)
*** ANTE/BLINDS ***
notorious370 posts ante 35
Jip-Jip posts ante 35
lo2204 posts ante 35
P1xel7 posts ante 35
Eldef29 posts ante 35
Zmogui52 posts ante 35
notorious370 posts small blind 150
Jip-Jip posts big blind 300
Dealt to P1xel7 [7s 7h]
*** PRE-FLOP *** 
lo2204 folds
P1xel7 raises 600 to 900
Eldef29 folds
Zmogui52 calls 900
notorious370 folds
Jip-Jip calls 600
*** FLOP *** [4h 2s Ks]
Jip-Jip checks
P1xel7 bets 1350
Zmogui52 folds
Jip-Jip calls 1350
*** TURN *** [4h 2s Ks][7c]
Jip-Jip checks
P1xel7 bets 1440
Jip-Jip calls 1440
*** RIVER *** [4h 2s Ks 7c][Ah]
Jip-Jip checks
P1xel7 bets 4320
Jip-Jip raises 48285 to 52605 and is all-in
P1xel7 calls 11610 and is all-in
*** SHOW DOWN ***
Jip-Jip shows [9s Ac] (One pair : Aces)
P1xel7 shows [7s 7h] (Trips of 7)
P1xel7 collected 40500 from main pot
Jip-Jip collected 36675 from side pot 1
*** SUMMARY ***
Total pot 77175 | No rake
Board: [4h 2s Ks 7c Ah]
Seat 1: Jip-Jip (big blind) showed [9s Ac] and won 36675 with One pair : Aces
Seat 3: P1xel7 showed [7s 7h] and won 40500 with Trips of 7


Winamax Poker - Tournament "Kill The Fish" buyIn: 0.22€ + 0.03€ level: 4 - HandId: #3216086586580009015-23-1708974713 - Holdem no limit (40/175/350) - 2024/02/26 19:11:53 UTC
Table: 'Kill The Fish(748803510)#054' 6-max (real money) Seat #6 is the button
Seat 1: Jip-Jip (36675, 0.16€ bounty)
Seat 2: lo2204 (30420, 0.11€ bounty)
Seat 3: P1xel7 (40500, 0.11€ bounty)
Seat 4: Eldef29 (14796, 0.16€ bounty)
Seat 5: Zmogui52 (102172, 0.34€ bounty)
Seat 6: notorious370 (9440, 0.11€ bounty)
*** ANTE/BLINDS ***
Jip-Jip posts ante 40
lo2204 posts ante 40
P1xel7 posts ante 40
Eldef29 posts ante 40
Zmogui52 posts ante 40
notorious370 posts ante 40
Jip-Jip posts small blind 175
lo2204 posts big blind 350
Dealt to P1xel7 [5c Kc]
*** PRE-FLOP *** 
P1xel7 folds
Eldef29 calls 350
Zmogui52 folds
notorious370 calls 350
Jip-Jip raises 36285 to 36635 and is all-in
lo2204 folds
Eldef29 folds
notorious370 calls 9050 and is all-in
*** FLOP *** [3c 5s 8h]
*** TURN *** [3c 5s 8h][2s]
*** RIVER *** [3c 5s 8h 2s][6s]
*** SHOW DOWN ***
notorious370 shows [Kh Tc] (High card : King)
Jip-Jip shows [Jc Jd] (One pair : Jacks)
Jip-Jip collected 46975 from pot
*** SUMMARY ***
Total pot 46975 | No rake
Board: [3c 5s 8h 2s 6s]
Seat 1: Jip-Jip (small blind) showed [Jc Jd] and won 46975 with One pair : Jacks
Seat 6: notorious370 (button) showed [Kh Tc] and lost with High card : King


Winamax Poker - Tournament "Kill The Fish" buyIn: 0.22€ + 0.03€ level: 4 - HandId: #3216086586580009015-24-1708974736 - Holdem no limit (40/175/350) - 2024/02/26 19:12:16 UTC
Table: 'Kill The Fish(748803510)#054' 6-max (real money) Seat #1 is the button
Seat 1: Jip-Jip (46975, 0.21€ bounty)
Seat 2: lo2204 (30030, 0.11€ bounty)
Seat 3: P1xel7 (40460, 0.11€ bounty)
Seat 4: Eldef29 (14406, 0.16€ bounty)
Seat 5: Zmogui52 (102132, 0.34€ bounty)
*** ANTE/BLINDS ***
lo2204 posts ante 40
P1xel7 posts ante 40
Jip-Jip posts ante 40
Eldef29 posts ante 40
Zmogui52 posts ante 40
lo2204 posts small blind 175
P1xel7 posts big blind 350
Dealt to P1xel7 [5c 3d]
*** PRE-FLOP *** 
Eldef29 calls 350
Zmogui52 folds
Jip-Jip raises 46585 to 46935 and is all-in
lo2204 folds
P1xel7 folds
Eldef29 folds
Jip-Jip collected 48010 from pot
*** SUMMARY ***
Total pot 48010 | No rake
Seat 1: Jip-Jip (button) won 48010


Winamax Poker - Tournament "Kill The Fish" buyIn: 0.22€ + 0.03€ level: 4 - HandId: #3216086586580009015-25-1708974759 - Holdem no limit (40/175/350) - 2024/02/26 19:12:39 UTC
Table: 'Kill The Fish(748803510)#054' 6-max (real money) Seat #2 is the button
Seat 1: Jip-Jip (48010, 0.21€ bounty)
Seat 2: lo2204 (29815, 0.11€ bounty)
Seat 3: P1xel7 (40070, 0.11€ bounty)
Seat 4: Eldef29 (14016, 0.16€ bounty)
Seat 5: Zmogui52 (102092, 0.34€ bounty)
*** ANTE/BLINDS ***
P1xel7 posts ante 40
Eldef29 posts ante 40
Jip-Jip posts ante 40
lo2204 posts ante 40
Zmogui52 posts ante 40
P1xel7 posts small blind 175
Eldef29 posts big blind 350
Dealt to P1xel7 [Kd Jc]
*** PRE-FLOP *** 
Zmogui52 folds
Jip-Jip calls 350
lo2204 folds
P1xel7 raises 1225 to 1575
Eldef29 folds
Jip-Jip folds
P1xel7 collected 2475 from pot
*** SUMMARY ***
Total pot 2475 | No rake
Seat 3: P1xel7 (small blind) won 2475


Winamax Poker - Tournament "Kill The Fish" buyIn: 0.22€ + 0.03€ level: 4 - HandId: #3216086586580009015-26-1708974791 - Holdem no limit (40/175/350) - 2024/02/26 19:13:11 UTC
Table: 'Kill The Fish(748803510)#054' 6-max (real money) Seat #3 is the button
Seat 1: Jip-Jip (47620, 0.21€ bounty)
Seat 2: lo2204 (29775, 0.11€ bounty)
Seat 3: P1xel7 (40930, 0.11€ bounty)
Seat 4: Eldef29 (13626, 0.16€ bounty)
Seat 5: Zmogui52 (102052, 0.34€ bounty)
*** ANTE/BLINDS ***
Eldef29 posts ante 40
Zmogui52 posts ante 40
Jip-Jip posts ante 40
lo2204 posts ante 40
P1xel7 posts ante 40
Eldef29 posts small blind 175
Zmogui52 posts big blind 350
Dealt to P1xel7 [2d 8c]
*** PRE-FLOP *** 
Jip-Jip calls 350
lo2204 folds
P1xel7 folds
Eldef29 folds
Zmogui52 raises 350 to 700
Jip-Jip calls 350
*** FLOP *** [3d 5s Jh]
Zmogui52 checks
Jip-Jip checks
*** TURN *** [3d 5s Jh][5c]
Zmogui52 checks
Jip-Jip checks
*** RIVER *** [3d 5s Jh 5c][Ad]
Zmogui52 bets 1775
Jip-Jip folds
Zmogui52 collected 3550 from pot
*** SUMMARY ***
Total pot 3550 | No rake
Board: [3d 5s Jh 5c Ad]
Seat 5: Zmogui52 (big blind) won 3550


Winamax Poker - Tournament "Kill The Fish" buyIn: 0.22€ + 0.03€ level: 4 - HandId: #3216086586580009015-27-1708974840 - Holdem no limit (40/175/350) - 2024/02/26 19:14:00 UTC
Table: 'Kill The Fish(748803510)#054' 6-max (real money) Seat #4 is the button
Seat 1: Jip-Jip (46880, 0.21€ bounty)
Seat 2: lo2204 (29735, 0.11€ bounty)
Seat 3: P1xel7 (40890, 0.11€ bounty)
Seat 4: Eldef29 (13411, 0.16€ bounty)
Seat 5: Zmogui52 (103087, 0.34€ bounty)
Seat 6: Don-Dorgan16 (20000, 0.11€ bounty)
*** ANTE/BLINDS ***
Zmogui52 posts ante 40
Don-Dorgan16 posts ante 40
Jip-Jip posts ante 40
lo2204 posts ante 40
P1xel7 posts ante 40
Eldef29 posts ante 40
Zmogui52 posts small blind 175
Don-Dorgan16 posts big blind 350
Dealt to P1xel7 [6d 7c]
*** PRE-FLOP *** 
Jip-Jip calls 350
lo2204 folds
P1xel7 folds
Eldef29 raises 13021 to 13371 and is all-in
Zmogui52 calls 13196
Don-Dorgan16 folds
Jip-Jip calls 13021
*** FLOP *** [Ks Kh Th]
Zmogui52 checks
Jip-Jip bets 33469 and is all-in
Zmogui52 folds
*** TURN *** [Ks Kh Th][9s]
*** RIVER *** [Ks Kh Th 9s][Kc]
*** SHOW DOWN ***
Jip-Jip shows [Jh 2h] (Trips of Kings)
Eldef29 shows [Qs Qd] (Full of Kings and Queens)
Eldef29 collected 40703 from main pot
Jip-Jip collected 33469 from side pot 1
*** SUMMARY ***
Total pot 74172 | No rake
Board: [Ks Kh Th 9s Kc]
Seat 1: Jip-Jip showed [Jh 2h] and won 33469 with Trips of Kings
Seat 4: Eldef29 (button) showed [Qs Qd] and won 40703 with Full of Kings and Queens


Winamax Poker - Tournament "Kill The Fish" buyIn: 0.22€ + 0.03€ level: 4 - HandId: #3216086586580009015-28-1708974907 - Holdem no limit (40/175/350) - 2024/02/26 19:15:07 UTC
Table: 'Kill The Fish(748803510)#054' 6-max (real money) Seat #5 is the button
Seat 1: Jip-Jip (33469, 0.21€ bounty)
Seat 2: lo2204 (29695, 0.11€ bounty)
Seat 3: P1xel7 (40850, 0.11€ bounty)
Seat 4: Eldef29 (40703, 0.16€ bounty)
Seat 5: Zmogui52 (89676, 0.34€ bounty)
Seat 6: Don-Dorgan16 (19610, 0.11€ bounty)
*** ANTE/BLINDS ***
Don-Dorgan16 posts ante 40
Jip-Jip posts ante 40
lo2204 posts ante 40
P1xel7 posts ante 40
Eldef29 posts ante 40
Zmogui52 posts ante 40
Don-Dorgan16 posts small blind 175
Jip-Jip posts big blind 350
Dealt to P1xel7 [4h Ad]
*** PRE-FLOP *** 
lo2204 folds
P1xel7 folds
Eldef29 folds
Zmogui52 folds
Don-Dorgan16 raises 350 to 700
Jip-Jip raises 32729 to 33429 and is all-in
Don-Dorgan16 calls 18870 and is all-in
*** FLOP *** [9c Jh 8s]
*** TURN *** [9c Jh 8s][Th]
*** RIVER *** [9c Jh 8s Th][Js]
*** SHOW DOWN ***
Don-Dorgan16 shows [Ah 9d] (Two pairs : Jacks and 9)
Jip-Jip shows [Kh Kc] (Two pairs : Kings and Jacks)
Jip-Jip collected 53239 from pot
*** SUMMARY ***
Total pot 53239 | No rake
Board: [9c Jh 8s Th Js]
Seat 1: Jip-Jip (big blind) showed [Kh Kc] and won 53239 with Two pairs : Kings and Jacks
Seat 6: Don-Dorgan16 (small blind) showed [Ah 9d] and lost with Two pairs : Jacks and 9


Winamax Poker - Tournament "Kill The Fish" buyIn: 0.22€ + 0.03€ level: 4 - HandId: #3216086586580009015-29-1708974936 - Holdem no limit (40/175/350) - 2024/02/26 19:15:36 UTC
Table: 'Kill The Fish(748803510)#054' 6-max (real money) Seat #6 is the button
Seat 1: Jip-Jip (53239, 0.26€ bounty)
Seat 2: lo2204 (29655, 0.11€ bounty)
Seat 3: P1xel7 (40810, 0.11€ bounty)
Seat 4: Eldef29 (40663, 0.16€ bounty)
Seat 5: Zmogui52 (89636, 0.34€ bounty)
*** ANTE/BLINDS ***
Jip-Jip posts ante 40
lo2204 posts ante 40
P1xel7 posts ante 40
Eldef29 posts ante 40
Zmogui52 posts ante 40
Jip-Jip posts small blind 175
lo2204 posts big blind 350
Dealt to P1xel7 [Ks Js]
*** PRE-FLOP *** 
P1xel7 raises 700 to 1050
Eldef29 folds
Zmogui52 folds
Jip-Jip calls 875
lo2204 folds
*** FLOP *** [8c 4c Ah]
Jip-Jip checks
P1xel7 bets 700
Jip-Jip calls 700
*** TURN *** [8c 4c Ah][Th]
Jip-Jip checks
P1xel7 bets 2633
Jip-Jip calls 2633
*** RIVER *** [8c 4c Ah Th][Jh]
Jip-Jip checks
P1xel7 checks
*** SHOW DOWN ***
Jip-Jip shows [Qc 2c] (High card : Ace)
P1xel7 shows [Ks Js] (One pair : Jacks)
P1xel7 collected 9316 from pot
*** SUMMARY ***
Total pot 9316 | No rake
Board: [8c 4c Ah Th Jh]
Seat 1: Jip-Jip (small blind) showed [Qc 2c] and lost with High card : Ace
Seat 3: P1xel7 showed [Ks Js] and won 9316 with One pair : Jacks


Winamax Poker - Tournament "Kill The Fish" buyIn: 0.22€ + 0.03€ level: 5 - HandId: #3216086586580009015-30-1708974982 - Holdem no limit (50/200/400) - 2024/02/26 19:16:22 UTC
Table: 'Kill The Fish(748803510)#054' 6-max (real money) Seat #1 is the button
Seat 1: Jip-Jip (48816, 0.26€ bounty)
Seat 2: lo2204 (29265, 0.11€ bounty)
Seat 3: P1xel7 (45703, 0.11€ bounty)
Seat 4: Eldef29 (40623, 0.16€ bounty)
Seat 5: Zmogui52 (89596, 0.34€ bounty)
*** ANTE/BLINDS ***
lo2204 posts ante 50
P1xel7 posts ante 50
Jip-Jip posts ante 50
Eldef29 posts ante 50
Zmogui52 posts ante 50
lo2204 posts small blind 200
P1xel7 posts big blind 400
Dealt to P1xel7 [9h Qs]
*** PRE-FLOP *** 
Eldef29 calls 400
Zmogui52 folds
Jip-Jip calls 400
lo2204 calls 200
P1xel7 checks
*** FLOP *** [9d Qc 4c]
lo2204 checks
P1xel7 checks
Eldef29 checks
Jip-Jip bets 400
lo2204 folds
P1xel7 calls 400
Eldef29 calls 400
*** TURN *** [9d Qc 4c][5c]
P1xel7 checks
Eldef29 checks
Jip-Jip bets 1068
P1xel7 calls 1068
Eldef29 folds
*** RIVER *** [9d Qc 4c 5c][Kc]
P1xel7 checks
Jip-Jip bets 5186
P1xel7 folds
Jip-Jip collected 10372 from pot
*** SUMMARY ***
Total pot 10372 | No rake
Board: [9d Qc 4c 5c Kc]
Seat 1: Jip-Jip (button) won 10372


Winamax Poker - Tournament "Kill The Fish" buyIn: 0.22€ + 0.03€ level: 5 - HandId: #3216086586580009015-31-1708975062 - Holdem no limit (50/200/400) - 2024/02/26 19:17:42 UTC
Table: 'Kill The Fish(748803510)#054' 6-max (real money) Seat #2 is the button
Seat 1: Jip-Jip (52084, 0.26€ bounty)
Seat 2: lo2204 (28815, 0.11€ bounty)
Seat 3: P1xel7 (43785, 0.11€ bounty)
Seat 4: Eldef29 (39773, 0.16€ bounty)
Seat 5: Zmogui52 (89546, 0.34€ bounty)
Seat 6: Silent-hill (20000, 0.11€ bounty)
*** ANTE/BLINDS ***
P1xel7 posts ante 50
Eldef29 posts ante 50
Jip-Jip posts ante 50
lo2204 posts ante 50
Zmogui52 posts ante 50
Silent-hill posts ante 50
P1xel7 posts small blind 200
Eldef29 posts big blind 400
Dealt to P1xel7 [9d 2s]
*** PRE-FLOP *** 
Zmogui52 raises 400 to 800
Silent-hill calls 800
Jip-Jip raises 51234 to 52034 and is all-in
lo2204 folds
P1xel7 folds
Eldef29 folds
Zmogui52 calls 51234
Silent-hill folds
*** FLOP *** [9s 5c 3d]
*** TURN *** [9s 5c 3d][4d]
*** RIVER *** [9s 5c 3d 4d][9h]
*** SHOW DOWN ***
Zmogui52 shows [Qd As] (One pair : 9)
Jip-Jip shows [Ah Kh] (One pair : 9)
Jip-Jip collected 105768 from pot
*** SUMMARY ***
Total pot 105768 | No rake
Board: [9s 5c 3d 4d 9h]
Seat 1: Jip-Jip showed [Ah Kh] and won 105768 with One pair : 9
Seat 5: Zmogui52 showed [Qd As] and lost with One pair : 9


Winamax Poker - Tournament "Kill The Fish" buyIn: 0.22€ + 0.03€ level: 5 - HandId: #3216086586580009015-32-1708975103 - Holdem no limit (50/200/400) - 2024/02/26 19:18:23 UTC
Table: 'Kill The Fish(748803510)#054' 6-max (real money) Seat #3 is the button
Seat 1: Jip-Jip (105768, 0.26€ bounty)
Seat 2: lo2204 (28765, 0.11€ bounty)
Seat 3: P1xel7 (43535, 0.11€ bounty)
Seat 4: Eldef29 (39323, 0.16€ bounty)
Seat 5: Zmogui52 (37462, 0.34€ bounty)
Seat 6: Silent-hill (19150, 0.11€ bounty)
*** ANTE/BLINDS ***
Eldef29 posts ante 50
Zmogui52 posts ante 50
Jip-Jip posts ante 50
lo2204 posts ante 50
P1xel7 posts ante 50
Silent-hill posts ante 50
Eldef29 posts small blind 200
Zmogui52 posts big blind 400
Dealt to P1xel7 [Th 6d]
*** PRE-FLOP *** 
Silent-hill calls 400
Jip-Jip calls 400
lo2204 folds
P1xel7 folds
Eldef29 calls 200
Zmogui52 checks
*** FLOP *** [9h Td 5h]
Eldef29 checks
Zmogui52 checks
Silent-hill bets 18700 and is all-in
Jip-Jip folds
Eldef29 folds
Zmogui52 folds
Silent-hill collected 20600 from pot
*** SUMMARY ***
Total pot 20600 | No rake
Board: [9h Td 5h]
Seat 6: Silent-hill won 20600


Winamax Poker - Tournament "Kill The Fish" buyIn: 0.22€ + 0.03€ level: 5 - HandId: #3216086586580009015-33-1708975187 - Holdem no limit (50/200/400) - 2024/02/26 19:19:47 UTC
Table: 'Kill The Fish(748803510)#054' 6-max (real money) Seat #4 is the button
Seat 1: Jip-Jip (105318, 0.26€ bounty)
Seat 2: lo2204 (28715, 0.11€ bounty)
Seat 3: P1xel7 (43485, 0.11€ bounty)
Seat 4: Eldef29 (38873, 0.16€ bounty)
Seat 5: Zmogui52 (37012, 0.34€ bounty)
Seat 6: Silent-hill (20600, 0.11€ bounty)
*** ANTE/BLINDS ***
Zmogui52 posts ante 50
Silent-hill posts ante 50
Jip-Jip posts ante 50
lo2204 posts ante 50
P1xel7 posts ante 50
Eldef29 posts ante 50
Zmogui52 posts small blind 200
Silent-hill posts big blind 400
Dealt to P1xel7 [7c Qc]
*** PRE-FLOP *** 
Jip-Jip calls 400
lo2204 folds
P1xel7 folds
Eldef29 folds
Zmogui52 raises 400 to 800
Silent-hill calls 400
Jip-Jip calls 400
*** FLOP *** [7h 4h 9d]
Zmogui52 bets 1200
Silent-hill calls 1200
Jip-Jip calls 1200
*** TURN *** [7h 4h 9d][Kd]
Zmogui52 checks
Silent-hill bets 400
Jip-Jip folds
Zmogui52 raises 2000 to 2400
Silent-hill calls 2000
*** RIVER *** [7h 4h 9d Kd][3s]
Zmogui52 checks
Silent-hill bets 16150 and is all-in
Zmogui52 folds
Silent-hill collected 27250 from pot
*** SUMMARY ***
Total pot 27250 | No rake
Board: [7h 4h 9d Kd 3s]
Seat 6: Silent-hill (big blind) won 27250


Winamax Poker - Tournament "Kill The Fish" buyIn: 0.22€ + 0.03€ level: 6 - HandId: #3216086586580009015-34-1708975335 - Holdem no limit (60/250/500) - 2024/02/26 19:22:15 UTC
Table: 'Kill The Fish(748803510)#054' 6-max (real money) Seat #5 is the button
Seat 1: Jip-Jip (103268, 0.26€ bounty)
Seat 3: P1xel7 (43435, 0.11€ bounty)
Seat 4: Eldef29 (38823, 0.16€ bounty)
Seat 5: Zmogui52 (32562, 0.34€ bounty)
Seat 6: Silent-hill (27250, 0.11€ bounty)
*** ANTE/BLINDS ***
Silent-hill posts ante 60
Jip-Jip posts ante 60
P1xel7 posts ante 60
Eldef29 posts ante 60
Zmogui52 posts ante 60
Silent-hill posts small blind 250
Jip-Jip posts big blind 500
Dealt to P1xel7 [2c Qd]
*** PRE-FLOP *** 
P1xel7 folds
Eldef29 folds
Zmogui52 folds
Silent-hill calls 250
Jip-Jip checks
*** FLOP *** [6h Qc Th]
Silent-hill bets 500
Jip-Jip folds
Silent-hill collected 1800 from pot
*** SUMMARY ***
Total pot 1800 | No rake
Board: [6h Qc Th]
Seat 6: Silent-hill (small blind) won 1800


Winamax Poker - Tournament "Kill The Fish" buyIn: 0.22€ + 0.03€ level: 6 - HandId: #3216086586580009015-35-1708975401 - Holdem no limit (60/250/500) - 2024/02/26 19:23:21 UTC
Table: 'Kill The Fish(748803510)#054' 6-max (real money) Seat #6 is the button
Seat 1: Jip-Jip (102708, 0.26€ bounty)
Seat 3: P1xel7 (43375, 0.11€ bounty)
Seat 4: Eldef29 (38763, 0.16€ bounty)
Seat 5: Zmogui52 (32502, 0.34€ bounty)
Seat 6: Silent-hill (27990, 0.11€ bounty)
*** ANTE/BLINDS ***
Jip-Jip posts ante 60
P1xel7 posts ante 60
Eldef29 posts ante 60
Zmogui52 posts ante 60
Silent-hill posts ante 60
Jip-Jip posts small blind 250
P1xel7 posts big blind 500
Dealt to P1xel7 [4d Js]
*** PRE-FLOP *** 
Eldef29 raises 38203 to 38703 and is all-in
Zmogui52 folds
Silent-hill folds
Jip-Jip folds
P1xel7 folds
Eldef29 collected 39753 from pot
*** SUMMARY ***
Total pot 39753 | No rake
Seat 4: Eldef29 won 39753


Winamax Poker - Tournament "Kill The Fish" buyIn: 0.22€ + 0.03€ level: 6 - HandId: #3216086586580009015-36-1708975441 - Holdem no limit (60/250/500) - 2024/02/26 19:24:01 UTC
Table: 'Kill The Fish(748803510)#054' 6-max (real money) Seat #1 is the button
Seat 1: Jip-Jip (102398, 0.26€ bounty)
Seat 3: P1xel7 (42815, 0.11€ bounty)
Seat 4: Eldef29 (39753, 0.16€ bounty)
Seat 5: Zmogui52 (32442, 0.34€ bounty)
Seat 6: Silent-hill (27930, 0.11€ bounty)
*** ANTE/BLINDS ***
P1xel7 posts ante 60
Eldef29 posts ante 60
Jip-Jip posts ante 60
Zmogui52 posts ante 60
Silent-hill posts ante 60
P1xel7 posts small blind 250
Eldef29 posts big blind 500
Dealt to P1xel7 [Ah 3h]
*** PRE-FLOP *** 
Zmogui52 folds
Silent-hill raises 27370 to 27870 and is all-in
Jip-Jip folds
P1xel7 folds
Eldef29 calls 27370
*** FLOP *** [7s 9s 2h]
*** TURN *** [7s 9s 2h][3d]
*** RIVER *** [7s 9s 2h 3d][As]
*** SHOW DOWN ***
Eldef29 shows [Kh Jd] (High card : Ace)
Silent-hill shows [Ad Tc] (One pair : Aces)
Silent-hill collected 56290 from pot
*** SUMMARY ***
Total pot 56290 | No rake
Board: [7s 9s 2h 3d As]
Seat 4: Eldef29 (big blind) showed [Kh Jd] and lost with High card : Ace
Seat 6: Silent-hill showed [Ad Tc] and won 56290 with One pair : Aces


Winamax Poker - Tournament "Kill The Fish" buyIn: 0.22€ + 0.03€ level: 6 - HandId: #3216086586580009015-37-1708975472 - Holdem no limit (60/250/500) - 2024/02/26 19:24:32 UTC
Table: 'Kill The Fish(748803510)#054' 6-max (real money) Seat #3 is the button
Seat 1: Jip-Jip (102338, 0.26€ bounty)
Seat 3: P1xel7 (42505, 0.11€ bounty)
Seat 4: Eldef29 (11823, 0.16€ bounty)
Seat 5: Zmogui52 (32382, 0.34€ bounty)
Seat 6: Silent-hill (56290, 0.11€ bounty)
*** ANTE/BLINDS ***
Eldef29 posts ante 60
Zmogui52 posts ante 60
Jip-Jip posts ante 60
P1xel7 posts ante 60
Silent-hill posts ante 60
Eldef29 posts small blind 250
Zmogui52 posts big blind 500
Dealt to P1xel7 [7h 9d]
*** PRE-FLOP *** 
Silent-hill calls 500
Jip-Jip calls 500
P1xel7 folds
Eldef29 raises 11263 to 11763 and is all-in
Zmogui52 folds
Silent-hill folds
Jip-Jip raises 90515 to 102278 and is all-in
*** FLOP *** [Kd Kc 8d]
*** TURN *** [Kd Kc 8d][Ks]
*** RIVER *** [Kd Kc 8d Ks][8c]
*** SHOW DOWN ***
Jip-Jip shows [6h 7d] (Full of Kings and 8)
Eldef29 shows [Ad Kh] (Quads of Kings)
Eldef29 collected 24826 from main pot
Jip-Jip collected 90515 from side pot 1
*** SUMMARY ***
Total pot 115341 | No rake
Board: [Kd Kc 8d Ks 8c]
Seat 1: Jip-Jip showed [6h 7d] and won 90515 with Full of Kings and 8
Seat 4: Eldef29 (small blind) showed [Ad Kh] and won 24826 with Quads of Kings


Winamax Poker - Tournament "Kill The Fish" buyIn: 0.22€ + 0.03€ level: 6 - HandId: #3216086586580009015-38-1708975501 - Holdem no limit (60/250/500) - 2024/02/26 19:25:01 UTC
Table: 'Kill The Fish(748803510)#054' 6-max (real money) Seat #4 is the button
Seat 1: Jip-Jip (90515, 0.26€ bounty)
Seat 3: P1xel7 (42445, 0.11€ bounty)
Seat 4: Eldef29 (24826, 0.16€ bounty)
Seat 5: Zmogui52 (31822, 0.34€ bounty)
Seat 6: Silent-hill (55730, 0.11€ bounty)
*** ANTE/BLINDS ***
Zmogui52 posts ante 60
Silent-hill posts ante 60
Jip-Jip posts ante 60
P1xel7 posts ante 60
Eldef29 posts ante 60
Zmogui52 posts small blind 250
Silent-hill posts big blind 500
Dealt to P1xel7 [Qc 2s]
*** PRE-FLOP *** 
Jip-Jip calls 500
P1xel7 folds
Eldef29 folds
Zmogui52 folds
Silent-hill checks
*** FLOP *** [6d Ks 6c]
Silent-hill checks
Jip-Jip checks
*** TURN *** [6d Ks 6c][5s]
Silent-hill bets 500
Jip-Jip raises 2550 to 3050
Silent-hill folds
Jip-Jip collected 5100 from pot
*** SUMMARY ***
Total pot 5100 | No rake
Board: [6d Ks 6c 5s]
Seat 1: Jip-Jip won 5100


Winamax Poker - Tournament "Kill The Fish" buyIn: 0.22€ + 0.03€ level: 7 - HandId: #3216086586580009015-39-1708975568 - Holdem no limit (70/300/600) - 2024/02/26 19:26:08 UTC
Table: 'Kill The Fish(748803510)#054' 6-max (real money) Seat #5 is the button
Seat 1: Jip-Jip (92005, 0.26€ bounty)
Seat 3: P1xel7 (42385, 0.11€ bounty)
Seat 4: Eldef29 (24766, 0.16€ bounty)
Seat 5: Zmogui52 (31512, 0.34€ bounty)
Seat 6: Silent-hill (54670, 0.11€ bounty)
*** ANTE/BLINDS ***
Silent-hill posts ante 70
Jip-Jip posts ante 70
P1xel7 posts ante 70
Eldef29 posts ante 70
Zmogui52 posts ante 70
Silent-hill posts small blind 300
Jip-Jip posts big blind 600
Dealt to P1xel7 [8h Ks]
*** PRE-FLOP *** 
P1xel7 folds
Eldef29 calls 600
Zmogui52 folds
Silent-hill calls 300
Jip-Jip checks
*** FLOP *** [3c 8c Qd]
Silent-hill checks
Jip-Jip bets 2150
Eldef29 calls 2150
Silent-hill folds
*** TURN *** [3c 8c Qd][Ah]
Jip-Jip bets 2258
Eldef29 calls 2258
*** RIVER *** [3c 8c Qd Ah][4d]
Jip-Jip bets 86927 and is all-in
Eldef29 calls 19688 and is all-in
*** SHOW DOWN ***
Jip-Jip shows [3h 2h] (One pair : 3)
Eldef29 shows [Kh 8s] (One pair : 8)
Eldef29 collected 50342 from main pot
Jip-Jip collected 67239 from side pot 1
*** SUMMARY ***
Total pot 117581 | No rake
Board: [3c 8c Qd Ah 4d]
Seat 1: Jip-Jip (big blind) showed [3h 2h] and won 67239 with One pair : 3
Seat 4: Eldef29 showed [Kh 8s] and won 50342 with One pair : 8


Winamax Poker - Tournament "Kill The Fish" buyIn: 0.22€ + 0.03€ level: 7 - HandId: #3216086586580009015-40-1708975625 - Holdem no limit (70/300/600) - 2024/02/26 19:27:05 UTC
Table: 'Kill The Fish(748803510)#054' 6-max (real money) Seat #6 is the button
Seat 1: Jip-Jip (67239, 0.26€ bounty)
Seat 3: P1xel7 (42315, 0.11€ bounty)
Seat 4: Eldef29 (50342, 0.16€ bounty)
Seat 5: Zmogui52 (31442, 0.34€ bounty)
Seat 6: Silent-hill (54000, 0.11€ bounty)
*** ANTE/BLINDS ***
Jip-Jip posts ante 70
P1xel7 posts ante 70
Eldef29 posts ante 70
Zmogui52 posts ante 70
Silent-hill posts ante 70
Jip-Jip posts small blind 300
P1xel7 posts big blind 600
Dealt to P1xel7 [Qc 3c]
*** PRE-FLOP *** 
Eldef29 folds
Zmogui52 raises 600 to 1200
Silent-hill folds
Jip-Jip calls 900
P1xel7 calls 600
*** FLOP *** [7s 5s 7c]
Jip-Jip checks
P1xel7 checks
Zmogui52 checks
*** TURN *** [7s 5s 7c][9d]
Jip-Jip bets 1383
P1xel7 folds
Zmogui52 folds
Jip-Jip collected 5333 from pot
*** SUMMARY ***
Total pot 5333 | No rake
Board: [7s 5s 7c 9d]
Seat 1: Jip-Jip (small blind) won 5333


Winamax Poker - Tournament "Kill The Fish" buyIn: 0.22€ + 0.03€ level: 7 - HandId: #3216086586580009015-41-1708975689 - Holdem no limit (70/300/600) - 2024/02/26 19:28:09 UTC
Table: 'Kill The Fish(748803510)#054' 6-max (real money) Seat #1 is the button
Seat 1: Jip-Jip (69919, 0.26€ bounty)
Seat 2: NEGON (20000, 0.11€ bounty)
Seat 3: P1xel7 (41045, 0.11€ bounty)
Seat 5: Zmogui52 (30172, 0.34€ bounty)
Seat 6: Silent-hill (53930, 0.11€ bounty)
*** ANTE/BLINDS ***
P1xel7 posts ante 70
Zmogui52 posts ante 70
Jip-Jip posts ante 70
Silent-hill posts ante 70
P1xel7 posts small blind 300
Zmogui52 posts big blind 600
Dealt to P1xel7 [Ks Js]
*** PRE-FLOP *** 
Silent-hill calls 600
Jip-Jip folds
P1xel7 raises 2100 to 2700
Zmogui52 folds
Silent-hill calls 2100
*** FLOP *** [4h Ac 2d]
P1xel7 bets 2700
Silent-hill folds
P1xel7 collected 8980 from pot
*** SUMMARY ***
Total pot 8980 | No rake
Board: [4h Ac 2d]
Seat 3: P1xel7 (small blind) won 8980


Winamax Poker - Tournament "Kill The Fish" buyIn: 0.22€ + 0.03€ level: 7 - HandId: #3216086586580009015-42-1708975745 - Holdem no limit (70/300/600) - 2024/02/26 19:29:05 UTC
Table: 'Kill The Fish(748803510)#054' 6-max (real money) Seat #3 is the button
Seat 1: Jip-Jip (69849, 0.26€ bounty)
Seat 2: NEGON (20000, 0.11€ bounty)
Seat 3: P1xel7 (44555, 0.11€ bounty)
Seat 4: gelletnuts (20000, 0.11€ bounty)
Seat 5: Zmogui52 (29502, 0.34€ bounty)
Seat 6: Silent-hill (51160, 0.11€ bounty)
*** ANTE/BLINDS ***
Zmogui52 posts ante 70
Silent-hill posts ante 70
Jip-Jip posts ante 70
NEGON posts ante 70
P1xel7 posts ante 70
Zmogui52 posts small blind 300
Silent-hill posts big blind 600
Dealt to P1xel7 [7c 4h]
*** PRE-FLOP *** 
Jip-Jip calls 600
NEGON calls 600
P1xel7 folds
Zmogui52 raises 600 to 1200
Silent-hill calls 600
Jip-Jip calls 600
NEGON calls 600
*** FLOP *** [7s 6c 9s]
Zmogui52 checks
Silent-hill checks
Jip-Jip checks
NEGON checks
*** TURN *** [7s 6c 9s][3h]
Zmogui52 checks
Silent-hill checks
Jip-Jip checks
NEGON bets 3348
Zmogui52 folds
Silent-hill folds
Jip-Jip folds
NEGON collected 8498 from pot
*** SUMMARY ***
Total pot 8498 | No rake
Board: [7s 6c 9s 3h]
Seat 2: NEGON won 8498


Winamax Poker - Tournament "Kill The Fish" buyIn: 0.22€ + 0.03€ level: 7 - HandId: #3216086586580009015-43-1708975843 - Holdem no limit (70/300/600) - 2024/02/26 19:30:43 UTC
Table: 'Kill The Fish(748803510)#054' 6-max (real money) Seat #5 is the button
Seat 1: Jip-Jip (68579, 0.26€ bounty)
Seat 2: NEGON (23880, 0.11€ bounty)
Seat 3: P1xel7 (44485, 0.11€ bounty)
Seat 4: gelletnuts (20000, 0.11€ bounty)
Seat 5: Zmogui52 (28232, 0.34€ bounty)
Seat 6: Silent-hill (49890, 0.11€ bounty)
*** ANTE/BLINDS ***
Silent-hill posts ante 70
Jip-Jip posts ante 70
NEGON posts ante 70
P1xel7 posts ante 70
gelletnuts posts ante 70
Zmogui52 posts ante 70
Silent-hill posts small blind 300
Jip-Jip posts big blind 600
Dealt to P1xel7 [2d 2s]
*** PRE-FLOP *** 
NEGON calls 600
P1xel7 folds
gelletnuts raises 1800 to 2400
Zmogui52 folds
Silent-hill folds
Jip-Jip raises 66109 to 68509 and is all-in
NEGON calls 23210 and is all-in
gelletnuts calls 17530 and is all-in
*** FLOP *** [4h Td Kh]
*** TURN *** [4h Td Kh][6d]
*** RIVER *** [4h Td Kh 6d][Kd]
*** SHOW DOWN ***
Jip-Jip shows [3s Qs] (One pair : Kings)
NEGON shows [7h 7s] (Two pairs : Kings and 7)
gelletnuts shows [As Kc] (Trips of Kings)
gelletnuts collected 60510 from main pot
NEGON collected 7760 from side pot 1
Jip-Jip collected 44699 from side pot 2
*** SUMMARY ***
Total pot 112969 | No rake
Board: [4h Td Kh 6d Kd]
Seat 1: Jip-Jip (big blind) showed [3s Qs] and won 44699 with One pair : Kings
Seat 2: NEGON showed [7h 7s] and won 7760 with Two pairs : Kings and 7
Seat 4: gelletnuts showed [As Kc] and won 60510 with Trips of Kings


Winamax Poker - Tournament "Kill The Fish" buyIn: 0.22€ + 0.03€ level: 8 - HandId: #3216086586580009015-44-1708975904 - Holdem no limit (80/350/700) - 2024/02/26 19:31:44 UTC
Table: 'Kill The Fish(748803510)#054' 6-max (real money) Seat #6 is the button
Seat 1: Jip-Jip (44699, 0.26€ bounty)
Seat 2: NEGON (7760, 0.11€ bounty)
Seat 3: P1xel7 (44415, 0.11€ bounty)
Seat 4: gelletnuts (60510, 0.11€ bounty)
Seat 5: Zmogui52 (28162, 0.34€ bounty)
Seat 6: Silent-hill (49520, 0.11€ bounty)
*** ANTE/BLINDS ***
Jip-Jip posts ante 80
NEGON posts ante 80
P1xel7 posts ante 80
gelletnuts posts ante 80
Zmogui52 posts ante 80
Silent-hill posts ante 80
Jip-Jip posts small blind 350
NEGON posts big blind 700
Dealt to P1xel7 [2c Js]
*** PRE-FLOP *** 
P1xel7 folds
gelletnuts folds
Zmogui52 raises 1400 to 2100
Silent-hill folds
Jip-Jip folds
NEGON calls 1400
*** FLOP *** [8s 2h 3c]
NEGON checks
Zmogui52 bets 2100
NEGON calls 2100
*** TURN *** [8s 2h 3c][2d]
NEGON checks
Zmogui52 bets 3500
NEGON calls 3480 and is all-in
*** RIVER *** [8s 2h 3c 2d][Ts]
*** SHOW DOWN ***
NEGON shows [5c Ah] (One pair : 2)
Zmogui52 shows [Kh Kc] (Two pairs : Kings and 2)
Zmogui52 collected 16210 from pot
*** SUMMARY ***
Total pot 16210 | No rake
Board: [8s 2h 3c 2d Ts]
Seat 2: NEGON (big blind) showed [5c Ah] and lost with One pair : 2
Seat 5: Zmogui52 showed [Kh Kc] and won 16210 with Two pairs : Kings and 2


Winamax Poker - Tournament "Kill The Fish" buyIn: 0.22€ + 0.03€ level: 8 - HandId: #3216086586580009015-45-1708975970 - Holdem no limit (80/350/700) - 2024/02/26 19:32:50 UTC
Table: 'Kill The Fish(748803510)#054' 6-max (real money) Seat #1 is the button
Seat 1: Jip-Jip (44269, 0.26€ bounty)
Seat 3: P1xel7 (44335, 0.11€ bounty)
Seat 4: gelletnuts (60430, 0.11€ bounty)
Seat 5: Zmogui52 (36592, 0.39€ bounty)
Seat 6: Silent-hill (49440, 0.11€ bounty)
*** ANTE/BLINDS ***
P1xel7 posts ante 80
Jip-Jip posts ante 80
gelletnuts posts ante 80
Zmogui52 posts ante 80
Silent-hill posts ante 80
P1xel7 posts big blind 700
Dealt to P1xel7 [Qd 3h]
*** PRE-FLOP *** 
gelletnuts folds
Zmogui52 raises 700 to 1400
Silent-hill calls 1400
Jip-Jip raises 42789 to 44189 and is all-in
P1xel7 folds
Zmogui52 folds
Silent-hill folds
Jip-Jip collected 48089 from pot
*** SUMMARY ***
Total pot 48089 | No rake
Seat 1: Jip-Jip (button) won 48089


Winamax Poker - Tournament "Kill The Fish" buyIn: 0.22€ + 0.03€ level: 8 - HandId: #3216086586580009015-46-1708976024 - Holdem no limit (80/350/700) - 2024/02/26 19:33:44 UTC
Table: 'Kill The Fish(748803510)#054' 6-max (real money) Seat #2 is the button
Seat 1: Jip-Jip (48089, 0.26€ bounty)
Seat 2: v_s57 (20000, 0.11€ bounty)
Seat 3: P1xel7 (43555, 0.11€ bounty)
Seat 4: gelletnuts (60350, 0.11€ bounty)
Seat 5: Zmogui52 (35112, 0.39€ bounty)
Seat 6: Silent-hill (47960, 0.11€ bounty)
*** ANTE/BLINDS ***
P1xel7 posts ante 80
gelletnuts posts ante 80
Jip-Jip posts ante 80
Zmogui52 posts ante 80
Silent-hill posts ante 80
P1xel7 posts small blind 350
gelletnuts posts big blind 700
Dealt to P1xel7 [9s 3h]
*** PRE-FLOP *** 
Zmogui52 raises 700 to 1400
Silent-hill raises 46480 to 47880 and is all-in
Jip-Jip folds
P1xel7 folds
gelletnuts folds
Zmogui52 folds
Silent-hill collected 50730 from pot
*** SUMMARY ***
Total pot 50730 | No rake
Seat 6: Silent-hill won 50730


Winamax Poker - Tournament "Kill The Fish" buyIn: 0.22€ + 0.03€ level: 8 - HandId: #3216086586580009015-47-1708976067 - Holdem no limit (80/350/700) - 2024/02/26 19:34:27 UTC
Table: 'Kill The Fish(748803510)#054' 6-max (real money) Seat #3 is the button
Seat 1: Jip-Jip (48009, 0.26€ bounty)
Seat 2: v_s57 (20000, 0.11€ bounty)
Seat 3: P1xel7 (43125, 0.11€ bounty)
Seat 4: gelletnuts (59570, 0.11€ bounty)
Seat 5: Zmogui52 (33632, 0.39€ bounty)
Seat 6: Silent-hill (50730, 0.11€ bounty)
*** ANTE/BLINDS ***
gelletnuts posts ante 80
Zmogui52 posts ante 80
Jip-Jip posts ante 80
v_s57 posts ante 80
P1xel7 posts ante 80
Silent-hill posts ante 80
gelletnuts posts small blind 350
Zmogui52 posts big blind 700
Dealt to P1xel7 [7c Kh]
*** PRE-FLOP *** 
Silent-hill folds
Jip-Jip calls 700
v_s57 raises 1050 to 1750
P1xel7 folds
gelletnuts calls 1400
Zmogui52 calls 1050
Jip-Jip calls 1050
*** FLOP *** [7d 2c 4c]
gelletnuts checks
Zmogui52 checks
Jip-Jip checks
v_s57 checks
*** TURN *** [7d 2c 4c][4s]
gelletnuts bets 3740
Zmogui52 folds
Jip-Jip calls 3740
v_s57 calls 3740
*** RIVER *** [7d 2c 4c 4s][Qh]
gelletnuts checks
Jip-Jip checks
v_s57 bets 9350
gelletnuts folds
Jip-Jip folds
v_s57 collected 28050 from pot
*** SUMMARY ***
Total pot 28050 | No rake
Board: [7d 2c 4c 4s Qh]
Seat 2: v_s57 won 28050


Winamax Poker - Tournament "Kill The Fish" buyIn: 0.22€ + 0.03€ level: 9 - HandId: #3216086586580009015-48-1708976174 - Holdem no limit (100/400/800) - 2024/02/26 19:36:14 UTC
Table: 'Kill The Fish(748803510)#054' 6-max (real money) Seat #4 is the button
Seat 1: Jip-Jip (42439, 0.26€ bounty)
Seat 2: v_s57 (33130, 0.11€ bounty)
Seat 3: P1xel7 (43045, 0.11€ bounty)
Seat 4: gelletnuts (54000, 0.11€ bounty)
Seat 5: Zmogui52 (31802, 0.39€ bounty)
Seat 6: Silent-hill (50650, 0.11€ bounty)
*** ANTE/BLINDS ***
Zmogui52 posts ante 100
Silent-hill posts ante 100
Jip-Jip posts ante 100
v_s57 posts ante 100
P1xel7 posts ante 100
gelletnuts posts ante 100
Zmogui52 posts small blind 400
Silent-hill posts big blind 800
Dealt to P1xel7 [7d Qh]
*** PRE-FLOP *** 
Jip-Jip folds
v_s57 raises 1200 to 2000
P1xel7 folds
gelletnuts folds
Zmogui52 folds
Silent-hill calls 1200
*** FLOP *** [2d Ah 9h]
Silent-hill bets 48550 and is all-in
v_s57 calls 31030 and is all-in
*** TURN *** [2d Ah 9h][Tc]
*** RIVER *** [2d Ah 9h Tc][Jh]
*** SHOW DOWN ***
v_s57 shows [Kd Kc] (One pair : Kings)
Silent-hill shows [4h Th] (Flush Ace high)
Silent-hill collected 84580 from pot
*** SUMMARY ***
Total pot 84580 | No rake
Board: [2d Ah 9h Tc Jh]
Seat 2: v_s57 showed [Kd Kc] and lost with One pair : Kings
Seat 6: Silent-hill (big blind) showed [4h Th] and won 84580 with Flush Ace high


Winamax Poker - Tournament "Kill The Fish" buyIn: 0.22€ + 0.03€ level: 9 - HandId: #3216086586580009015-49-1708976214 - Holdem no limit (100/400/800) - 2024/02/26 19:36:54 UTC
Table: 'Kill The Fish(748803510)#054' 6-max (real money) Seat #5 is the button
Seat 1: Jip-Jip (42339, 0.26€ bounty)
Seat 3: P1xel7 (42945, 0.11€ bounty)
Seat 4: gelletnuts (53900, 0.11€ bounty)
Seat 5: Zmogui52 (31302, 0.39€ bounty)
Seat 6: Silent-hill (84580, 0.16€ bounty)
*** ANTE/BLINDS ***
Silent-hill posts ante 100
Jip-Jip posts ante 100
P1xel7 posts ante 100
gelletnuts posts ante 100
Zmogui52 posts ante 100
Silent-hill posts small blind 400
Jip-Jip posts big blind 800
Dealt to P1xel7 [6d 8c]
*** PRE-FLOP *** 
P1xel7 folds
gelletnuts folds
Zmogui52 raises 800 to 1600
Silent-hill calls 1200
Jip-Jip calls 800
*** FLOP *** [Qs 8s Qd]
Silent-hill checks
Jip-Jip checks
Zmogui52 checks
*** TURN *** [Qs 8s Qd][Kc]
Silent-hill bets 800
Jip-Jip folds
Zmogui52 calls 800
*** RIVER *** [Qs 8s Qd Kc][Ks]
Silent-hill checks
Zmogui52 checks
*** SHOW DOWN ***
Silent-hill shows [7d Ts] (Two pairs : Kings and Queens)
Zmogui52 shows [Tc Jd] (Two pairs : Kings and Queens)
Zmogui52 collected 6900 from pot
*** SUMMARY ***
Total pot 6900 | No rake
Board: [Qs 8s Qd Kc Ks]
Seat 5: Zmogui52 (button) showed [Tc Jd] and won 6900 with Two pairs : Kings and Queens
Seat 6: Silent-hill (small blind) showed [7d Ts] and lost with Two pairs : Kings and Queens


Winamax Poker - Tournament "Kill The Fish" buyIn: 0.22€ + 0.03€ level: 9 - HandId: #3216086586580009015-50-1708976309 - Holdem no limit (100/400/800) - 2024/02/26 19:38:29 UTC
Table: 'Kill The Fish(748803510)#054' 6-max (real money) Seat #6 is the button
Seat 1: Jip-Jip (40639, 0.26€ bounty)
Seat 2: chaiko (20000, 0.11€ bounty)
Seat 3: P1xel7 (42845, 0.11€ bounty)
Seat 4: gelletnuts (53800, 0.11€ bounty)
Seat 5: Zmogui52 (35702, 0.39€ bounty)
Seat 6: Silent-hill (82080, 0.16€ bounty)
*** ANTE/BLINDS ***
Jip-Jip posts ante 100
chaiko posts ante 100
P1xel7 posts ante 100
gelletnuts posts ante 100
Zmogui52 posts ante 100
Silent-hill posts ante 100
Jip-Jip posts small blind 400
chaiko posts big blind 800
Dealt to P1xel7 [6s Kh]
*** PRE-FLOP *** 
P1xel7 folds
gelletnuts folds
Zmogui52 folds
Silent-hill calls 800
Jip-Jip calls 400
chaiko checks
*** FLOP *** [Qd 8d 2h]
Jip-Jip checks
chaiko checks
Silent-hill checks
*** TURN *** [Qd 8d 2h][4c]
Jip-Jip bets 3000
chaiko folds
Silent-hill folds
Jip-Jip collected 6000 from pot
*** SUMMARY ***
Total pot 6000 | No rake
Board: [Qd 8d 2h 4c]
Seat 1: Jip-Jip (small blind) won 6000


Winamax Poker - Tournament "Kill The Fish" buyIn: 0.22€ + 0.03€ level: 9 - HandId: #3216086586580009015-51-1708976373 - Holdem no limit (100/400/800) - 2024/02/26 19:39:33 UTC
Table: 'Kill The Fish(748803510)#054' 6-max (real money) Seat #1 is the button
Seat 1: Jip-Jip (42739, 0.26€ bounty)
Seat 2: chaiko (19100, 0.11€ bounty)
Seat 3: P1xel7 (42745, 0.11€ bounty)
Seat 4: gelletnuts (53700, 0.11€ bounty)
Seat 5: Zmogui52 (35602, 0.39€ bounty)
Seat 6: Silent-hill (81180, 0.16€ bounty)
*** ANTE/BLINDS ***
chaiko posts ante 100
P1xel7 posts ante 100
Jip-Jip posts ante 100
gelletnuts posts ante 100
Zmogui52 posts ante 100
Silent-hill posts ante 100
chaiko posts small blind 400
P1xel7 posts big blind 800
Dealt to P1xel7 [3s 3d]
*** PRE-FLOP *** 
gelletnuts raises 1600 to 2400
Zmogui52 folds
Silent-hill folds
Jip-Jip calls 2400
chaiko calls 2000
P1xel7 calls 1600
*** FLOP *** [Ah 6h 4c]
chaiko checks
P1xel7 checks
gelletnuts checks
Jip-Jip checks
*** TURN *** [Ah 6h 4c][8h]
chaiko bets 10200
P1xel7 folds
gelletnuts folds
Jip-Jip raises 30039 to 40239 and is all-in
chaiko calls 6400 and is all-in
*** RIVER *** [Ah 6h 4c 8h][6s]
*** SHOW DOWN ***
Jip-Jip shows [9d Kh] (One pair : 6)
chaiko shows [8s As] (Two pairs : Aces and 8)
chaiko collected 43400 from main pot
Jip-Jip collected 23639 from side pot 1
*** SUMMARY ***
Total pot 67039 | No rake
Board: [Ah 6h 4c 8h 6s]
Seat 1: Jip-Jip (button) showed [9d Kh] and won 23639 with One pair : 6
Seat 2: chaiko (small blind) showed [8s As] and won 43400 with Two pairs : Aces and 8


Winamax Poker - Tournament "Kill The Fish" buyIn: 0.22€ + 0.03€ level: 10 - HandId: #3216086586580009015-52-1708976467 - Holdem no limit (120/500/1000) - 2024/02/26 19:41:07 UTC
Table: 'Kill The Fish(748803510)#054' 6-max (real money) Seat #2 is the button
Seat 1: Jip-Jip (23639, 0.26€ bounty)
Seat 2: chaiko (43400, 0.11€ bounty)
Seat 3: P1xel7 (40245, 0.11€ bounty)
Seat 4: gelletnuts (51200, 0.11€ bounty)
Seat 5: Zmogui52 (35502, 0.39€ bounty)
Seat 6: Silent-hill (81080, 0.16€ bounty)
*** ANTE/BLINDS ***
P1xel7 posts ante 120
gelletnuts posts ante 120
Jip-Jip posts ante 120
chaiko posts ante 120
Zmogui52 posts ante 120
Silent-hill posts ante 120
P1xel7 posts small blind 500
gelletnuts posts big blind 1000
Dealt to P1xel7 [Ah 5c]
*** PRE-FLOP *** 
Zmogui52 raises 1000 to 2000
Silent-hill folds
Jip-Jip calls 2000
chaiko folds
P1xel7 folds
gelletnuts calls 1000
*** FLOP *** [Ts 2s 3d]
gelletnuts checks
Zmogui52 bets 4693
Jip-Jip folds
gelletnuts calls 4693
*** TURN *** [Ts 2s 3d][Qh]
gelletnuts checks
Zmogui52 checks
*** RIVER *** [Ts 2s 3d Qh][6d]
gelletnuts checks
Zmogui52 checks
*** SHOW DOWN ***
gelletnuts shows [7d 7h] (One pair : 7)
Zmogui52 shows [Kh Tc] (One pair : Tens)
Zmogui52 collected 16606 from pot
*** SUMMARY ***
Total pot 16606 | No rake
Board: [Ts 2s 3d Qh 6d]
Seat 4: gelletnuts (big blind) showed [7d 7h] and lost with One pair : 7
Seat 5: Zmogui52 showed [Kh Tc] and won 16606 with One pair : Tens


Winamax Poker - Tournament "Kill The Fish" buyIn: 0.22€ + 0.03€ level: 10 - HandId: #3216086586580009015-53-1708976586 - Holdem no limit (120/500/1000) - 2024/02/26 19:43:06 UTC
Table: 'Kill The Fish(748803510)#054' 6-max (real money) Seat #3 is the button
Seat 1: Jip-Jip (21519, 0.26€ bounty)
Seat 2: chaiko (43280, 0.11€ bounty)
Seat 3: P1xel7 (39625, 0.11€ bounty)
Seat 4: gelletnuts (44387, 0.11€ bounty)
Seat 5: Zmogui52 (45295, 0.39€ bounty)
Seat 6: Silent-hill (80960, 0.16€ bounty)
*** ANTE/BLINDS ***
gelletnuts posts ante 120
Zmogui52 posts ante 120
Jip-Jip posts ante 120
chaiko posts ante 120
P1xel7 posts ante 120
Silent-hill posts ante 120
gelletnuts posts small blind 500
Zmogui52 posts big blind 1000
Dealt to P1xel7 [Tc 4s]
*** PRE-FLOP *** 
Silent-hill calls 1000
Jip-Jip folds
chaiko calls 1000
P1xel7 folds
gelletnuts calls 500
Zmogui52 raises 2000 to 3000
Silent-hill calls 2000
chaiko calls 2000
gelletnuts calls 2000
*** FLOP *** [7c 3s Jd]
gelletnuts checks
Zmogui52 checks
Silent-hill bets 4452
chaiko folds
gelletnuts folds
Zmogui52 folds
Silent-hill collected 17172 from pot
*** SUMMARY ***
Total pot 17172 | No rake
Board: [7c 3s Jd]
Seat 6: Silent-hill won 17172


Winamax Poker - Tournament "Kill The Fish" buyIn: 0.22€ + 0.03€ level: 11 - HandId: #3216086586580009015-54-1708976775 - Holdem no limit (140/600/1200) - 2024/02/26 19:46:15 UTC
Table: 'Kill The Fish(748803510)#054' 6-max (real money) Seat #4 is the button
Seat 1: Jip-Jip (21399, 0.26€ bounty)
Seat 2: chaiko (40160, 0.11€ bounty)
Seat 3: P1xel7 (39505, 0.11€ bounty)
Seat 4: gelletnuts (41267, 0.11€ bounty)
Seat 5: Zmogui52 (42175, 0.39€ bounty)
Seat 6: Silent-hill (90560, 0.16€ bounty)
*** ANTE/BLINDS ***
Zmogui52 posts ante 140
Silent-hill posts ante 140
Jip-Jip posts ante 140
chaiko posts ante 140
P1xel7 posts ante 140
gelletnuts posts ante 140
Zmogui52 posts small blind 600
Silent-hill posts big blind 1200
Dealt to P1xel7 [Jc Qs]
*** PRE-FLOP *** 
Jip-Jip raises 20059 to 21259 and is all-in
chaiko folds
P1xel7 folds
gelletnuts folds
Zmogui52 folds
Silent-hill folds
Jip-Jip collected 23899 from pot
*** SUMMARY ***
Total pot 23899 | No rake
Seat 1: Jip-Jip won 23899


Winamax Poker - Tournament "Kill The Fish" buyIn: 0.22€ + 0.03€ level: 11 - HandId: #3216086586580009015-55-1708976808 - Holdem no limit (140/600/1200) - 2024/02/26 19:46:48 UTC
Table: 'Kill The Fish(748803510)#054' 6-max (real money) Seat #5 is the button
Seat 1: Jip-Jip (23899, 0.26€ bounty)
Seat 2: chaiko (40020, 0.11€ bounty)
Seat 3: P1xel7 (39365, 0.11€ bounty)
Seat 4: gelletnuts (41127, 0.11€ bounty)
Seat 5: Zmogui52 (41435, 0.39€ bounty)
Seat 6: Silent-hill (89220, 0.16€ bounty)
*** ANTE/BLINDS ***
Silent-hill posts ante 140
Jip-Jip posts ante 140
chaiko posts ante 140
P1xel7 posts ante 140
gelletnuts posts ante 140
Zmogui52 posts ante 140
Silent-hill posts small blind 600
Jip-Jip posts big blind 1200
Dealt to P1xel7 [Jd 7h]
*** PRE-FLOP *** 
chaiko raises 1800 to 3000
P1xel7 folds
gelletnuts folds
Zmogui52 calls 3000
Silent-hill folds
Jip-Jip folds
*** FLOP *** [Qc 4c 6c]
chaiko bets 5616
Zmogui52 calls 5616
*** TURN *** [Qc 4c 6c][9s]
chaiko bets 31264 and is all-in
Zmogui52 folds
chaiko collected 51136 from pot
*** SUMMARY ***
Total pot 51136 | No rake
Board: [Qc 4c 6c 9s]
Seat 2: chaiko won 51136


Winamax Poker - Tournament "Kill The Fish" buyIn: 0.22€ + 0.03€ level: 11 - HandId: #3216086586580009015-56-1708976902 - Holdem no limit (140/600/1200) - 2024/02/26 19:48:22 UTC
Table: 'Kill The Fish(748803510)#054' 6-max (real money) Seat #6 is the button
Seat 1: Jip-Jip (22559, 0.26€ bounty)
Seat 2: chaiko (51136, 0.11€ bounty)
Seat 3: P1xel7 (39225, 0.11€ bounty)
Seat 4: gelletnuts (40987, 0.11€ bounty)
Seat 5: Zmogui52 (32679, 0.39€ bounty)
Seat 6: Silent-hill (88480, 0.16€ bounty)
*** ANTE/BLINDS ***
Jip-Jip posts ante 140
chaiko posts ante 140
P1xel7 posts ante 140
gelletnuts posts ante 140
Zmogui52 posts ante 140
Silent-hill posts ante 140
Jip-Jip posts small blind 600
chaiko posts big blind 1200
Dealt to P1xel7 [6c Ac]
*** PRE-FLOP *** 
P1xel7 folds
gelletnuts folds
Zmogui52 folds
Silent-hill folds
Jip-Jip calls 600
chaiko checks
*** FLOP *** [7d Ts Qh]
Jip-Jip checks
chaiko checks
*** TURN *** [7d Ts Qh][2c]
Jip-Jip checks
chaiko checks
*** RIVER *** [7d Ts Qh 2c][8h]
Jip-Jip checks
chaiko checks
*** SHOW DOWN ***
Jip-Jip shows [Js 3c] (High card : Queen)
chaiko shows [Kd 5s] (High card : King)
chaiko collected 3240 from pot
*** SUMMARY ***
Total pot 3240 | No rake
Board: [7d Ts Qh 2c 8h]
Seat 1: Jip-Jip (small blind) showed [Js 3c] and lost with High card : Queen
Seat 2: chaiko (big blind) showed [Kd 5s] and won 3240 with High card : King


Winamax Poker - Tournament "Kill The Fish" buyIn: 0.22€ + 0.03€ level: 11 - HandId: #3216086586580009015-57-1708977016 - Holdem no limit (140/600/1200) - 2024/02/26 19:50:16 UTC
Table: 'Kill The Fish(748803510)#054' 6-max (real money) Seat #1 is the button
Seat 1: Jip-Jip (21219, 0.26€ bounty)
Seat 2: chaiko (53036, 0.11€ bounty)
Seat 3: P1xel7 (39085, 0.11€ bounty)
Seat 4: gelletnuts (40847, 0.11€ bounty)
Seat 5: Zmogui52 (32539, 0.39€ bounty)
Seat 6: Silent-hill (88340, 0.16€ bounty)
*** ANTE/BLINDS ***
chaiko posts ante 140
P1xel7 posts ante 140
Jip-Jip posts ante 140
gelletnuts posts ante 140
Zmogui52 posts ante 140
Silent-hill posts ante 140
chaiko posts small blind 600
P1xel7 posts big blind 1200
Dealt to P1xel7 [8c 9s]
*** PRE-FLOP *** 
gelletnuts folds
Zmogui52 folds
Silent-hill folds
Jip-Jip calls 1200
chaiko calls 600
P1xel7 checks
*** FLOP *** [Ah 5h 7d]
chaiko checks
P1xel7 checks
Jip-Jip checks
*** TURN *** [Ah 5h 7d][Th]
chaiko checks
P1xel7 bets 3000
Jip-Jip folds
chaiko folds
P1xel7 collected 7440 from pot
*** SUMMARY ***
Total pot 7440 | No rake
Board: [Ah 5h 7d Th]
Seat 3: P1xel7 (big blind) won 7440


Winamax Poker - Tournament "Kill The Fish" buyIn: 0.22€ + 0.03€ level: 12 - HandId: #3216086586580009015-58-1708977068 - Holdem no limit (160/700/1400) - 2024/02/26 19:51:08 UTC
Table: 'Kill The Fish(748803510)#054' 6-max (real money) Seat #2 is the button
Seat 1: Jip-Jip (19879, 0.26€ bounty)
Seat 2: chaiko (51696, 0.11€ bounty)
Seat 3: P1xel7 (42185, 0.11€ bounty)
Seat 4: gelletnuts (40707, 0.11€ bounty)
Seat 5: Zmogui52 (32399, 0.39€ bounty)
Seat 6: Silent-hill (88200, 0.16€ bounty)
*** ANTE/BLINDS ***
P1xel7 posts ante 160
gelletnuts posts ante 160
Jip-Jip posts ante 160
chaiko posts ante 160
Zmogui52 posts ante 160
Silent-hill posts ante 160
P1xel7 posts small blind 700
gelletnuts posts big blind 1400
Dealt to P1xel7 [Th As]
*** PRE-FLOP *** 
Zmogui52 folds
Silent-hill folds
Jip-Jip calls 1400
chaiko folds
P1xel7 raises 5600 to 7000
gelletnuts folds
Jip-Jip folds
P1xel7 collected 10760 from pot
*** SUMMARY ***
Total pot 10760 | No rake
Seat 3: P1xel7 (small blind) won 10760


Winamax Poker - Tournament "Kill The Fish" buyIn: 0.22€ + 0.03€ level: 12 - HandId: #3216086586580009015-59-1708977097 - Holdem no limit (160/700/1400) - 2024/02/26 19:51:37 UTC
Table: 'Kill The Fish(748803510)#054' 6-max (real money) Seat #3 is the button
Seat 1: Jip-Jip (18319, 0.26€ bounty)
Seat 2: chaiko (51536, 0.11€ bounty)
Seat 3: P1xel7 (45785, 0.11€ bounty)
Seat 4: gelletnuts (39147, 0.11€ bounty)
Seat 5: Zmogui52 (32239, 0.39€ bounty)
Seat 6: Silent-hill (88040, 0.16€ bounty)
*** ANTE/BLINDS ***
gelletnuts posts ante 160
Zmogui52 posts ante 160
Jip-Jip posts ante 160
chaiko posts ante 160
P1xel7 posts ante 160
Silent-hill posts ante 160
gelletnuts posts small blind 700
Zmogui52 posts big blind 1400
Dealt to P1xel7 [4c Jd]
*** PRE-FLOP *** 
Silent-hill folds
Jip-Jip calls 1400
chaiko folds
P1xel7 folds
gelletnuts folds
Zmogui52 raises 1400 to 2800
Jip-Jip raises 15359 to 18159 and is all-in
Zmogui52 calls 15359
*** FLOP *** [6h Kh 9s]
*** TURN *** [6h Kh 9s][8s]
*** RIVER *** [6h Kh 9s 8s][7h]
*** SHOW DOWN ***
Jip-Jip shows [Qd 9d] (One pair : 9)
Zmogui52 shows [Th As] (Straight Ten high)
Zmogui52 collected 37978 from pot
*** SUMMARY ***
Total pot 37978 | No rake
Board: [6h Kh 9s 8s 7h]
Seat 1: Jip-Jip showed [Qd 9d] and lost with One pair : 9
Seat 5: Zmogui52 (big blind) showed [Th As] and won 37978 with Straight Ten high


Winamax Poker - Tournament "Kill The Fish" buyIn: 0.22€ + 0.03€ level: 12 - HandId: #3216086586580009015-60-1708977154 - Holdem no limit (160/700/1400) - 2024/02/26 19:52:34 UTC
Table: 'Kill The Fish(748803510)#054' 6-max (real money) Seat #4 is the button
Seat 2: chaiko (51376, 0.11€ bounty)
Seat 3: P1xel7 (45625, 0.11€ bounty)
Seat 4: gelletnuts (38287, 0.11€ bounty)
Seat 5: Zmogui52 (51898, 0.52€ bounty)
Seat 6: Silent-hill (87880, 0.16€ bounty)
*** ANTE/BLINDS ***
Zmogui52 posts ante 160
Silent-hill posts ante 160
chaiko posts ante 160
P1xel7 posts ante 160
gelletnuts posts ante 160
Zmogui52 posts small blind 700
Silent-hill posts big blind 1400
Dealt to P1xel7 [8d Js]
*** PRE-FLOP *** 
chaiko raises 1400 to 2800
P1xel7 folds
gelletnuts folds
Zmogui52 folds
Silent-hill calls 1400
*** FLOP *** [Jd 9h 6s]
Silent-hill bets 2485
chaiko folds
Silent-hill collected 9585 from pot
*** SUMMARY ***
Total pot 9585 | No rake
Board: [Jd 9h 6s]
Seat 6: Silent-hill (big blind) won 9585


Winamax Poker - Tournament "Kill The Fish" buyIn: 0.22€ + 0.03€ level: 12 - HandId: #3216086586580009015-61-1708977231 - Holdem no limit (160/700/1400) - 2024/02/26 19:53:51 UTC
Table: 'Kill The Fish(748803510)#054' 6-max (real money) Seat #5 is the button
Seat 1: ResPa (24815, 0.11€ bounty)
Seat 2: chaiko (48416, 0.11€ bounty)
Seat 3: P1xel7 (45465, 0.11€ bounty)
Seat 4: gelletnuts (38127, 0.11€ bounty)
Seat 5: Zmogui52 (51038, 0.52€ bounty)
Seat 6: Silent-hill (92020, 0.16€ bounty)
*** ANTE/BLINDS ***
Silent-hill posts ante 160
ResPa posts ante 160
chaiko posts ante 160
P1xel7 posts ante 160
gelletnuts posts ante 160
Zmogui52 posts ante 160
Silent-hill posts small blind 700
ResPa posts big blind 1400
Dealt to P1xel7 [5s 3c]
*** PRE-FLOP *** 
chaiko folds
P1xel7 folds
gelletnuts raises 2100 to 3500
Zmogui52 calls 3500
Silent-hill folds
ResPa raises 21155 to 24655 and is all-in
gelletnuts raises 13312 to 37967 and is all-in
Zmogui52 folds
*** FLOP *** [3h 6h Qd]
*** TURN *** [3h 6h Qd][Ah]
*** RIVER *** [3h 6h Qd Ah][As]
*** SHOW DOWN ***
ResPa shows [Jd Qh] (Two pairs : Aces and Queens)
gelletnuts shows [7d 7s] (Two pairs : Aces and 7)
gelletnuts collected 13312 from side pot 1
ResPa collected 54470 from main pot
*** SUMMARY ***
Total pot 67782 | No rake
Board: [3h 6h Qd Ah As]
Seat 1: ResPa (big blind) showed [Jd Qh] and won 54470 with Two pairs : Aces and Queens
Seat 4: gelletnuts showed [7d 7s] and won 13312 with Two pairs : Aces and 7


Winamax Poker - Tournament "Kill The Fish" buyIn: 0.22€ + 0.03€ level: 12 - HandId: #3216086586580009015-62-1708977661 - Holdem no limit (160/700/1400) - 2024/02/26 20:01:01 UTC
Table: 'Kill The Fish(748803510)#054' 6-max (real money) Seat #6 is the button
Seat 1: ResPa (54470, 0.11€ bounty)
Seat 2: chaiko (48256, 0.11€ bounty)
Seat 3: P1xel7 (45305, 0.11€ bounty)
Seat 4: gelletnuts (13312, 0.11€ bounty)
Seat 5: Zmogui52 (47378, 0.52€ bounty)
Seat 6: Silent-hill (91160, 0.16€ bounty)
*** ANTE/BLINDS ***
ResPa posts ante 160
chaiko posts ante 160
P1xel7 posts ante 160
gelletnuts posts ante 160
Zmogui52 posts ante 160
Silent-hill posts ante 160
ResPa posts small blind 700
chaiko posts big blind 1400
Dealt to P1xel7 [5s 6c]
*** PRE-FLOP *** 
P1xel7 folds
gelletnuts folds
Zmogui52 folds
Silent-hill folds
ResPa raises 3500 to 4900
chaiko folds
ResPa collected 7260 from pot
*** SUMMARY ***
Total pot 7260 | No rake
Seat 1: ResPa (small blind) won 7260


Winamax Poker - Tournament "Kill The Fish" buyIn: 0.22€ + 0.03€ level: 13 - HandId: #3216086586580009015-63-1708977733 - Holdem no limit (200/800/1600) - 2024/02/26 20:02:13 UTC
Table: 'Kill The Fish(748803510)#054' 6-max (real money) Seat #1 is the button
Seat 1: ResPa (56670, 0.11€ bounty)
Seat 2: chaiko (46696, 0.11€ bounty)
Seat 3: P1xel7 (45145, 0.11€ bounty)
Seat 4: gelletnuts (13152, 0.11€ bounty)
Seat 5: Zmogui52 (47218, 0.52€ bounty)
Seat 6: Silent-hill (91000, 0.16€ bounty)
*** ANTE/BLINDS ***
chaiko posts ante 200
P1xel7 posts ante 200
ResPa posts ante 200
gelletnuts posts ante 200
Zmogui52 posts ante 200
Silent-hill posts ante 200
chaiko posts small blind 800
P1xel7 posts big blind 1600
Dealt to P1xel7 [Js 4s]
*** PRE-FLOP *** 
gelletnuts folds
Zmogui52 folds
Silent-hill folds
ResPa raises 1600 to 3200
chaiko raises 6400 to 9600
P1xel7 folds
ResPa calls 6400
*** FLOP *** [4c 3h Ad]
chaiko bets 7700
ResPa calls 7700
*** TURN *** [4c 3h Ad][5s]
chaiko checks
ResPa checks
*** RIVER *** [4c 3h Ad 5s][6d]
chaiko bets 29196 and is all-in
ResPa calls 29196
*** SHOW DOWN ***
chaiko shows [Jh Qh] (High card : Ace)
ResPa shows [2d 4d] (Straight 6 high)
ResPa collected 95792 from pot
*** SUMMARY ***
Total pot 95792 | No rake
Board: [4c 3h Ad 5s 6d]
Seat 1: ResPa (button) showed [2d 4d] and won 95792 with Straight 6 high
Seat 2: chaiko (small blind) showed [Jh Qh] and lost with High card : Ace


Winamax Poker - Tournament "Kill The Fish" buyIn: 0.22€ + 0.03€ level: 13 - HandId: #3216086586580009015-64-1708977796 - Holdem no limit (200/800/1600) - 2024/02/26 20:03:16 UTC
Table: 'Kill The Fish(748803510)#054' 6-max (real money) Seat #2 is the button
Seat 1: ResPa (105766, 0.16€ bounty)
Seat 3: P1xel7 (43345, 0.11€ bounty)
Seat 4: gelletnuts (12952, 0.11€ bounty)
Seat 5: Zmogui52 (47018, 0.52€ bounty)
Seat 6: Silent-hill (90800, 0.16€ bounty)
*** ANTE/BLINDS ***
P1xel7 posts ante 200
gelletnuts posts ante 200
ResPa posts ante 200
Zmogui52 posts ante 200
Silent-hill posts ante 200
P1xel7 posts small blind 800
gelletnuts posts big blind 1600
Dealt to P1xel7 [7c Jh]
*** PRE-FLOP *** 
Zmogui52 folds
Silent-hill folds
ResPa raises 1600 to 3200
P1xel7 folds
gelletnuts folds
ResPa collected 6600 from pot
*** SUMMARY ***
Total pot 6600 | No rake
Seat 1: ResPa won 6600


Winamax Poker - Tournament "Kill The Fish" buyIn: 0.22€ + 0.03€ level: 13 - HandId: #3216086586580009015-65-1708977818 - Holdem no limit (200/800/1600) - 2024/02/26 20:03:38 UTC
Table: 'Kill The Fish(748803510)#054' 6-max (real money) Seat #3 is the button
Seat 1: ResPa (108966, 0.16€ bounty)
Seat 2: Dida Mother (60191, 0.24€ bounty)
Seat 3: P1xel7 (42345, 0.11€ bounty)
Seat 4: gelletnuts (11152, 0.11€ bounty)
Seat 5: Zmogui52 (46818, 0.52€ bounty)
Seat 6: Silent-hill (90600, 0.16€ bounty)
*** ANTE/BLINDS ***
gelletnuts posts ante 200
Zmogui52 posts ante 200
ResPa posts ante 200
Dida Mother posts ante 200
P1xel7 posts ante 200
Silent-hill posts ante 200
gelletnuts posts small blind 800
Zmogui52 posts big blind 1600
Dealt to P1xel7 [Ts Ad]
*** PRE-FLOP *** 
Silent-hill folds
ResPa raises 1600 to 3200
Dida Mother folds
P1xel7 raises 6400 to 9600
gelletnuts folds
Zmogui52 folds
ResPa calls 6400
*** FLOP *** [6s 6d 8d]
ResPa checks
P1xel7 bets 32545 and is all-in
ResPa folds
P1xel7 collected 55345 from pot
*** SUMMARY ***
Total pot 55345 | No rake
Board: [6s 6d 8d]
Seat 3: P1xel7 (button) won 55345


Winamax Poker - Tournament "Kill The Fish" buyIn: 0.22€ + 0.03€ level: 13 - HandId: #3216086586580009015-66-1708977872 - Holdem no limit (200/800/1600) - 2024/02/26 20:04:32 UTC
Table: 'Kill The Fish(748803510)#054' 6-max (real money) Seat #4 is the button
Seat 1: ResPa (99166, 0.16€ bounty)
Seat 2: Dida Mother (59991, 0.24€ bounty)
Seat 3: P1xel7 (55345, 0.11€ bounty)
Seat 4: gelletnuts (10152, 0.11€ bounty)
Seat 5: Zmogui52 (45018, 0.52€ bounty)
Seat 6: Silent-hill (90400, 0.16€ bounty)
*** ANTE/BLINDS ***
Zmogui52 posts ante 200
Silent-hill posts ante 200
ResPa posts ante 200
Dida Mother posts ante 200
P1xel7 posts ante 200
gelletnuts posts ante 200
Zmogui52 posts small blind 800
Silent-hill posts big blind 1600
Dealt to P1xel7 [4d As]
*** PRE-FLOP *** 
ResPa folds
Dida Mother folds
P1xel7 folds
gelletnuts raises 8352 to 9952 and is all-in
Zmogui52 folds
Silent-hill folds
gelletnuts collected 13552 from pot
*** SUMMARY ***
Total pot 13552 | No rake
Seat 4: gelletnuts (button) won 13552


Winamax Poker - Tournament "Kill The Fish" buyIn: 0.22€ + 0.03€ level: 13 - HandId: #3216086586580009015-67-1708977907 - Holdem no limit (200/800/1600) - 2024/02/26 20:05:07 UTC
Table: 'Kill The Fish(748803510)#054' 6-max (real money) Seat #5 is the button
Seat 1: ResPa (98966, 0.16€ bounty)
Seat 2: Dida Mother (59791, 0.24€ bounty)
Seat 3: P1xel7 (55145, 0.11€ bounty)
Seat 4: gelletnuts (13552, 0.11€ bounty)
Seat 5: Zmogui52 (44018, 0.52€ bounty)
Seat 6: Silent-hill (88600, 0.16€ bounty)
*** ANTE/BLINDS ***
Silent-hill posts ante 200
ResPa posts ante 200
Dida Mother posts ante 200
P1xel7 posts ante 200
gelletnuts posts ante 200
Zmogui52 posts ante 200
Silent-hill posts small blind 800
ResPa posts big blind 1600
Dealt to P1xel7 [8d Qd]
*** PRE-FLOP *** 
Dida Mother calls 1600
P1xel7 folds
gelletnuts raises 11752 to 13352 and is all-in
Zmogui52 folds
Silent-hill folds
ResPa folds
Dida Mother folds
gelletnuts collected 18552 from pot
*** SUMMARY ***
Total pot 18552 | No rake
Seat 4: gelletnuts won 18552


Winamax Poker - Tournament "Kill The Fish" buyIn: 0.22€ + 0.03€ level: 13 - HandId: #3216086586580009015-68-1708977934 - Holdem no limit (200/800/1600) - 2024/02/26 20:05:34 UTC
Table: 'Kill The Fish(748803510)#054' 6-max (real money) Seat #6 is the button
Seat 1: ResPa (97166, 0.16€ bounty)
Seat 2: Dida Mother (57991, 0.24€ bounty)
Seat 3: P1xel7 (54945, 0.11€ bounty)
Seat 4: gelletnuts (18552, 0.11€ bounty)
Seat 5: Zmogui52 (43818, 0.52€ bounty)
Seat 6: Silent-hill (87600, 0.16€ bounty)
*** ANTE/BLINDS ***
ResPa posts ante 200
Dida Mother posts ante 200
P1xel7 posts ante 200
gelletnuts posts ante 200
Zmogui52 posts ante 200
Silent-hill posts ante 200
ResPa posts small blind 800
Dida Mother posts big blind 1600
Dealt to P1xel7 [9s 2c]
*** PRE-FLOP *** 
P1xel7 folds
gelletnuts folds
Zmogui52 folds
Silent-hill folds
ResPa raises 4000 to 5600
Dida Mother folds
ResPa collected 8400 from pot
*** SUMMARY ***
Total pot 8400 | No rake
Seat 1: ResPa (small blind) won 8400


Winamax Poker - Tournament "Kill The Fish" buyIn: 0.22€ + 0.03€ level: 13 - HandId: #3216086586580008977-91-1708977997 - Holdem no limit (200/800/1600) - 2024/02/26 20:06:37 UTC
Table: 'Kill The Fish(748803510)#016' 6-max (real money) Seat #1 is the button
Seat 1: 9euros55 (252582, 0.28€ bounty)
Seat 3: Capricorne08 (56085, 0.11€ bounty)
Seat 4: Clarraa_44 (134533, 0.53€ bounty)
Seat 5: Afif94 (24646, 0.11€ bounty)
Seat 6: P1xel7 (54745, 0.11€ bounty)
*** ANTE/BLINDS ***
Capricorne08 posts ante 200
Clarraa_44 posts ante 200
9euros55 posts ante 200
Afif94 posts ante 200
P1xel7 posts ante 200
Capricorne08 posts small blind 800
Clarraa_44 posts big blind 1600
Dealt to P1xel7 [Kc Ah]
*** PRE-FLOP *** 
Afif94 calls 1600
P1xel7 raises 6400 to 8000
9euros55 folds
Capricorne08 folds
Clarraa_44 folds
Afif94 raises 16446 to 24446 and is all-in
P1xel7 calls 16446
*** FLOP *** [5h Qd Ad]
*** TURN *** [5h Qd Ad][Ts]
*** RIVER *** [5h Qd Ad Ts][Ks]
*** SHOW DOWN ***
Afif94 shows [Qh 9s] (One pair : Queens)
P1xel7 shows [Kc Ah] (Two pairs : Aces and Kings)
P1xel7 collected 52292 from pot
*** SUMMARY ***
Total pot 52292 | No rake
Board: [5h Qd Ad Ts Ks]
Seat 5: Afif94 showed [Qh 9s] and lost with One pair : Queens
Seat 6: P1xel7 showed [Kc Ah] and won 52292 with Two pairs : Aces and Kings


Winamax Poker - Tournament "Kill The Fish" buyIn: 0.22€ + 0.03€ level: 14 - HandId: #3216086586580008977-92-1708978035 - Holdem no limit (250/1000/2000) - 2024/02/26 20:07:15 UTC
Table: 'Kill The Fish(748803510)#016' 6-max (real money) Seat #3 is the button
Seat 1: 9euros55 (252382, 0.28€ bounty)
Seat 2: PALEX113 (26709, 0.11€ bounty)
Seat 3: Capricorne08 (55085, 0.11€ bounty)
Seat 4: Clarraa_44 (132733, 0.53€ bounty)
Seat 6: P1xel7 (82391, 0.16€ bounty)
*** ANTE/BLINDS ***
Clarraa_44 posts ante 250
P1xel7 posts ante 250
9euros55 posts ante 250
PALEX113 posts ante 250
Capricorne08 posts ante 250
Clarraa_44 posts small blind 1000
P1xel7 posts big blind 2000
Dealt to P1xel7 [3h 5s]
*** PRE-FLOP *** 
9euros55 folds
PALEX113 calls 2000
Capricorne08 folds
Clarraa_44 calls 1000
P1xel7 checks
*** FLOP *** [5c 2s Jd]
Clarraa_44 checks
P1xel7 bets 4000
PALEX113 folds
Clarraa_44 calls 4000
*** TURN *** [5c 2s Jd][6h]
Clarraa_44 checks
P1xel7 bets 6000
Clarraa_44 calls 6000
*** RIVER *** [5c 2s Jd 6h][Ah]
Clarraa_44 checks
P1xel7 checks
*** SHOW DOWN ***
P1xel7 shows [3h 5s] (One pair : 5)
Clarraa_44 shows [Ad Qc] (One pair : Aces)
Clarraa_44 collected 27250 from pot
*** SUMMARY ***
Total pot 27250 | No rake
Board: [5c 2s Jd 6h Ah]
Seat 4: Clarraa_44 (small blind) showed [Ad Qc] and won 27250 with One pair : Aces
Seat 6: P1xel7 (big blind) showed [3h 5s] and lost with One pair : 5


Winamax Poker - Tournament "Kill The Fish" buyIn: 0.22€ + 0.03€ level: 14 - HandId: #3216086586580008977-93-1708978084 - Holdem no limit (250/1000/2000) - 2024/02/26 20:08:04 UTC
Table: 'Kill The Fish(748803510)#016' 6-max (real money) Seat #4 is the button
Seat 1: 9euros55 (252132, 0.28€ bounty)
Seat 2: PALEX113 (24459, 0.11€ bounty)
Seat 3: Capricorne08 (54835, 0.11€ bounty)
Seat 4: Clarraa_44 (147733, 0.53€ bounty)
Seat 6: P1xel7 (70141, 0.16€ bounty)
*** ANTE/BLINDS ***
P1xel7 posts ante 250
9euros55 posts ante 250
PALEX113 posts ante 250
Capricorne08 posts ante 250
Clarraa_44 posts ante 250
P1xel7 posts small blind 1000
9euros55 posts big blind 2000
Dealt to P1xel7 [7s Kh]
*** PRE-FLOP *** 
PALEX113 folds
Capricorne08 calls 2000
Clarraa_44 calls 2000
P1xel7 folds
9euros55 checks
*** FLOP *** [4s Js 2c]
9euros55 checks
Capricorne08 bets 4125
Clarraa_44 calls 4125
9euros55 folds
*** TURN *** [4s Js 2c][Ks]
Capricorne08 bets 3000
Clarraa_44 calls 3000
*** RIVER *** [4s Js 2c Ks][Ts]
Capricorne08 checks
Clarraa_44 checks
*** SHOW DOWN ***
Capricorne08 shows [Jh Th] (Two pairs : Jacks and Tens)
Clarraa_44 shows [Td Jc] (Two pairs : Jacks and Tens)
Clarraa_44 collected 11250 from pot
Capricorne08 collected 11250 from pot
*** SUMMARY ***
Total pot 22500 | No rake
Board: [4s Js 2c Ks Ts]
Seat 3: Capricorne08 showed [Jh Th] and won 11250 with Two pairs : Jacks and Tens
Seat 4: Clarraa_44 (button) showed [Td Jc] and won 11250 with Two pairs : Jacks and Tens


Winamax Poker - Tournament "Kill The Fish" buyIn: 0.22€ + 0.03€ level: 14 - HandId: #3216086586580008977-94-1708978130 - Holdem no limit (250/1000/2000) - 2024/02/26 20:08:50 UTC
Table: 'Kill The Fish(748803510)#016' 6-max (real money) Seat #6 is the button
Seat 1: 9euros55 (249882, 0.28€ bounty)
Seat 2: PALEX113 (24209, 0.11€ bounty)
Seat 3: Capricorne08 (56710, 0.11€ bounty)
Seat 4: Clarraa_44 (149608, 0.53€ bounty)
Seat 6: P1xel7 (68891, 0.16€ bounty)
*** ANTE/BLINDS ***
9euros55 posts ante 250
PALEX113 posts ante 250
Capricorne08 posts ante 250
Clarraa_44 posts ante 250
P1xel7 posts ante 250
9euros55 posts small blind 1000
PALEX113 posts big blind 2000
Dealt to P1xel7 [9d As]
*** PRE-FLOP *** 
Capricorne08 folds
Clarraa_44 folds
P1xel7 raises 3000 to 5000
9euros55 folds
PALEX113 calls 3000
*** FLOP *** [Jc Tc Jd]
PALEX113 checks
P1xel7 bets 4000
PALEX113 calls 4000
*** TURN *** [Jc Tc Jd][2d]
PALEX113 checks
P1xel7 bets 59641 and is all-in
PALEX113 folds
P1xel7 collected 79891 from pot
*** SUMMARY ***
Total pot 79891 | No rake
Board: [Jc Tc Jd 2d]
Seat 6: P1xel7 (button) won 79891


Winamax Poker - Tournament "Kill The Fish" buyIn: 0.22€ + 0.03€ level: 14 - HandId: #3216086586580008977-95-1708978166 - Holdem no limit (250/1000/2000) - 2024/02/26 20:09:26 UTC
Table: 'Kill The Fish(748803510)#016' 6-max (real money) Seat #1 is the button
Seat 1: 9euros55 (248632, 0.28€ bounty)
Seat 2: PALEX113 (14959, 0.11€ bounty)
Seat 3: Capricorne08 (56460, 0.11€ bounty)
Seat 4: Clarraa_44 (149358, 0.53€ bounty)
Seat 5: alekseyYvane (17622, 0.16€ bounty)
Seat 6: P1xel7 (79891, 0.16€ bounty)
*** ANTE/BLINDS ***
PALEX113 posts ante 250
Capricorne08 posts ante 250
9euros55 posts ante 250
Clarraa_44 posts ante 250
alekseyYvane posts ante 250
P1xel7 posts ante 250
PALEX113 posts small blind 1000
Capricorne08 posts big blind 2000
Dealt to P1xel7 [5c 4s]
*** PRE-FLOP *** 
Clarraa_44 calls 2000
alekseyYvane calls 2000
P1xel7 folds
9euros55 raises 5000 to 7000
PALEX113 calls 6000
Capricorne08 folds
Clarraa_44 folds
alekseyYvane raises 10372 to 17372 and is all-in
9euros55 raises 11628 to 29000
PALEX113 calls 7709 and is all-in
*** FLOP *** [3c 5d Jd]
*** TURN *** [3c 5d Jd][Th]
*** RIVER *** [3c 5d Jd Th][9c]
*** SHOW DOWN ***
PALEX113 shows [7s 7c] (One pair : 7)
alekseyYvane shows [Ad 3h] (One pair : 3)
9euros55 shows [As Jc] (One pair : Jacks)
9euros55 collected 66581 from pot
*** SUMMARY ***
Total pot 66581 | No rake
Board: [3c 5d Jd Th 9c]
Seat 1: 9euros55 (button) showed [As Jc] and won 66581 with One pair : Jacks
Seat 2: PALEX113 (small blind) showed [7s 7c] and lost with One pair : 7
Seat 5: alekseyYvane showed [Ad 3h] and lost with One pair : 3


Winamax Poker - Tournament "Kill The Fish" buyIn: 0.22€ + 0.03€ level: 14 - HandId: #3216086586580008977-96-1708978210 - Holdem no limit (250/1000/2000) - 2024/02/26 20:10:10 UTC
Table: 'Kill The Fish(748803510)#016' 6-max (real money) Seat #2 is the button
Seat 1: 9euros55 (285963, 0.41€ bounty)
Seat 3: Capricorne08 (54210, 0.11€ bounty)
Seat 4: Clarraa_44 (147108, 0.53€ bounty)
Seat 6: P1xel7 (79641, 0.16€ bounty)
*** ANTE/BLINDS ***
Capricorne08 posts ante 250
Clarraa_44 posts ante 250
9euros55 posts ante 250
P1xel7 posts ante 250
Capricorne08 posts small blind 1000
Clarraa_44 posts big blind 2000
Dealt to P1xel7 [6d Jh]
*** PRE-FLOP *** 
P1xel7 folds
9euros55 folds
Capricorne08 raises 2000 to 4000
Clarraa_44 calls 2000
*** FLOP *** [9s Kh Td]
Capricorne08 bets 3150
Clarraa_44 calls 3150
*** TURN *** [9s Kh Td][8h]
Capricorne08 checks
Clarraa_44 checks
*** RIVER *** [9s Kh Td 8h][Ad]
Capricorne08 bets 9945
Clarraa_44 folds
Capricorne08 collected 25245 from pot
*** SUMMARY ***
Total pot 25245 | No rake
Board: [9s Kh Td 8h Ad]
Seat 3: Capricorne08 (small blind) won 25245


Winamax Poker - Tournament "Kill The Fish" buyIn: 0.22€ + 0.03€ level: 14 - HandId: #3216086586580008977-97-1708978241 - Holdem no limit (250/1000/2000) - 2024/02/26 20:10:41 UTC
Table: 'Kill The Fish(748803510)#016' 6-max (real money) Seat #3 is the button
Seat 1: 9euros55 (285713, 0.41€ bounty)
Seat 2: Lunatika87 (17691, 0.21€ bounty)
Seat 3: Capricorne08 (62110, 0.11€ bounty)
Seat 4: Clarraa_44 (139708, 0.53€ bounty)
Seat 5: KarmaFuck19 (27648, 0.11€ bounty)
Seat 6: P1xel7 (79391, 0.16€ bounty)
*** ANTE/BLINDS ***
Clarraa_44 posts ante 250
KarmaFuck19 posts ante 250
9euros55 posts ante 250
Lunatika87 posts ante 250
Capricorne08 posts ante 250
P1xel7 posts ante 250
Clarraa_44 posts small blind 1000
KarmaFuck19 posts big blind 2000
Dealt to P1xel7 [Jd 9c]
*** PRE-FLOP *** 
P1xel7 folds
9euros55 folds
Lunatika87 folds
Capricorne08 folds
Clarraa_44 raises 5500 to 7500
KarmaFuck19 raises 19898 to 27398 and is all-in
Clarraa_44 calls 19898
*** FLOP *** [As 7h 4c]
*** TURN *** [As 7h 4c][9h]
*** RIVER *** [As 7h 4c 9h][Jc]
*** SHOW DOWN ***
KarmaFuck19 shows [Ad Js] (Two pairs : Aces and Jacks)
Clarraa_44 shows [4d 4s] (Trips of 4)
Clarraa_44 collected 56296 from pot
*** SUMMARY ***
Total pot 56296 | No rake
Board: [As 7h 4c 9h Jc]
Seat 4: Clarraa_44 (small blind) showed [4d 4s] and won 56296 with Trips of 4
Seat 5: KarmaFuck19 (big blind) showed [Ad Js] and lost with Two pairs : Aces and Jacks


Winamax Poker - Tournament "Kill The Fish" buyIn: 0.22€ + 0.03€ level: 14 - HandId: #3216086586580008977-98-1708978291 - Holdem no limit (250/1000/2000) - 2024/02/26 20:11:31 UTC
Table: 'Kill The Fish(748803510)#016' 6-max (real money) Seat #4 is the button
Seat 1: 9euros55 (285463, 0.41€ bounty)
Seat 2: Lunatika87 (17441, 0.21€ bounty)
Seat 3: Capricorne08 (61860, 0.11€ bounty)
Seat 4: Clarraa_44 (168356, 0.58€ bounty)
Seat 6: P1xel7 (79141, 0.16€ bounty)
*** ANTE/BLINDS ***
P1xel7 posts ante 250
9euros55 posts ante 250
Lunatika87 posts ante 250
Capricorne08 posts ante 250
Clarraa_44 posts ante 250
P1xel7 posts big blind 2000
Dealt to P1xel7 [Jd Th]
*** PRE-FLOP *** 
9euros55 folds
Lunatika87 folds
Capricorne08 folds
Clarraa_44 raises 2000 to 4000
P1xel7 calls 2000
*** FLOP *** [Qc 8c 6c]
P1xel7 checks
Clarraa_44 bets 7400
P1xel7 folds
Clarraa_44 collected 16650 from pot
*** SUMMARY ***
Total pot 16650 | No rake
Board: [Qc 8c 6c]
Seat 4: Clarraa_44 (button) won 16650


Winamax Poker - Tournament "Kill The Fish" buyIn: 0.22€ + 0.03€ level: 14 - HandId: #3216086586580008977-99-1708978316 - Holdem no limit (250/1000/2000) - 2024/02/26 20:11:56 UTC
Table: 'Kill The Fish(748803510)#016' 6-max (real money) Seat #5 is the button
Seat 1: 9euros55 (285213, 0.41€ bounty)
Seat 2: Lunatika87 (17191, 0.21€ bounty)
Seat 3: Capricorne08 (61610, 0.11€ bounty)
Seat 4: Clarraa_44 (173356, 0.58€ bounty)
Seat 6: P1xel7 (74891, 0.16€ bounty)
*** ANTE/BLINDS ***
P1xel7 posts ante 250
9euros55 posts ante 250
Lunatika87 posts ante 250
Capricorne08 posts ante 250
Clarraa_44 posts ante 250
P1xel7 posts small blind 1000
9euros55 posts big blind 2000
Dealt to P1xel7 [2d Qd]
*** PRE-FLOP *** 
Lunatika87 raises 2000 to 4000
Capricorne08 folds
Clarraa_44 calls 4000
P1xel7 folds
9euros55 folds
*** FLOP *** [4s 7c Th]
Lunatika87 bets 7963
Clarraa_44 folds
Lunatika87 collected 20213 from pot
*** SUMMARY ***
Total pot 20213 | No rake
Board: [4s 7c Th]
Seat 2: Lunatika87 won 20213


Winamax Poker - Tournament "Kill The Fish" buyIn: 0.22€ + 0.03€ level: 15 - HandId: #3216086586580008977-100-1708978338 - Holdem no limit (300/1250/2500) - 2024/02/26 20:12:18 UTC
Table: 'Kill The Fish(748803510)#016' 6-max (real money) Seat #6 is the button
Seat 1: 9euros55 (282963, 0.41€ bounty)
Seat 2: Lunatika87 (25191, 0.21€ bounty)
Seat 3: Capricorne08 (61360, 0.11€ bounty)
Seat 4: Clarraa_44 (169106, 0.58€ bounty)
Seat 6: P1xel7 (73641, 0.16€ bounty)
*** ANTE/BLINDS ***
9euros55 posts ante 300
Lunatika87 posts ante 300
Capricorne08 posts ante 300
Clarraa_44 posts ante 300
P1xel7 posts ante 300
9euros55 posts small blind 1250
Lunatika87 posts big blind 2500
Dealt to P1xel7 [2d 7d]
*** PRE-FLOP *** 
Capricorne08 folds
Clarraa_44 calls 2500
P1xel7 folds
9euros55 folds
Lunatika87 raises 22391 to 24891 and is all-in
Clarraa_44 folds
Lunatika87 collected 30141 from pot
*** SUMMARY ***
Total pot 30141 | No rake
Seat 2: Lunatika87 (big blind) won 30141


Winamax Poker - Tournament "Kill The Fish" buyIn: 0.22€ + 0.03€ level: 15 - HandId: #3216086586580008977-101-1708978354 - Holdem no limit (300/1250/2500) - 2024/02/26 20:12:34 UTC
Table: 'Kill The Fish(748803510)#016' 6-max (real money) Seat #1 is the button
Seat 1: 9euros55 (281413, 0.41€ bounty)
Seat 2: Lunatika87 (30141, 0.21€ bounty)
Seat 3: Capricorne08 (61060, 0.11€ bounty)
Seat 4: Clarraa_44 (166306, 0.58€ bounty)
Seat 6: P1xel7 (73341, 0.16€ bounty)
*** ANTE/BLINDS ***
Lunatika87 posts ante 300
Capricorne08 posts ante 300
9euros55 posts ante 300
Clarraa_44 posts ante 300
P1xel7 posts ante 300
Lunatika87 posts small blind 1250
Capricorne08 posts big blind 2500
Dealt to P1xel7 [4d 5c]
*** PRE-FLOP *** 
Clarraa_44 folds
P1xel7 folds
9euros55 folds
Lunatika87 folds
Capricorne08 collected 5250 from pot
*** SUMMARY ***
Total pot 5250 | No rake
Seat 3: Capricorne08 (big blind) won 5250


Winamax Poker - Tournament "Kill The Fish" buyIn: 0.22€ + 0.03€ level: 15 - HandId: #3216086586580008977-102-1708978375 - Holdem no limit (300/1250/2500) - 2024/02/26 20:12:55 UTC
Table: 'Kill The Fish(748803510)#016' 6-max (real money) Seat #2 is the button
Seat 1: 9euros55 (281113, 0.41€ bounty)
Seat 2: Lunatika87 (28591, 0.21€ bounty)
Seat 3: Capricorne08 (63510, 0.11€ bounty)
Seat 4: Clarraa_44 (166006, 0.58€ bounty)
Seat 6: P1xel7 (73041, 0.16€ bounty)
*** ANTE/BLINDS ***
Capricorne08 posts ante 300
Clarraa_44 posts ante 300
9euros55 posts ante 300
Lunatika87 posts ante 300
P1xel7 posts ante 300
Capricorne08 posts small blind 1250
Clarraa_44 posts big blind 2500
Dealt to P1xel7 [6d 8s]
*** PRE-FLOP *** 
P1xel7 folds
9euros55 folds
Lunatika87 raises 25791 to 28291 and is all-in
Capricorne08 folds
Clarraa_44 folds
Lunatika87 collected 33541 from pot
*** SUMMARY ***
Total pot 33541 | No rake
Seat 2: Lunatika87 (button) won 33541


Winamax Poker - Tournament "Kill The Fish" buyIn: 0.22€ + 0.03€ level: 15 - HandId: #3216086586580008977-103-1708978397 - Holdem no limit (300/1250/2500) - 2024/02/26 20:13:17 UTC
Table: 'Kill The Fish(748803510)#016' 6-max (real money) Seat #3 is the button
Seat 1: 9euros55 (280813, 0.41€ bounty)
Seat 2: Lunatika87 (33541, 0.21€ bounty)
Seat 3: Capricorne08 (61960, 0.11€ bounty)
Seat 4: Clarraa_44 (163206, 0.58€ bounty)
Seat 6: P1xel7 (72741, 0.16€ bounty)
*** ANTE/BLINDS ***
Clarraa_44 posts ante 300
P1xel7 posts ante 300
9euros55 posts ante 300
Lunatika87 posts ante 300
Capricorne08 posts ante 300
Clarraa_44 posts small blind 1250
P1xel7 posts big blind 2500
Dealt to P1xel7 [5c 7s]
*** PRE-FLOP *** 
9euros55 raises 2500 to 5000
Lunatika87 folds
Capricorne08 folds
Clarraa_44 folds
P1xel7 folds
9euros55 collected 10250 from pot
*** SUMMARY ***
Total pot 10250 | No rake
Seat 1: 9euros55 won 10250


Winamax Poker - Tournament "Kill The Fish" buyIn: 0.22€ + 0.03€ level: 15 - HandId: #3216086586580008977-104-1708978418 - Holdem no limit (300/1250/2500) - 2024/02/26 20:13:38 UTC
Table: 'Kill The Fish(748803510)#016' 6-max (real money) Seat #4 is the button
Seat 1: 9euros55 (285763, 0.41€ bounty)
Seat 2: Lunatika87 (33241, 0.21€ bounty)
Seat 3: Capricorne08 (61660, 0.11€ bounty)
Seat 4: Clarraa_44 (161656, 0.58€ bounty)
Seat 6: P1xel7 (69941, 0.16€ bounty)
*** ANTE/BLINDS ***
P1xel7 posts ante 300
9euros55 posts ante 300
Lunatika87 posts ante 300
Capricorne08 posts ante 300
Clarraa_44 posts ante 300
P1xel7 posts small blind 1250
9euros55 posts big blind 2500
Dealt to P1xel7 [9h 8s]
*** PRE-FLOP *** 
Lunatika87 folds
Capricorne08 calls 2500
Clarraa_44 raises 2500 to 5000
P1xel7 calls 3750
9euros55 raises 19000 to 24000
Capricorne08 folds
Clarraa_44 calls 19000
P1xel7 folds
*** FLOP *** [7h Jd Ks]
9euros55 bets 28500
Clarraa_44 folds
9euros55 collected 85500 from pot
*** SUMMARY ***
Total pot 85500 | No rake
Board: [7h Jd Ks]
Seat 1: 9euros55 (big blind) won 85500


Winamax Poker - Tournament "Kill The Fish" buyIn: 0.22€ + 0.03€ level: 15 - HandId: #3216086586580008977-105-1708978473 - Holdem no limit (300/1250/2500) - 2024/02/26 20:14:33 UTC
Table: 'Kill The Fish(748803510)#016' 6-max (real money) Seat #6 is the button
Seat 1: 9euros55 (318463, 0.41€ bounty)
Seat 2: Lunatika87 (32941, 0.21€ bounty)
Seat 3: Capricorne08 (58860, 0.11€ bounty)
Seat 4: Clarraa_44 (137356, 0.58€ bounty)
Seat 6: P1xel7 (64641, 0.16€ bounty)
*** ANTE/BLINDS ***
9euros55 posts ante 300
Lunatika87 posts ante 300
Capricorne08 posts ante 300
Clarraa_44 posts ante 300
P1xel7 posts ante 300
9euros55 posts small blind 1250
Lunatika87 posts big blind 2500
Dealt to P1xel7 [5d 7c]
*** PRE-FLOP *** 
Capricorne08 folds
Clarraa_44 folds
P1xel7 folds
9euros55 calls 1250
Lunatika87 checks
*** FLOP *** [Jh Th Tc]
9euros55 checks
Lunatika87 bets 4225
9euros55 folds
Lunatika87 collected 10725 from pot
*** SUMMARY ***
Total pot 10725 | No rake
Board: [Jh Th Tc]
Seat 2: Lunatika87 (big blind) won 10725


Winamax Poker - Tournament "Kill The Fish" buyIn: 0.22€ + 0.03€ level: 15 - HandId: #3216086586580008977-106-1708978508 - Holdem no limit (300/1250/2500) - 2024/02/26 20:15:08 UTC
Table: 'Kill The Fish(748803510)#016' 6-max (real money) Seat #1 is the button
Seat 1: 9euros55 (315663, 0.41€ bounty)
Seat 2: Lunatika87 (36641, 0.21€ bounty)
Seat 3: Capricorne08 (58560, 0.11€ bounty)
Seat 4: Clarraa_44 (137056, 0.58€ bounty)
Seat 6: P1xel7 (64341, 0.16€ bounty)
*** ANTE/BLINDS ***
Lunatika87 posts ante 300
Capricorne08 posts ante 300
9euros55 posts ante 300
Clarraa_44 posts ante 300
P1xel7 posts ante 300
Lunatika87 posts small blind 1250
Capricorne08 posts big blind 2500
Dealt to P1xel7 [7c 4h]
*** PRE-FLOP *** 
Clarraa_44 calls 2500
P1xel7 folds
9euros55 raises 6250 to 8750
Lunatika87 folds
Capricorne08 calls 6250
Clarraa_44 calls 6250
*** FLOP *** [9d Kd 3c]
Capricorne08 checks
Clarraa_44 bets 2500
9euros55 calls 2500
Capricorne08 folds
*** TURN *** [9d Kd 3c][Js]
Clarraa_44 bets 2500
9euros55 calls 2500
*** RIVER *** [9d Kd 3c Js][3h]
Clarraa_44 bets 31200
9euros55 folds
Clarraa_44 collected 70200 from pot
*** SUMMARY ***
Total pot 70200 | No rake
Board: [9d Kd 3c Js 3h]
Seat 4: Clarraa_44 won 70200


Winamax Poker - Tournament "Kill The Fish" buyIn: 0.22€ + 0.03€ level: 15 - HandId: #3216086586580008977-107-1708978581 - Holdem no limit (300/1250/2500) - 2024/02/26 20:16:21 UTC
Table: 'Kill The Fish(748803510)#016' 6-max (real money) Seat #2 is the button
Seat 1: 9euros55 (301613, 0.41€ bounty)
Seat 2: Lunatika87 (35091, 0.21€ bounty)
Seat 3: Capricorne08 (49510, 0.11€ bounty)
Seat 4: Clarraa_44 (162006, 0.58€ bounty)
Seat 5: TintinAu3bet (140446, 0.29€ bounty)
Seat 6: P1xel7 (64041, 0.16€ bounty)
*** ANTE/BLINDS ***
Capricorne08 posts ante 300
Clarraa_44 posts ante 300
9euros55 posts ante 300
Lunatika87 posts ante 300
TintinAu3bet posts ante 300
P1xel7 posts ante 300
Capricorne08 posts small blind 1250
Clarraa_44 posts big blind 2500
Dealt to P1xel7 [Ts 8s]
*** PRE-FLOP *** 
TintinAu3bet folds
P1xel7 folds
9euros55 folds
Lunatika87 folds
Capricorne08 calls 1250
Clarraa_44 checks
*** FLOP *** [Ad 3d 2s]
Capricorne08 bets 2500
Clarraa_44 folds
Capricorne08 collected 9300 from pot
*** SUMMARY ***
Total pot 9300 | No rake
Board: [Ad 3d 2s]
Seat 3: Capricorne08 (small blind) won 9300


Winamax Poker - Tournament "Kill The Fish" buyIn: 0.22€ + 0.03€ level: 15 - HandId: #3216086586580008977-108-1708978615 - Holdem no limit (300/1250/2500) - 2024/02/26 20:16:55 UTC
Table: 'Kill The Fish(748803510)#016' 6-max (real money) Seat #3 is the button
Seat 1: 9euros55 (301313, 0.41€ bounty)
Seat 2: Lunatika87 (34791, 0.21€ bounty)
Seat 3: Capricorne08 (53510, 0.11€ bounty)
Seat 4: Clarraa_44 (159206, 0.58€ bounty)
Seat 5: TintinAu3bet (140146, 0.29€ bounty)
Seat 6: P1xel7 (63741, 0.16€ bounty)
*** ANTE/BLINDS ***
Clarraa_44 posts ante 300
TintinAu3bet posts ante 300
9euros55 posts ante 300
Lunatika87 posts ante 300
Capricorne08 posts ante 300
P1xel7 posts ante 300
Clarraa_44 posts small blind 1250
TintinAu3bet posts big blind 2500
Dealt to P1xel7 [5c 4c]
*** PRE-FLOP *** 
P1xel7 folds
9euros55 folds
Lunatika87 folds
Capricorne08 folds
Clarraa_44 folds
TintinAu3bet collected 5550 from pot
*** SUMMARY ***
Total pot 5550 | No rake
Seat 5: TintinAu3bet (big blind) won 5550


Winamax Poker - Tournament "Kill The Fish" buyIn: 0.22€ + 0.03€ level: 16 - HandId: #3216086586580008977-109-1708978628 - Holdem no limit (350/1500/3000) - 2024/02/26 20:17:08 UTC
Table: 'Kill The Fish(748803510)#016' 6-max (real money) Seat #4 is the button
Seat 1: 9euros55 (301013, 0.41€ bounty)
Seat 2: Lunatika87 (34491, 0.21€ bounty)
Seat 3: Capricorne08 (53210, 0.11€ bounty)
Seat 4: Clarraa_44 (157656, 0.58€ bounty)
Seat 5: TintinAu3bet (142896, 0.29€ bounty)
Seat 6: P1xel7 (63441, 0.16€ bounty)
*** ANTE/BLINDS ***
TintinAu3bet posts ante 350
P1xel7 posts ante 350
9euros55 posts ante 350
Lunatika87 posts ante 350
Capricorne08 posts ante 350
Clarraa_44 posts ante 350
TintinAu3bet posts small blind 1500
P1xel7 posts big blind 3000
Dealt to P1xel7 [8h 3h]
*** PRE-FLOP *** 
9euros55 folds
Lunatika87 folds
Capricorne08 folds
Clarraa_44 folds
TintinAu3bet calls 1500
P1xel7 checks
*** FLOP *** [Qc 2d 7d]
TintinAu3bet checks
P1xel7 bets 6000
TintinAu3bet raises 13500 to 19500
P1xel7 folds
TintinAu3bet collected 33600 from pot
*** SUMMARY ***
Total pot 33600 | No rake
Board: [Qc 2d 7d]
Seat 5: TintinAu3bet (small blind) won 33600


Winamax Poker - Tournament "Kill The Fish" buyIn: 0.22€ + 0.03€ level: 16 - HandId: #3216086586580008977-110-1708978683 - Holdem no limit (350/1500/3000) - 2024/02/26 20:18:03 UTC
Table: 'Kill The Fish(748803510)#016' 6-max (real money) Seat #5 is the button
Seat 1: 9euros55 (300663, 0.41€ bounty)
Seat 2: Lunatika87 (34141, 0.21€ bounty)
Seat 3: Capricorne08 (52860, 0.11€ bounty)
Seat 4: Clarraa_44 (157306, 0.58€ bounty)
Seat 5: TintinAu3bet (153646, 0.29€ bounty)
Seat 6: P1xel7 (54091, 0.16€ bounty)
*** ANTE/BLINDS ***
P1xel7 posts ante 350
9euros55 posts ante 350
Lunatika87 posts ante 350
Capricorne08 posts ante 350
Clarraa_44 posts ante 350
TintinAu3bet posts ante 350
P1xel7 posts small blind 1500
9euros55 posts big blind 3000
Dealt to P1xel7 [Ad 3d]
*** PRE-FLOP *** 
Lunatika87 folds
Capricorne08 folds
Clarraa_44 folds
TintinAu3bet folds
P1xel7 raises 6000 to 9000
9euros55 folds
P1xel7 collected 14100 from pot
*** SUMMARY ***
Total pot 14100 | No rake
Seat 6: P1xel7 (small blind) won 14100


Winamax Poker - Tournament "Kill The Fish" buyIn: 0.22€ + 0.03€ level: 16 - HandId: #3216086586580008977-111-1708978716 - Holdem no limit (350/1500/3000) - 2024/02/26 20:18:36 UTC
Table: 'Kill The Fish(748803510)#016' 6-max (real money) Seat #6 is the button
Seat 1: 9euros55 (297313, 0.41€ bounty)
Seat 2: Lunatika87 (33791, 0.21€ bounty)
Seat 3: Capricorne08 (52510, 0.11€ bounty)
Seat 4: Clarraa_44 (156956, 0.58€ bounty)
Seat 5: TintinAu3bet (153296, 0.29€ bounty)
Seat 6: P1xel7 (58841, 0.16€ bounty)
*** ANTE/BLINDS ***
9euros55 posts ante 350
Lunatika87 posts ante 350
Capricorne08 posts ante 350
Clarraa_44 posts ante 350
TintinAu3bet posts ante 350
P1xel7 posts ante 350
9euros55 posts small blind 1500
Lunatika87 posts big blind 3000
Dealt to P1xel7 [Qc 4c]
*** PRE-FLOP *** 
Capricorne08 folds
Clarraa_44 folds
TintinAu3bet folds
P1xel7 folds
9euros55 folds
Lunatika87 collected 6600 from pot
*** SUMMARY ***
Total pot 6600 | No rake
Seat 2: Lunatika87 (big blind) won 6600


Winamax Poker - Tournament "Kill The Fish" buyIn: 0.22€ + 0.03€ level: 16 - HandId: #3216086586580008977-112-1708978746 - Holdem no limit (350/1500/3000) - 2024/02/26 20:19:06 UTC
Table: 'Kill The Fish(748803510)#016' 6-max (real money) Seat #1 is the button
Seat 1: 9euros55 (295463, 0.41€ bounty)
Seat 2: Lunatika87 (37041, 0.21€ bounty)
Seat 3: Capricorne08 (52160, 0.11€ bounty)
Seat 4: Clarraa_44 (156606, 0.58€ bounty)
Seat 5: TintinAu3bet (152946, 0.29€ bounty)
Seat 6: P1xel7 (58491, 0.16€ bounty)
*** ANTE/BLINDS ***
Lunatika87 posts ante 350
Capricorne08 posts ante 350
9euros55 posts ante 350
Clarraa_44 posts ante 350
TintinAu3bet posts ante 350
P1xel7 posts ante 350
Lunatika87 posts small blind 1500
Capricorne08 posts big blind 3000
Dealt to P1xel7 [2c 2s]
*** PRE-FLOP *** 
Clarraa_44 folds
TintinAu3bet folds
P1xel7 raises 4500 to 7500
9euros55 folds
Lunatika87 folds
Capricorne08 folds
P1xel7 collected 14100 from pot
*** SUMMARY ***
Total pot 14100 | No rake
Seat 6: P1xel7 won 14100


Winamax Poker - Tournament "Kill The Fish" buyIn: 0.22€ + 0.03€ level: 16 - HandId: #3216086586580008977-113-1708978792 - Holdem no limit (350/1500/3000) - 2024/02/26 20:19:52 UTC
Table: 'Kill The Fish(748803510)#016' 6-max (real money) Seat #2 is the button
Seat 1: 9euros55 (295113, 0.41€ bounty)
Seat 2: Lunatika87 (35191, 0.21€ bounty)
Seat 3: Capricorne08 (48810, 0.11€ bounty)
Seat 4: Clarraa_44 (156256, 0.58€ bounty)
Seat 5: TintinAu3bet (152596, 0.29€ bounty)
Seat 6: P1xel7 (64741, 0.16€ bounty)
*** ANTE/BLINDS ***
Capricorne08 posts ante 350
Clarraa_44 posts ante 350
9euros55 posts ante 350
Lunatika87 posts ante 350
TintinAu3bet posts ante 350
P1xel7 posts ante 350
Capricorne08 posts small blind 1500
Clarraa_44 posts big blind 3000
Dealt to P1xel7 [3s Kc]
*** PRE-FLOP *** 
TintinAu3bet folds
P1xel7 folds
9euros55 folds
Lunatika87 folds
Capricorne08 folds
Clarraa_44 collected 6600 from pot
*** SUMMARY ***
Total pot 6600 | No rake
Seat 4: Clarraa_44 (big blind) won 6600


Winamax Poker - Tournament "Kill The Fish" buyIn: 0.22€ + 0.03€ level: 16 - HandId: #3216086586580008977-114-1708978819 - Holdem no limit (350/1500/3000) - 2024/02/26 20:20:19 UTC
Table: 'Kill The Fish(748803510)#016' 6-max (real money) Seat #3 is the button
Seat 1: 9euros55 (294763, 0.41€ bounty)
Seat 2: Lunatika87 (34841, 0.21€ bounty)
Seat 3: Capricorne08 (46960, 0.11€ bounty)
Seat 4: Clarraa_44 (159506, 0.58€ bounty)
Seat 5: TintinAu3bet (152246, 0.29€ bounty)
Seat 6: P1xel7 (64391, 0.16€ bounty)
*** ANTE/BLINDS ***
Clarraa_44 posts ante 350
TintinAu3bet posts ante 350
9euros55 posts ante 350
Lunatika87 posts ante 350
Capricorne08 posts ante 350
P1xel7 posts ante 350
Clarraa_44 posts small blind 1500
TintinAu3bet posts big blind 3000
Dealt to P1xel7 [4h 3c]
*** PRE-FLOP *** 
P1xel7 folds
9euros55 folds
Lunatika87 folds
Capricorne08 calls 3000
Clarraa_44 folds
TintinAu3bet checks
*** FLOP *** [Th 4c 3d]
TintinAu3bet checks
Capricorne08 bets 3000
TintinAu3bet folds
Capricorne08 collected 12600 from pot
*** SUMMARY ***
Total pot 12600 | No rake
Board: [Th 4c 3d]
Seat 3: Capricorne08 (button) won 12600


Winamax Poker - Tournament "Kill The Fish" buyIn: 0.22€ + 0.03€ level: 16 - HandId: #3216086586580008977-115-1708978873 - Holdem no limit (350/1500/3000) - 2024/02/26 20:21:13 UTC
Table: 'Kill The Fish(748803510)#016' 6-max (real money) Seat #4 is the button
Seat 1: 9euros55 (294413, 0.41€ bounty)
Seat 2: Lunatika87 (34491, 0.21€ bounty)
Seat 3: Capricorne08 (53210, 0.11€ bounty)
Seat 4: Clarraa_44 (157656, 0.58€ bounty)
Seat 5: TintinAu3bet (148896, 0.29€ bounty)
Seat 6: P1xel7 (64041, 0.16€ bounty)
*** ANTE/BLINDS ***
TintinAu3bet posts ante 350
P1xel7 posts ante 350
9euros55 posts ante 350
Lunatika87 posts ante 350
Capricorne08 posts ante 350
Clarraa_44 posts ante 350
TintinAu3bet posts small blind 1500
P1xel7 posts big blind 3000
Dealt to P1xel7 [6c 5h]
*** PRE-FLOP *** 
9euros55 folds
Lunatika87 folds
Capricorne08 raises 3000 to 6000
Clarraa_44 folds
TintinAu3bet folds
P1xel7 calls 3000
*** FLOP *** [8d Qc 3h]
P1xel7 checks
Capricorne08 checks
*** TURN *** [8d Qc 3h][Ts]
P1xel7 checks
Capricorne08 checks
*** RIVER *** [8d Qc 3h Ts][6s]
P1xel7 bets 6000
Capricorne08 folds
P1xel7 collected 21600 from pot
*** SUMMARY ***
Total pot 21600 | No rake
Board: [8d Qc 3h Ts 6s]
Seat 6: P1xel7 (big blind) won 21600


Winamax Poker - Tournament "Kill The Fish" buyIn: 0.22€ + 0.03€ level: 16 - HandId: #3216086586580008977-116-1708978919 - Holdem no limit (350/1500/3000) - 2024/02/26 20:21:59 UTC
Table: 'Kill The Fish(748803510)#016' 6-max (real money) Seat #5 is the button
Seat 1: 9euros55 (294063, 0.41€ bounty)
Seat 2: Lunatika87 (34141, 0.21€ bounty)
Seat 3: Capricorne08 (46860, 0.11€ bounty)
Seat 4: Clarraa_44 (157306, 0.58€ bounty)
Seat 5: TintinAu3bet (147046, 0.29€ bounty)
Seat 6: P1xel7 (73291, 0.16€ bounty)
*** ANTE/BLINDS ***
P1xel7 posts ante 350
9euros55 posts ante 350
Lunatika87 posts ante 350
Capricorne08 posts ante 350
Clarraa_44 posts ante 350
TintinAu3bet posts ante 350
P1xel7 posts small blind 1500
9euros55 posts big blind 3000
Dealt to P1xel7 [9d Tc]
*** PRE-FLOP *** 
Lunatika87 folds
Capricorne08 folds
Clarraa_44 raises 3000 to 6000
TintinAu3bet raises 13500 to 19500
P1xel7 folds
9euros55 folds
Clarraa_44 raises 137456 to 156956 and is all-in
TintinAu3bet calls 127196 and is all-in
*** FLOP *** [9s 3c 5c]
*** TURN *** [9s 3c 5c][2d]
*** RIVER *** [9s 3c 5c 2d][Kc]
*** SHOW DOWN ***
TintinAu3bet shows [Jc Jh] (One pair : Jacks)
Clarraa_44 shows [Qs Qd] (One pair : Queens)
Clarraa_44 collected 310252 from pot
*** SUMMARY ***
Total pot 310252 | No rake
Board: [9s 3c 5c 2d Kc]
Seat 4: Clarraa_44 showed [Qs Qd] and won 310252 with One pair : Queens
Seat 5: TintinAu3bet (button) showed [Jc Jh] and lost with One pair : Jacks


Winamax Poker - Tournament "Kill The Fish" buyIn: 0.22€ + 0.03€ level: 17 - HandId: #3216086586580008977-117-1708978959 - Holdem no limit (400/1750/3500) - 2024/02/26 20:22:39 UTC
Table: 'Kill The Fish(748803510)#016' 6-max (real money) Seat #6 is the button
Seat 1: 9euros55 (290713, 0.41€ bounty)
Seat 2: Lunatika87 (33791, 0.21€ bounty)
Seat 3: Capricorne08 (46510, 0.11€ bounty)
Seat 4: Clarraa_44 (310252, 0.72€ bounty)
Seat 6: P1xel7 (71441, 0.16€ bounty)
*** ANTE/BLINDS ***
9euros55 posts ante 400
Lunatika87 posts ante 400
Capricorne08 posts ante 400
Clarraa_44 posts ante 400
P1xel7 posts ante 400
9euros55 posts small blind 1750
Lunatika87 posts big blind 3500
Dealt to P1xel7 [Qd Jc]
*** PRE-FLOP *** 
Capricorne08 folds
Clarraa_44 calls 3500
P1xel7 raises 10500 to 14000
9euros55 folds
Lunatika87 folds
Clarraa_44 calls 10500
*** FLOP *** [7c Ac Ks]
Clarraa_44 checks
P1xel7 bets 17625
Clarraa_44 calls 17625
*** TURN *** [7c Ac Ks][7h]
Clarraa_44 checks
P1xel7 checks
*** RIVER *** [7c Ac Ks 7h][Th]
Clarraa_44 bets 3500
P1xel7 raises 35916 to 39416 and is all-in
Clarraa_44 calls 35916
*** SHOW DOWN ***
Clarraa_44 shows [Ad 5s] (Two pairs : Aces and 7)
P1xel7 shows [Qd Jc] (Straight Ace high)
P1xel7 collected 149332 from pot
*** SUMMARY ***
Total pot 149332 | No rake
Board: [7c Ac Ks 7h Th]
Seat 4: Clarraa_44 showed [Ad 5s] and lost with Two pairs : Aces and 7
Seat 6: P1xel7 (button) showed [Qd Jc] and won 149332 with Straight Ace high


Winamax Poker - Tournament "Kill The Fish" buyIn: 0.22€ + 0.03€ level: 17 - HandId: #3216086586580008977-118-1708979004 - Holdem no limit (400/1750/3500) - 2024/02/26 20:23:24 UTC
Table: 'Kill The Fish(748803510)#016' 6-max (real money) Seat #1 is the button
Seat 1: 9euros55 (288563, 0.41€ bounty)
Seat 2: Lunatika87 (29891, 0.21€ bounty)
Seat 3: Capricorne08 (46110, 0.11€ bounty)
Seat 4: Clarraa_44 (238811, 0.72€ bounty)
Seat 6: P1xel7 (149332, 0.16€ bounty)
*** ANTE/BLINDS ***
Lunatika87 posts ante 400
Capricorne08 posts ante 400
9euros55 posts ante 400
Clarraa_44 posts ante 400
P1xel7 posts ante 400
Lunatika87 posts small blind 1750
Capricorne08 posts big blind 3500
Dealt to P1xel7 [9d Qc]
*** PRE-FLOP *** 
Clarraa_44 folds
P1xel7 folds
9euros55 raises 3500 to 7000
Lunatika87 folds
Capricorne08 raises 38710 to 45710 and is all-in
9euros55 calls 38710
*** FLOP *** [2d 3c 4s]
*** TURN *** [2d 3c 4s][As]
*** RIVER *** [2d 3c 4s As][3s]
*** SHOW DOWN ***
9euros55 shows [7d 7c] (Two pairs : 7 and 3)
Capricorne08 shows [Ks Ah] (Two pairs : Aces and 3)
Capricorne08 collected 95170 from pot
*** SUMMARY ***
Total pot 95170 | No rake
Board: [2d 3c 4s As 3s]
Seat 1: 9euros55 (button) showed [7d 7c] and lost with Two pairs : 7 and 3
Seat 3: Capricorne08 (big blind) showed [Ks Ah] and won 95170 with Two pairs : Aces and 3


Winamax Poker - Tournament "Kill The Fish" buyIn: 0.22€ + 0.03€ level: 17 - HandId: #3216086586580008977-119-1708979045 - Holdem no limit (400/1750/3500) - 2024/02/26 20:24:05 UTC
Table: 'Kill The Fish(748803510)#016' 6-max (real money) Seat #2 is the button
Seat 1: 9euros55 (242453, 0.41€ bounty)
Seat 2: Lunatika87 (27741, 0.21€ bounty)
Seat 3: Capricorne08 (95170, 0.11€ bounty)
Seat 4: Clarraa_44 (238411, 0.72€ bounty)
Seat 5: saumonbrule (113222, 0.24€ bounty)
Seat 6: P1xel7 (148932, 0.16€ bounty)
*** ANTE/BLINDS ***
Capricorne08 posts ante 400
Clarraa_44 posts ante 400
9euros55 posts ante 400
Lunatika87 posts ante 400
saumonbrule posts ante 400
P1xel7 posts ante 400
Capricorne08 posts small blind 1750
Clarraa_44 posts big blind 3500
Dealt to P1xel7 [3h 9s]
*** PRE-FLOP *** 
saumonbrule folds
P1xel7 folds
9euros55 folds
Lunatika87 raises 23841 to 27341 and is all-in
Capricorne08 folds
Clarraa_44 calls 23841
*** FLOP *** [9h 4s 2c]
*** TURN *** [9h 4s 2c][Jc]
*** RIVER *** [9h 4s 2c Jc][4h]
*** SHOW DOWN ***
Clarraa_44 shows [6s 8d] (One pair : 4)
Lunatika87 shows [Kh Ac] (One pair : 4)
Lunatika87 collected 58832 from pot
*** SUMMARY ***
Total pot 58832 | No rake
Board: [9h 4s 2c Jc 4h]
Seat 2: Lunatika87 (button) showed [Kh Ac] and won 58832 with One pair : 4
Seat 4: Clarraa_44 (big blind) showed [6s 8d] and lost with One pair : 4


Winamax Poker - Tournament "Kill The Fish" buyIn: 0.22€ + 0.03€ level: 17 - HandId: #3216086586580008993-97-1708979085 - Holdem no limit (400/1750/3500) - 2024/02/26 20:24:45 UTC
Table: 'Kill The Fish(748803510)#032' 6-max (real money) Seat #3 is the button
Seat 1: Brenda68 (19320, 0.11€ bounty)
Seat 2: davycroquet (161406, 0.30€ bounty)
Seat 3: chameau38460 (48687, 0.16€ bounty)
Seat 4: proh2ff (42189, 0.11€ bounty)
Seat 5: P1xel7 (148532, 0.16€ bounty)
Seat 6: petercantr (11858, 0.36€ bounty)
*** ANTE/BLINDS ***
proh2ff posts ante 400
P1xel7 posts ante 400
Brenda68 posts ante 400
davycroquet posts ante 400
chameau38460 posts ante 400
petercantr posts ante 400
proh2ff posts small blind 1750
P1xel7 posts big blind 3500
Dealt to P1xel7 [5d 3h]
*** PRE-FLOP *** 
petercantr folds
Brenda68 folds
davycroquet folds
chameau38460 calls 3500
proh2ff folds
P1xel7 checks
*** FLOP *** [As 8c 8h]
P1xel7 checks
chameau38460 checks
*** TURN *** [As 8c 8h][Ts]
P1xel7 checks
chameau38460 checks
*** RIVER *** [As 8c 8h Ts][7s]
P1xel7 checks
chameau38460 bets 3500
P1xel7 calls 3500
*** SHOW DOWN ***
P1xel7 shows [5d 3h] (One pair : 8)
chameau38460 shows [9d Jd] (Straight Jack high)
chameau38460 collected 18150 from pot
*** SUMMARY ***
Total pot 18150 | No rake
Board: [As 8c 8h Ts 7s]
Seat 3: chameau38460 (button) showed [9d Jd] and won 18150 with Straight Jack high
Seat 5: P1xel7 (big blind) showed [5d 3h] and lost with One pair : 8


Winamax Poker - Tournament "Kill The Fish" buyIn: 0.22€ + 0.03€ level: 17 - HandId: #3216086586580008993-98-1708979132 - Holdem no limit (400/1750/3500) - 2024/02/26 20:25:32 UTC
Table: 'Kill The Fish(748803510)#032' 6-max (real money) Seat #4 is the button
Seat 2: davycroquet (161006, 0.30€ bounty)
Seat 3: chameau38460 (59437, 0.16€ bounty)
Seat 4: proh2ff (40039, 0.11€ bounty)
Seat 5: P1xel7 (141132, 0.16€ bounty)
Seat 6: petercantr (11458, 0.36€ bounty)
*** ANTE/BLINDS ***
P1xel7 posts ante 400
petercantr posts ante 400
davycroquet posts ante 400
chameau38460 posts ante 400
proh2ff posts ante 400
P1xel7 posts small blind 1750
petercantr posts big blind 3500
Dealt to P1xel7 [8s 3c]
*** PRE-FLOP *** 
davycroquet folds
chameau38460 raises 3500 to 7000
proh2ff folds
P1xel7 folds
petercantr folds
chameau38460 collected 14250 from pot
*** SUMMARY ***
Total pot 14250 | No rake
Seat 3: chameau38460 won 14250


Winamax Poker - Tournament "Kill The Fish" buyIn: 0.22€ + 0.03€ level: 17 - HandId: #3216086586580008993-99-1708979179 - Holdem no limit (400/1750/3500) - 2024/02/26 20:26:19 UTC
Table: 'Kill The Fish(748803510)#032' 6-max (real money) Seat #5 is the button
Seat 2: davycroquet (160606, 0.30€ bounty)
Seat 3: chameau38460 (66287, 0.16€ bounty)
Seat 4: proh2ff (39639, 0.11€ bounty)
Seat 5: P1xel7 (138982, 0.16€ bounty)
Seat 6: petercantr (7558, 0.36€ bounty)
*** ANTE/BLINDS ***
petercantr posts ante 400
davycroquet posts ante 400
chameau38460 posts ante 400
proh2ff posts ante 400
P1xel7 posts ante 400
petercantr posts small blind 1750
davycroquet posts big blind 3500
Dealt to P1xel7 [6d 9d]
*** PRE-FLOP *** 
chameau38460 folds
proh2ff raises 4375 to 7875
P1xel7 folds
petercantr folds
davycroquet calls 4375
*** FLOP *** [Ts 3s 9s]
davycroquet checks
proh2ff checks
*** TURN *** [Ts 3s 9s][8s]
davycroquet checks
proh2ff bets 6825
davycroquet folds
proh2ff collected 26325 from pot
*** SUMMARY ***
Total pot 26325 | No rake
Board: [Ts 3s 9s 8s]
Seat 4: proh2ff won 26325


Winamax Poker - Tournament "Kill The Fish" buyIn: 0.22€ + 0.03€ level: 18 - HandId: #3216086586580008992-122-1708979261 - Holdem no limit (500/2000/4000) - 2024/02/26 20:27:41 UTC
Table: 'Kill The Fish(748803510)#031' 6-max (real money) Seat #3 is the button
Seat 1: Todo777 (106538, 0.34€ bounty)
Seat 2: Paphnuce (63602, 0.19€ bounty)
Seat 3: Et - Ping (221385, 0.44€ bounty)
Seat 4: Raybenn (125348, 0.31€ bounty)
Seat 5: P1xel7 (138582, 0.16€ bounty)
Seat 6: bigjim79 (86584, 0.34€ bounty)
*** ANTE/BLINDS ***
Raybenn posts ante 500
P1xel7 posts ante 500
Todo777 posts ante 500
Paphnuce posts ante 500
Et - Ping posts ante 500
bigjim79 posts ante 500
Raybenn posts small blind 2000
P1xel7 posts big blind 4000
Dealt to P1xel7 [6s 2h]
*** PRE-FLOP *** 
bigjim79 folds
Todo777 folds
Paphnuce raises 59102 to 63102 and is all-in
Et - Ping folds
Raybenn folds
P1xel7 folds
Paphnuce collected 72102 from pot
*** SUMMARY ***
Total pot 72102 | No rake
Seat 2: Paphnuce won 72102


Winamax Poker - Tournament "Kill The Fish" buyIn: 0.22€ + 0.03€ level: 18 - HandId: #3216086586580008987-139-1708979318 - Holdem no limit (500/2000/4000) - 2024/02/26 20:28:38 UTC
Table: 'Kill The Fish(748803510)#026' 6-max (real money) Seat #5 is the button
Seat 1: BELT (161328, 0.39€ bounty)
Seat 2: Crakowich (45252, 0.21€ bounty)
Seat 3: P1xel7 (134082, 0.16€ bounty)
Seat 4: dificil (116880, 0.25€ bounty)
Seat 5: penn poker (173282, 0.16€ bounty)
Seat 6: Ch3ckMaurice (272308, 0.54€ bounty)
*** ANTE/BLINDS ***
Ch3ckMaurice posts ante 500
BELT posts ante 500
Crakowich posts ante 500
P1xel7 posts ante 500
dificil posts ante 500
penn poker posts ante 500
Ch3ckMaurice posts small blind 2000
BELT posts big blind 4000
Dealt to P1xel7 [3s Kc]
*** PRE-FLOP *** 
Crakowich raises 40752 to 44752 and is all-in
P1xel7 folds
dificil folds
penn poker folds
Ch3ckMaurice folds
BELT calls 40752
*** FLOP *** [Js Td 9h]
*** TURN *** [Js Td 9h][2h]
*** RIVER *** [Js Td 9h 2h][4s]
*** SHOW DOWN ***
Crakowich shows [Ad Kh] (High card : Ace)
BELT shows [9s Th] (Two pairs : Tens and 9)
BELT collected 94504 from pot
*** SUMMARY ***
Total pot 94504 | No rake
Board: [Js Td 9h 2h 4s]
Seat 1: BELT (big blind) showed [9s Th] and won 94504 with Two pairs : Tens and 9
Seat 2: Crakowich showed [Ad Kh] and lost with High card : Ace


Winamax Poker - Tournament "Kill The Fish" buyIn: 0.22€ + 0.03€ level: 18 - HandId: #3216086586580008987-140-1708979376 - Holdem no limit (500/2000/4000) - 2024/02/26 20:29:36 UTC
Table: 'Kill The Fish(748803510)#026' 6-max (real money) Seat #6 is the button
Seat 1: BELT (210580, 0.49€ bounty)
Seat 3: P1xel7 (133582, 0.16€ bounty)
Seat 4: dificil (116380, 0.25€ bounty)
Seat 5: penn poker (172782, 0.16€ bounty)
Seat 6: Ch3ckMaurice (269808, 0.54€ bounty)
*** ANTE/BLINDS ***
BELT posts ante 500
P1xel7 posts ante 500
dificil posts ante 500
penn poker posts ante 500
Ch3ckMaurice posts ante 500
BELT posts small blind 2000
P1xel7 posts big blind 4000
Dealt to P1xel7 [3s Ah]
*** PRE-FLOP *** 
dificil folds
penn poker folds
Ch3ckMaurice folds
BELT calls 2000
P1xel7 checks
*** FLOP *** [Jh Kh 8s]
BELT checks
P1xel7 checks
*** TURN *** [Jh Kh 8s][8d]
BELT checks
P1xel7 checks
*** RIVER *** [Jh Kh 8s 8d][8h]
BELT checks
P1xel7 bets 6000
BELT folds
P1xel7 collected 16500 from pot
*** SUMMARY ***
Total pot 16500 | No rake
Board: [Jh Kh 8s 8d 8h]
Seat 3: P1xel7 (big blind) won 16500


Winamax Poker - Tournament "Kill The Fish" buyIn: 0.22€ + 0.03€ level: 18 - HandId: #3216086586580008987-141-1708979417 - Holdem no limit (500/2000/4000) - 2024/02/26 20:30:17 UTC
Table: 'Kill The Fish(748803510)#026' 6-max (real money) Seat #1 is the button
Seat 1: BELT (206080, 0.49€ bounty)
Seat 2: Zmogui52 (34393, 0.52€ bounty)
Seat 3: P1xel7 (139582, 0.16€ bounty)
Seat 4: dificil (115880, 0.25€ bounty)
Seat 5: penn poker (172282, 0.16€ bounty)
Seat 6: Ch3ckMaurice (269308, 0.54€ bounty)
*** ANTE/BLINDS ***
P1xel7 posts ante 500
dificil posts ante 500
BELT posts ante 500
penn poker posts ante 500
Ch3ckMaurice posts ante 500
P1xel7 posts small blind 2000
dificil posts big blind 4000
Dealt to P1xel7 [Tc Kc]
*** PRE-FLOP *** 
penn poker folds
Ch3ckMaurice folds
BELT calls 4000
P1xel7 raises 16000 to 20000
dificil folds
BELT folds
P1xel7 collected 30500 from pot
*** SUMMARY ***
Total pot 30500 | No rake
Seat 3: P1xel7 (small blind) won 30500


Winamax Poker - Tournament "Kill The Fish" buyIn: 0.22€ + 0.03€ level: 18 - HandId: #3216086586580008987-142-1708979439 - Holdem no limit (500/2000/4000) - 2024/02/26 20:30:39 UTC
Table: 'Kill The Fish(748803510)#026' 6-max (real money) Seat #3 is the button
Seat 1: BELT (201580, 0.49€ bounty)
Seat 2: Zmogui52 (34393, 0.52€ bounty)
Seat 3: P1xel7 (149582, 0.16€ bounty)
Seat 4: dificil (111380, 0.25€ bounty)
Seat 5: penn poker (171782, 0.16€ bounty)
Seat 6: Ch3ckMaurice (268808, 0.54€ bounty)
*** ANTE/BLINDS ***
dificil posts ante 500
penn poker posts ante 500
BELT posts ante 500
Zmogui52 posts ante 500
P1xel7 posts ante 500
Ch3ckMaurice posts ante 500
dificil posts small blind 2000
penn poker posts big blind 4000
Dealt to P1xel7 [Td Ah]
*** PRE-FLOP *** 
Ch3ckMaurice folds
BELT calls 4000
Zmogui52 folds
P1xel7 raises 12000 to 16000
dificil calls 14000
penn poker folds
BELT calls 12000
*** FLOP *** [7s 8h 2c]
dificil bets 4000
BELT calls 4000
P1xel7 calls 4000
*** TURN *** [7s 8h 2c][4s]
dificil bets 23450
BELT folds
P1xel7 folds
dificil collected 90450 from pot
*** SUMMARY ***
Total pot 90450 | No rake
Board: [7s 8h 2c 4s]
Seat 4: dificil (small blind) won 90450


Winamax Poker - Tournament "Kill The Fish" buyIn: 0.22€ + 0.03€ level: 18 - HandId: #3216086586580008987-143-1708979486 - Holdem no limit (500/2000/4000) - 2024/02/26 20:31:26 UTC
Table: 'Kill The Fish(748803510)#026' 6-max (real money) Seat #4 is the button
Seat 1: BELT (181080, 0.49€ bounty)
Seat 2: Zmogui52 (33893, 0.52€ bounty)
Seat 3: P1xel7 (129082, 0.16€ bounty)
Seat 4: dificil (157880, 0.25€ bounty)
Seat 5: penn poker (167282, 0.16€ bounty)
Seat 6: Ch3ckMaurice (268308, 0.54€ bounty)
*** ANTE/BLINDS ***
penn poker posts ante 500
Ch3ckMaurice posts ante 500
BELT posts ante 500
Zmogui52 posts ante 500
P1xel7 posts ante 500
dificil posts ante 500
penn poker posts small blind 2000
Ch3ckMaurice posts big blind 4000
Dealt to P1xel7 [Ks 2c]
*** PRE-FLOP *** 
BELT calls 4000
Zmogui52 folds
P1xel7 folds
dificil folds
penn poker calls 2000
Ch3ckMaurice checks
*** FLOP *** [8d Js 7c]
penn poker checks
Ch3ckMaurice checks
BELT checks
*** TURN *** [8d Js 7c][7s]
penn poker checks
Ch3ckMaurice bets 7500
BELT folds
penn poker folds
Ch3ckMaurice collected 22500 from pot
*** SUMMARY ***
Total pot 22500 | No rake
Board: [8d Js 7c 7s]
Seat 6: Ch3ckMaurice (big blind) won 22500


Winamax Poker - Tournament "Kill The Fish" buyIn: 0.22€ + 0.03€ level: 19 - HandId: #3216086586580008987-144-1708979524 - Holdem no limit (600/2500/5000) - 2024/02/26 20:32:04 UTC
Table: 'Kill The Fish(748803510)#026' 6-max (real money) Seat #5 is the button
Seat 1: BELT (176580, 0.49€ bounty)
Seat 2: Zmogui52 (33393, 0.52€ bounty)
Seat 3: P1xel7 (128582, 0.16€ bounty)
Seat 4: dificil (157380, 0.25€ bounty)
Seat 5: penn poker (162782, 0.16€ bounty)
Seat 6: Ch3ckMaurice (278808, 0.54€ bounty)
*** ANTE/BLINDS ***
Ch3ckMaurice posts ante 600
BELT posts ante 600
Zmogui52 posts ante 600
P1xel7 posts ante 600
dificil posts ante 600
penn poker posts ante 600
Ch3ckMaurice posts small blind 2500
BELT posts big blind 5000
Dealt to P1xel7 [2s 9s]
*** PRE-FLOP *** 
Zmogui52 folds
P1xel7 folds
dificil folds
penn poker calls 5000
Ch3ckMaurice folds
BELT checks
*** FLOP *** [Ks Jh 5s]
BELT checks
penn poker checks
*** TURN *** [Ks Jh 5s][6c]
BELT checks
penn poker checks
*** RIVER *** [Ks Jh 5s 6c][8s]
BELT checks
penn poker checks
*** SHOW DOWN ***
BELT shows [4s 2c] (High card : King)
penn poker shows [Ac Th] (High card : Ace)
penn poker collected 16100 from pot
*** SUMMARY ***
Total pot 16100 | No rake
Board: [Ks Jh 5s 6c 8s]
Seat 1: BELT (big blind) showed [4s 2c] and lost with High card : King
Seat 5: penn poker (button) showed [Ac Th] and won 16100 with High card : Ace


Winamax Poker - Tournament "Kill The Fish" buyIn: 0.22€ + 0.03€ level: 19 - HandId: #3216086586580008987-145-1708979550 - Holdem no limit (600/2500/5000) - 2024/02/26 20:32:30 UTC
Table: 'Kill The Fish(748803510)#026' 6-max (real money) Seat #6 is the button
Seat 1: BELT (170980, 0.49€ bounty)
Seat 2: Zmogui52 (32793, 0.52€ bounty)
Seat 3: P1xel7 (127982, 0.16€ bounty)
Seat 4: dificil (156780, 0.25€ bounty)
Seat 5: penn poker (173282, 0.16€ bounty)
Seat 6: Ch3ckMaurice (275708, 0.54€ bounty)
*** ANTE/BLINDS ***
BELT posts ante 600
Zmogui52 posts ante 600
P1xel7 posts ante 600
dificil posts ante 600
penn poker posts ante 600
Ch3ckMaurice posts ante 600
BELT posts small blind 2500
Zmogui52 posts big blind 5000
Dealt to P1xel7 [Qh 9c]
*** PRE-FLOP *** 
P1xel7 folds
dificil folds
penn poker calls 5000
Ch3ckMaurice calls 5000
BELT calls 2500
Zmogui52 checks
*** FLOP *** [Ah 3c Js]
BELT checks
Zmogui52 checks
penn poker checks
Ch3ckMaurice checks
*** TURN *** [Ah 3c Js][4s]
BELT checks
Zmogui52 checks
penn poker checks
Ch3ckMaurice bets 11800
BELT folds
Zmogui52 folds
penn poker folds
Ch3ckMaurice collected 35400 from pot
*** SUMMARY ***
Total pot 35400 | No rake
Board: [Ah 3c Js 4s]
Seat 6: Ch3ckMaurice (button) won 35400


Winamax Poker - Tournament "Kill The Fish" buyIn: 0.22€ + 0.03€ level: 19 - HandId: #3216086586580008987-146-1708979604 - Holdem no limit (600/2500/5000) - 2024/02/26 20:33:24 UTC
Table: 'Kill The Fish(748803510)#026' 6-max (real money) Seat #1 is the button
Seat 1: BELT (165380, 0.49€ bounty)
Seat 2: Zmogui52 (27193, 0.52€ bounty)
Seat 3: P1xel7 (127382, 0.16€ bounty)
Seat 4: dificil (156180, 0.25€ bounty)
Seat 5: penn poker (167682, 0.16€ bounty)
Seat 6: Ch3ckMaurice (293708, 0.54€ bounty)
*** ANTE/BLINDS ***
Zmogui52 posts ante 600
P1xel7 posts ante 600
BELT posts ante 600
dificil posts ante 600
penn poker posts ante 600
Ch3ckMaurice posts ante 600
Zmogui52 posts small blind 2500
P1xel7 posts big blind 5000
Dealt to P1xel7 [2c 2d]
*** PRE-FLOP *** 
dificil folds
penn poker calls 5000
Ch3ckMaurice folds
BELT calls 5000
Zmogui52 raises 21593 to 26593 and is all-in
P1xel7 calls 21593
penn poker calls 21593
BELT calls 21593
*** FLOP *** [7s 6h 3d]
P1xel7 bets 100189 and is all-in
penn poker folds
BELT folds
*** TURN *** [7s 6h 3d][Ac]
*** RIVER *** [7s 6h 3d Ac][5s]
*** SHOW DOWN ***
Zmogui52 shows [As 4c] (Straight 7 high)
P1xel7 shows [2c 2d] (One pair : 2)
P1xel7 collected 100189 from side pot 1
Zmogui52 collected 109972 from main pot
*** SUMMARY ***
Total pot 210161 | No rake
Board: [7s 6h 3d Ac 5s]
Seat 2: Zmogui52 (small blind) showed [As 4c] and won 109972 with Straight 7 high
Seat 3: P1xel7 (big blind) showed [2c 2d] and won 100189 with One pair : 2


Winamax Poker - Tournament "Kill The Fish" buyIn: 0.22€ + 0.03€ level: 19 - HandId: #3216086586580008987-147-1708979663 - Holdem no limit (600/2500/5000) - 2024/02/26 20:34:23 UTC
Table: 'Kill The Fish(748803510)#026' 6-max (real money) Seat #2 is the button
Seat 1: BELT (138187, 0.49€ bounty)
Seat 2: Zmogui52 (109972, 0.52€ bounty)
Seat 3: P1xel7 (100189, 0.16€ bounty)
Seat 4: dificil (155580, 0.25€ bounty)
Seat 5: penn poker (140489, 0.16€ bounty)
Seat 6: Ch3ckMaurice (293108, 0.54€ bounty)
*** ANTE/BLINDS ***
P1xel7 posts ante 600
dificil posts ante 600
BELT posts ante 600
Zmogui52 posts ante 600
penn poker posts ante 600
Ch3ckMaurice posts ante 600
P1xel7 posts small blind 2500
dificil posts big blind 5000
Dealt to P1xel7 [Qc Ks]
*** PRE-FLOP *** 
penn poker folds
Ch3ckMaurice folds
BELT folds
Zmogui52 folds
P1xel7 raises 7500 to 12500
dificil calls 7500
*** FLOP *** [8h 8c 5h]
P1xel7 bets 12500
dificil folds
P1xel7 collected 41100 from pot
*** SUMMARY ***
Total pot 41100 | No rake
Board: [8h 8c 5h]
Seat 3: P1xel7 (small blind) won 41100


Winamax Poker - Tournament "Kill The Fish" buyIn: 0.22€ + 0.03€ level: 19 - HandId: #3216086586580008987-148-1708979684 - Holdem no limit (600/2500/5000) - 2024/02/26 20:34:44 UTC
Table: 'Kill The Fish(748803510)#026' 6-max (real money) Seat #3 is the button
Seat 1: BELT (137587, 0.49€ bounty)
Seat 2: Zmogui52 (109372, 0.52€ bounty)
Seat 3: P1xel7 (115689, 0.16€ bounty)
Seat 4: dificil (142480, 0.25€ bounty)
Seat 5: penn poker (139889, 0.16€ bounty)
Seat 6: Ch3ckMaurice (292508, 0.54€ bounty)
*** ANTE/BLINDS ***
dificil posts ante 600
penn poker posts ante 600
BELT posts ante 600
Zmogui52 posts ante 600
P1xel7 posts ante 600
Ch3ckMaurice posts ante 600
dificil posts small blind 2500
penn poker posts big blind 5000
Dealt to P1xel7 [6d Ad]
*** PRE-FLOP *** 
Ch3ckMaurice folds
BELT calls 5000
Zmogui52 folds
P1xel7 folds
dificil raises 10000 to 15000
penn poker folds
BELT calls 10000
*** FLOP *** [Kd 8c 8d]
dificil bets 5000
BELT raises 116987 to 121987 and is all-in
dificil folds
BELT collected 165587 from pot
*** SUMMARY ***
Total pot 165587 | No rake
Board: [Kd 8c 8d]
Seat 1: BELT won 165587


Winamax Poker - Tournament "Kill The Fish" buyIn: 0.22€ + 0.03€ level: 19 - HandId: #3216086586580008987-149-1708979721 - Holdem no limit (600/2500/5000) - 2024/02/26 20:35:21 UTC
Table: 'Kill The Fish(748803510)#026' 6-max (real money) Seat #4 is the button
Seat 1: BELT (165587, 0.49€ bounty)
Seat 2: Zmogui52 (108772, 0.52€ bounty)
Seat 3: P1xel7 (115089, 0.16€ bounty)
Seat 4: dificil (121880, 0.25€ bounty)
Seat 5: penn poker (134289, 0.16€ bounty)
Seat 6: Ch3ckMaurice (291908, 0.54€ bounty)
*** ANTE/BLINDS ***
penn poker posts ante 600
Ch3ckMaurice posts ante 600
BELT posts ante 600
Zmogui52 posts ante 600
P1xel7 posts ante 600
dificil posts ante 600
penn poker posts small blind 2500
Ch3ckMaurice posts big blind 5000
Dealt to P1xel7 [2c As]
*** PRE-FLOP *** 
BELT calls 5000
Zmogui52 folds
P1xel7 folds
dificil folds
penn poker calls 2500
Ch3ckMaurice checks
*** FLOP *** [7d 7s 4s]
penn poker checks
Ch3ckMaurice bets 6510
BELT folds
penn poker folds
Ch3ckMaurice collected 25110 from pot
*** SUMMARY ***
Total pot 25110 | No rake
Board: [7d 7s 4s]
Seat 6: Ch3ckMaurice (big blind) won 25110


Winamax Poker - Tournament "Kill The Fish" buyIn: 0.22€ + 0.03€ level: 19 - HandId: #3216086586580008987-150-1708979770 - Holdem no limit (600/2500/5000) - 2024/02/26 20:36:10 UTC
Table: 'Kill The Fish(748803510)#026' 6-max (real money) Seat #5 is the button
Seat 1: BELT (159987, 0.49€ bounty)
Seat 3: P1xel7 (114489, 0.16€ bounty)
Seat 4: dificil (121280, 0.25€ bounty)
Seat 5: penn poker (128689, 0.16€ bounty)
Seat 6: Ch3ckMaurice (304908, 0.54€ bounty)
*** ANTE/BLINDS ***
Ch3ckMaurice posts ante 600
BELT posts ante 600
P1xel7 posts ante 600
dificil posts ante 600
penn poker posts ante 600
Ch3ckMaurice posts small blind 2500
BELT posts big blind 5000
Dealt to P1xel7 [As 4d]
*** PRE-FLOP *** 
P1xel7 folds
dificil folds
penn poker calls 5000
Ch3ckMaurice folds
BELT checks
*** FLOP *** [Qc 8s 2h]
BELT bets 154387 and is all-in
penn poker folds
BELT collected 169887 from pot
*** SUMMARY ***
Total pot 169887 | No rake
Board: [Qc 8s 2h]
Seat 1: BELT (big blind) won 169887


Winamax Poker - Tournament "Kill The Fish" buyIn: 0.22€ + 0.03€ level: 19 - HandId: #3216086586580008987-151-1708979797 - Holdem no limit (600/2500/5000) - 2024/02/26 20:36:37 UTC
Table: 'Kill The Fish(748803510)#026' 6-max (real money) Seat #6 is the button
Seat 1: BELT (169887, 0.49€ bounty)
Seat 3: P1xel7 (113889, 0.16€ bounty)
Seat 4: dificil (120680, 0.25€ bounty)
Seat 5: penn poker (123089, 0.16€ bounty)
Seat 6: Ch3ckMaurice (301808, 0.54€ bounty)
*** ANTE/BLINDS ***
BELT posts ante 600
P1xel7 posts ante 600
dificil posts ante 600
penn poker posts ante 600
Ch3ckMaurice posts ante 600
BELT posts small blind 2500
P1xel7 posts big blind 5000
Dealt to P1xel7 [9d 4s]
*** PRE-FLOP *** 
dificil folds
penn poker folds
Ch3ckMaurice folds
BELT calls 2500
P1xel7 checks
*** FLOP *** [Jh Js 8s]
BELT bets 164287 and is all-in
P1xel7 folds
BELT collected 177287 from pot
*** SUMMARY ***
Total pot 177287 | No rake
Board: [Jh Js 8s]
Seat 1: BELT (small blind) won 177287


Winamax Poker - Tournament "Kill The Fish" buyIn: 0.22€ + 0.03€ level: 20 - HandId: #3216086586580008966-144-1708979905 - Holdem no limit (700/3000/6000) - 2024/02/26 20:38:25 UTC
Table: 'Kill The Fish(748803510)#005' 6-max (real money) Seat #4 is the button
Seat 1: bigjim79 (106484, 0.34€ bounty)
Seat 2: Pas Envie (177972, 0.46€ bounty)
Seat 3: P1xel7 (108289, 0.16€ bounty)
Seat 4: LaQuinc (146949, 0.38€ bounty)
Seat 5: ALKEVAUR (141079, 0.21€ bounty)
Seat 6: MrCharlie9 (214762, 0.26€ bounty)
*** ANTE/BLINDS ***
ALKEVAUR posts ante 700
MrCharlie9 posts ante 700
bigjim79 posts ante 700
Pas Envie posts ante 700
P1xel7 posts ante 700
LaQuinc posts ante 700
ALKEVAUR posts small blind 3000
MrCharlie9 posts big blind 6000
Dealt to P1xel7 [Kd Ts]
*** PRE-FLOP *** 
bigjim79 folds
Pas Envie folds
P1xel7 folds
LaQuinc folds
ALKEVAUR calls 3000
MrCharlie9 checks
*** FLOP *** [Jc 8d Qh]
ALKEVAUR checks
MrCharlie9 checks
*** TURN *** [Jc 8d Qh][4h]
ALKEVAUR bets 9000
MrCharlie9 folds
ALKEVAUR collected 25200 from pot
*** SUMMARY ***
Total pot 25200 | No rake
Board: [Jc 8d Qh 4h]
Seat 5: ALKEVAUR (small blind) won 25200


Winamax Poker - Tournament "Kill The Fish" buyIn: 0.22€ + 0.03€ level: 20 - HandId: #3216086586580008966-145-1708979953 - Holdem no limit (700/3000/6000) - 2024/02/26 20:39:13 UTC
Table: 'Kill The Fish(748803510)#005' 6-max (real money) Seat #5 is the button
Seat 1: bigjim79 (105784, 0.34€ bounty)
Seat 2: Pas Envie (177272, 0.46€ bounty)
Seat 3: P1xel7 (107589, 0.16€ bounty)
Seat 4: LaQuinc (146249, 0.38€ bounty)
Seat 5: ALKEVAUR (150579, 0.21€ bounty)
Seat 6: MrCharlie9 (208062, 0.26€ bounty)
*** ANTE/BLINDS ***
MrCharlie9 posts ante 700
bigjim79 posts ante 700
Pas Envie posts ante 700
P1xel7 posts ante 700
LaQuinc posts ante 700
ALKEVAUR posts ante 700
MrCharlie9 posts small blind 3000
bigjim79 posts big blind 6000
Dealt to P1xel7 [Ad 4s]
*** PRE-FLOP *** 
Pas Envie folds
P1xel7 folds
LaQuinc raises 12000 to 18000
ALKEVAUR calls 18000
MrCharlie9 folds
bigjim79 raises 87084 to 105084 and is all-in
LaQuinc calls 87084
ALKEVAUR folds
*** FLOP *** [8c Ks 3h]
*** TURN *** [8c Ks 3h][Jc]
*** RIVER *** [8c Ks 3h Jc][Kh]
*** SHOW DOWN ***
bigjim79 shows [6d 6h] (Two pairs : Kings and 6)
LaQuinc shows [Js Jh] (Full of Jacks and Kings)
LaQuinc collected 235368 from pot
*** SUMMARY ***
Total pot 235368 | No rake
Board: [8c Ks 3h Jc Kh]
Seat 1: bigjim79 (big blind) showed [6d 6h] and lost with Two pairs : Kings and 6
Seat 4: LaQuinc showed [Js Jh] and won 235368 with Full of Jacks and Kings


Winamax Poker - Tournament "Kill The Fish" buyIn: 0.22€ + 0.03€ level: 20 - HandId: #3216086586580008966-146-1708980002 - Holdem no limit (700/3000/6000) - 2024/02/26 20:40:02 UTC
Table: 'Kill The Fish(748803510)#005' 6-max (real money) Seat #6 is the button
Seat 2: Pas Envie (176572, 0.46€ bounty)
Seat 3: P1xel7 (106889, 0.16€ bounty)
Seat 4: LaQuinc (275833, 0.55€ bounty)
Seat 5: ALKEVAUR (131879, 0.21€ bounty)
Seat 6: MrCharlie9 (204362, 0.26€ bounty)
*** ANTE/BLINDS ***
Pas Envie posts ante 700
P1xel7 posts ante 700
LaQuinc posts ante 700
ALKEVAUR posts ante 700
MrCharlie9 posts ante 700
Pas Envie posts big blind 6000
Dealt to P1xel7 [9h 5c]
*** PRE-FLOP *** 
P1xel7 folds
LaQuinc calls 6000
ALKEVAUR folds
MrCharlie9 raises 6000 to 12000
Pas Envie folds
LaQuinc calls 6000
*** FLOP *** [Jc Qc 7d]
LaQuinc bets 16750
MrCharlie9 folds
LaQuinc collected 50250 from pot
*** SUMMARY ***
Total pot 50250 | No rake
Board: [Jc Qc 7d]
Seat 4: LaQuinc won 50250


Winamax Poker - Tournament "Kill The Fish" buyIn: 0.22€ + 0.03€ level: 20 - HandId: #3216086586580008966-147-1708980038 - Holdem no limit (700/3000/6000) - 2024/02/26 20:40:38 UTC
Table: 'Kill The Fish(748803510)#005' 6-max (real money) Seat #1 is the button
Seat 2: Pas Envie (169872, 0.46€ bounty)
Seat 3: P1xel7 (106189, 0.16€ bounty)
Seat 4: LaQuinc (296633, 0.55€ bounty)
Seat 5: ALKEVAUR (131179, 0.21€ bounty)
Seat 6: MrCharlie9 (191662, 0.26€ bounty)
*** ANTE/BLINDS ***
Pas Envie posts ante 700
P1xel7 posts ante 700
LaQuinc posts ante 700
ALKEVAUR posts ante 700
MrCharlie9 posts ante 700
Pas Envie posts small blind 3000
P1xel7 posts big blind 6000
Dealt to P1xel7 [Jd Kc]
*** PRE-FLOP *** 
LaQuinc raises 6000 to 12000
ALKEVAUR folds
MrCharlie9 folds
Pas Envie calls 9000
P1xel7 calls 6000
*** FLOP *** [8c Th Tc]
Pas Envie checks
P1xel7 checks
LaQuinc bets 39500
Pas Envie folds
P1xel7 folds
LaQuinc collected 79000 from pot
*** SUMMARY ***
Total pot 79000 | No rake
Board: [8c Th Tc]
Seat 4: LaQuinc won 79000


Winamax Poker - Tournament "Kill The Fish" buyIn: 0.22€ + 0.03€ level: 20 - HandId: #3216086586580008966-148-1708980092 - Holdem no limit (700/3000/6000) - 2024/02/26 20:41:32 UTC
Table: 'Kill The Fish(748803510)#005' 6-max (real money) Seat #2 is the button
Seat 2: Pas Envie (157172, 0.46€ bounty)
Seat 3: P1xel7 (93489, 0.16€ bounty)
Seat 4: LaQuinc (323433, 0.55€ bounty)
Seat 5: ALKEVAUR (130479, 0.21€ bounty)
Seat 6: MrCharlie9 (190962, 0.26€ bounty)
*** ANTE/BLINDS ***
P1xel7 posts ante 700
LaQuinc posts ante 700
Pas Envie posts ante 700
ALKEVAUR posts ante 700
MrCharlie9 posts ante 700
P1xel7 posts small blind 3000
LaQuinc posts big blind 6000
Dealt to P1xel7 [2h 4s]
*** PRE-FLOP *** 
ALKEVAUR calls 6000
MrCharlie9 folds
Pas Envie calls 6000
P1xel7 folds
LaQuinc checks
*** FLOP *** [Ts Jc 6s]
LaQuinc bets 19600
ALKEVAUR folds
Pas Envie calls 19600
*** TURN *** [Ts Jc 6s][6c]
LaQuinc bets 31850
Pas Envie calls 31850
*** RIVER *** [Ts Jc 6s 6c][Js]
LaQuinc bets 31850
Pas Envie calls 31850
*** SHOW DOWN ***
LaQuinc shows [9c 9d] (Two pairs : Jacks and 9)
Pas Envie shows [As 7s] (Flush Ace high)
Pas Envie collected 191100 from pot
*** SUMMARY ***
Total pot 191100 | No rake
Board: [Ts Jc 6s 6c Js]
Seat 2: Pas Envie (button) showed [As 7s] and won 191100 with Flush Ace high
Seat 4: LaQuinc (big blind) showed [9c 9d] and lost with Two pairs : Jacks and 9


Winamax Poker - Tournament "Kill The Fish" buyIn: 0.22€ + 0.03€ level: 21 - HandId: #3216086586580008966-149-1708980266 - Holdem no limit (800/3500/7000) - 2024/02/26 20:44:26 UTC
Table: 'Kill The Fish(748803510)#005' 6-max (real money) Seat #3 is the button
Seat 1: serge.titus (144622, 0.29€ bounty)
Seat 2: Pas Envie (258272, 0.46€ bounty)
Seat 3: P1xel7 (89789, 0.16€ bounty)
Seat 4: LaQuinc (233433, 0.55€ bounty)
Seat 5: ALKEVAUR (123779, 0.21€ bounty)
Seat 6: MrCharlie9 (190262, 0.26€ bounty)
*** ANTE/BLINDS ***
LaQuinc posts ante 800
ALKEVAUR posts ante 800
serge.titus posts ante 800
Pas Envie posts ante 800
P1xel7 posts ante 800
MrCharlie9 posts ante 800
LaQuinc posts small blind 3500
ALKEVAUR posts big blind 7000
Dealt to P1xel7 [9s Tc]
*** PRE-FLOP *** 
MrCharlie9 raises 182462 to 189462 and is all-in
serge.titus folds
Pas Envie folds
P1xel7 folds
LaQuinc folds
ALKEVAUR calls 115979 and is all-in
*** FLOP *** [2d 2h 9d]
*** TURN *** [2d 2h 9d][7c]
*** RIVER *** [2d 2h 9d 7c][3s]
*** SHOW DOWN ***
ALKEVAUR shows [Ad Kc] (One pair : 2)
MrCharlie9 shows [5h 5s] (Two pairs : 5 and 2)
MrCharlie9 collected 320741 from pot
*** SUMMARY ***
Total pot 320741 | No rake
Board: [2d 2h 9d 7c 3s]
Seat 5: ALKEVAUR (big blind) showed [Ad Kc] and lost with One pair : 2
Seat 6: MrCharlie9 showed [5h 5s] and won 320741 with Two pairs : 5 and 2


Winamax Poker - Tournament "Kill The Fish" buyIn: 0.22€ + 0.03€ level: 21 - HandId: #3216086586580008966-150-1708980307 - Holdem no limit (800/3500/7000) - 2024/02/26 20:45:07 UTC
Table: 'Kill The Fish(748803510)#005' 6-max (real money) Seat #4 is the button
Seat 1: serge.titus (143822, 0.29€ bounty)
Seat 2: Pas Envie (257472, 0.46€ bounty)
Seat 3: P1xel7 (88989, 0.16€ bounty)
Seat 4: LaQuinc (229133, 0.55€ bounty)
Seat 6: MrCharlie9 (320741, 0.36€ bounty)
*** ANTE/BLINDS ***
MrCharlie9 posts ante 800
serge.titus posts ante 800
Pas Envie posts ante 800
P1xel7 posts ante 800
LaQuinc posts ante 800
MrCharlie9 posts big blind 7000
Dealt to P1xel7 [6s 3h]
*** PRE-FLOP *** 
serge.titus folds
Pas Envie folds
P1xel7 folds
LaQuinc folds
MrCharlie9 collected 11000 from pot
*** SUMMARY ***
Total pot 11000 | No rake
Seat 6: MrCharlie9 (big blind) won 11000


Winamax Poker - Tournament "Kill The Fish" buyIn: 0.22€ + 0.03€ level: 21 - HandId: #3216086586580008966-151-1708980386 - Holdem no limit (800/3500/7000) - 2024/02/26 20:46:26 UTC
Table: 'Kill The Fish(748803510)#005' 6-max (real money) Seat #5 is the button
Seat 1: serge.titus (143022, 0.29€ bounty)
Seat 2: Pas Envie (256672, 0.46€ bounty)
Seat 3: P1xel7 (88189, 0.16€ bounty)
Seat 4: LaQuinc (228333, 0.55€ bounty)
Seat 6: MrCharlie9 (323941, 0.36€ bounty)
*** ANTE/BLINDS ***
MrCharlie9 posts ante 800
serge.titus posts ante 800
Pas Envie posts ante 800
P1xel7 posts ante 800
LaQuinc posts ante 800
MrCharlie9 posts small blind 3500
serge.titus posts big blind 7000
Dealt to P1xel7 [Kc 8c]
*** PRE-FLOP *** 
Pas Envie folds
P1xel7 folds
LaQuinc folds
MrCharlie9 calls 3500
serge.titus checks
*** FLOP *** [3s 2c 9d]
MrCharlie9 checks
serge.titus checks
*** TURN *** [3s 2c 9d][5h]
MrCharlie9 bets 7000
serge.titus calls 7000
*** RIVER *** [3s 2c 9d 5h][Td]
MrCharlie9 bets 11200
serge.titus calls 11200
*** SHOW DOWN ***
MrCharlie9 shows [3d 9c] (Two pairs : 9 and 3)
serge.titus shows [4s 6d] (Straight 6 high)
serge.titus collected 54400 from pot
*** SUMMARY ***
Total pot 54400 | No rake
Board: [3s 2c 9d 5h Td]
Seat 1: serge.titus (big blind) showed [4s 6d] and won 54400 with Straight 6 high
Seat 6: MrCharlie9 (small blind) showed [3d 9c] and lost with Two pairs : 9 and 3


Winamax Poker - Tournament "Kill The Fish" buyIn: 0.22€ + 0.03€ level: 22 - HandId: #3216086586580008966-152-1708980451 - Holdem no limit (1000/4000/8000) - 2024/02/26 20:47:31 UTC
Table: 'Kill The Fish(748803510)#005' 6-max (real money) Seat #6 is the button
Seat 1: serge.titus (171422, 0.29€ bounty)
Seat 2: Pas Envie (255872, 0.46€ bounty)
Seat 3: P1xel7 (87389, 0.16€ bounty)
Seat 4: LaQuinc (227533, 0.55€ bounty)
Seat 5: fexpim01 (379332, 0.43€ bounty)
Seat 6: MrCharlie9 (297941, 0.36€ bounty)
*** ANTE/BLINDS ***
serge.titus posts ante 1000
Pas Envie posts ante 1000
P1xel7 posts ante 1000
LaQuinc posts ante 1000
fexpim01 posts ante 1000
MrCharlie9 posts ante 1000
serge.titus posts small blind 4000
Pas Envie posts big blind 8000
Dealt to P1xel7 [9c Jd]
*** PRE-FLOP *** 
P1xel7 folds
LaQuinc folds
fexpim01 folds
MrCharlie9 raises 8000 to 16000
serge.titus folds
Pas Envie folds
MrCharlie9 collected 34000 from pot
*** SUMMARY ***
Total pot 34000 | No rake
Seat 6: MrCharlie9 (button) won 34000


Winamax Poker - Tournament "Kill The Fish" buyIn: 0.22€ + 0.03€ level: 22 - HandId: #3216086586580008966-153-1708980489 - Holdem no limit (1000/4000/8000) - 2024/02/26 20:48:09 UTC
Table: 'Kill The Fish(748803510)#005' 6-max (real money) Seat #1 is the button
Seat 1: serge.titus (166422, 0.29€ bounty)
Seat 2: Pas Envie (246872, 0.46€ bounty)
Seat 3: P1xel7 (86389, 0.16€ bounty)
Seat 4: LaQuinc (226533, 0.55€ bounty)
Seat 5: fexpim01 (378332, 0.43€ bounty)
Seat 6: MrCharlie9 (314941, 0.36€ bounty)
*** ANTE/BLINDS ***
Pas Envie posts ante 1000
P1xel7 posts ante 1000
serge.titus posts ante 1000
LaQuinc posts ante 1000
fexpim01 posts ante 1000
MrCharlie9 posts ante 1000
Pas Envie posts small blind 4000
P1xel7 posts big blind 8000
Dealt to P1xel7 [Qd Ad]
*** PRE-FLOP *** 
LaQuinc folds
fexpim01 calls 8000
MrCharlie9 folds
serge.titus folds
Pas Envie folds
P1xel7 raises 77389 to 85389 and is all-in
fexpim01 calls 77389
*** FLOP *** [6d 8s Jh]
*** TURN *** [6d 8s Jh][9c]
*** RIVER *** [6d 8s Jh 9c][Tc]
*** SHOW DOWN ***
fexpim01 shows [Kd As] (High card : Ace)
P1xel7 shows [Qd Ad] (Straight Queen high)
P1xel7 collected 180778 from pot
*** SUMMARY ***
Total pot 180778 | No rake
Board: [6d 8s Jh 9c Tc]
Seat 3: P1xel7 (big blind) showed [Qd Ad] and won 180778 with Straight Queen high
Seat 5: fexpim01 showed [Kd As] and lost with High card : Ace


Winamax Poker - Tournament "Kill The Fish" buyIn: 0.22€ + 0.03€ level: 22 - HandId: #3216086586580008966-154-1708980558 - Holdem no limit (1000/4000/8000) - 2024/02/26 20:49:18 UTC
Table: 'Kill The Fish(748803510)#005' 6-max (real money) Seat #2 is the button
Seat 1: serge.titus (165422, 0.29€ bounty)
Seat 2: Pas Envie (241872, 0.46€ bounty)
Seat 3: P1xel7 (180778, 0.16€ bounty)
Seat 4: LaQuinc (225533, 0.55€ bounty)
Seat 5: fexpim01 (291943, 0.43€ bounty)
Seat 6: MrCharlie9 (313941, 0.36€ bounty)
*** ANTE/BLINDS ***
P1xel7 posts ante 1000
LaQuinc posts ante 1000
serge.titus posts ante 1000
Pas Envie posts ante 1000
fexpim01 posts ante 1000
MrCharlie9 posts ante 1000
P1xel7 posts small blind 4000
LaQuinc posts big blind 8000
Dealt to P1xel7 [8d 9h]
*** PRE-FLOP *** 
fexpim01 folds
MrCharlie9 folds
serge.titus folds
Pas Envie folds
P1xel7 folds
LaQuinc collected 18000 from pot
*** SUMMARY ***
Total pot 18000 | No rake
Seat 4: LaQuinc (big blind) won 18000


Winamax Poker - Tournament "Kill The Fish" buyIn: 0.22€ + 0.03€ level: 22 - HandId: #3216086586580008966-155-1708980578 - Holdem no limit (1000/4000/8000) - 2024/02/26 20:49:38 UTC
Table: 'Kill The Fish(748803510)#005' 6-max (real money) Seat #3 is the button
Seat 1: serge.titus (164422, 0.29€ bounty)
Seat 2: Pas Envie (240872, 0.46€ bounty)
Seat 3: P1xel7 (175778, 0.16€ bounty)
Seat 4: LaQuinc (234533, 0.55€ bounty)
Seat 5: fexpim01 (290943, 0.43€ bounty)
Seat 6: MrCharlie9 (312941, 0.36€ bounty)
*** ANTE/BLINDS ***
LaQuinc posts ante 1000
fexpim01 posts ante 1000
serge.titus posts ante 1000
Pas Envie posts ante 1000
P1xel7 posts ante 1000
MrCharlie9 posts ante 1000
LaQuinc posts small blind 4000
fexpim01 posts big blind 8000
Dealt to P1xel7 [Qs 9c]
*** PRE-FLOP *** 
MrCharlie9 raises 303941 to 311941 and is all-in
serge.titus folds
Pas Envie folds
P1xel7 folds
LaQuinc folds
fexpim01 folds
MrCharlie9 collected 329941 from pot
*** SUMMARY ***
Total pot 329941 | No rake
Seat 6: MrCharlie9 won 329941


Winamax Poker - Tournament "Kill The Fish" buyIn: 0.22€ + 0.03€ level: 22 - HandId: #3216086586580008966-156-1708980600 - Holdem no limit (1000/4000/8000) - 2024/02/26 20:50:00 UTC
Table: 'Kill The Fish(748803510)#005' 6-max (real money) Seat #4 is the button
Seat 1: serge.titus (163422, 0.29€ bounty)
Seat 2: Pas Envie (239872, 0.46€ bounty)
Seat 3: P1xel7 (174778, 0.16€ bounty)
Seat 4: LaQuinc (229533, 0.55€ bounty)
Seat 5: fexpim01 (281943, 0.43€ bounty)
Seat 6: MrCharlie9 (329941, 0.36€ bounty)
*** ANTE/BLINDS ***
fexpim01 posts ante 1000
MrCharlie9 posts ante 1000
serge.titus posts ante 1000
Pas Envie posts ante 1000
P1xel7 posts ante 1000
LaQuinc posts ante 1000
fexpim01 posts small blind 4000
MrCharlie9 posts big blind 8000
Dealt to P1xel7 [7h Ad]
*** PRE-FLOP *** 
serge.titus folds
Pas Envie folds
P1xel7 folds
LaQuinc raises 8000 to 16000
fexpim01 folds
MrCharlie9 calls 8000
*** FLOP *** [6s 3d Qd]
MrCharlie9 bets 14700
LaQuinc calls 14700
*** TURN *** [6s 3d Qd][5s]
MrCharlie9 bets 24990
LaQuinc folds
MrCharlie9 collected 96390 from pot
*** SUMMARY ***
Total pot 96390 | No rake
Board: [6s 3d Qd 5s]
Seat 6: MrCharlie9 (big blind) won 96390


Winamax Poker - Tournament "Kill The Fish" buyIn: 0.22€ + 0.03€ level: 22 - HandId: #3216086586580008966-157-1708980660 - Holdem no limit (1000/4000/8000) - 2024/02/26 20:51:00 UTC
Table: 'Kill The Fish(748803510)#005' 6-max (real money) Seat #5 is the button
Seat 1: serge.titus (162422, 0.29€ bounty)
Seat 2: Pas Envie (238872, 0.46€ bounty)
Seat 3: P1xel7 (173778, 0.16€ bounty)
Seat 4: LaQuinc (197833, 0.55€ bounty)
Seat 5: fexpim01 (276943, 0.43€ bounty)
Seat 6: MrCharlie9 (369641, 0.36€ bounty)
*** ANTE/BLINDS ***
MrCharlie9 posts ante 1000
serge.titus posts ante 1000
Pas Envie posts ante 1000
P1xel7 posts ante 1000
LaQuinc posts ante 1000
fexpim01 posts ante 1000
MrCharlie9 posts small blind 4000
serge.titus posts big blind 8000
Dealt to P1xel7 [4s Kc]
*** PRE-FLOP *** 
Pas Envie raises 8000 to 16000
P1xel7 folds
LaQuinc calls 16000
fexpim01 folds
MrCharlie9 folds
serge.titus folds
*** FLOP *** [Qh Tc 6d]
Pas Envie bets 28000
LaQuinc folds
Pas Envie collected 78000 from pot
*** SUMMARY ***
Total pot 78000 | No rake
Board: [Qh Tc 6d]
Seat 2: Pas Envie won 78000


Winamax Poker - Tournament "Kill The Fish" buyIn: 0.22€ + 0.03€ level: 23 - HandId: #3216086586580008966-158-1708980737 - Holdem no limit (1200/5000/10000) - 2024/02/26 20:52:17 UTC
Table: 'Kill The Fish(748803510)#005' 6-max (real money) Seat #6 is the button
Seat 1: serge.titus (153422, 0.29€ bounty)
Seat 2: Pas Envie (271872, 0.46€ bounty)
Seat 3: P1xel7 (172778, 0.16€ bounty)
Seat 4: LaQuinc (180833, 0.55€ bounty)
Seat 5: fexpim01 (275943, 0.43€ bounty)
Seat 6: MrCharlie9 (364641, 0.36€ bounty)
*** ANTE/BLINDS ***
serge.titus posts ante 1200
Pas Envie posts ante 1200
P1xel7 posts ante 1200
LaQuinc posts ante 1200
fexpim01 posts ante 1200
MrCharlie9 posts ante 1200
serge.titus posts small blind 5000
Pas Envie posts big blind 10000
Dealt to P1xel7 [5h Kd]
*** PRE-FLOP *** 
P1xel7 folds
LaQuinc raises 10000 to 20000
fexpim01 folds
MrCharlie9 folds
serge.titus calls 15000
Pas Envie folds
*** FLOP *** [Jh Ah 9s]
serge.titus checks
LaQuinc checks
*** TURN *** [Jh Ah 9s][Kh]
serge.titus checks
LaQuinc bets 10000
serge.titus folds
LaQuinc collected 67200 from pot
*** SUMMARY ***
Total pot 67200 | No rake
Board: [Jh Ah 9s Kh]
Seat 4: LaQuinc won 67200


Winamax Poker - Tournament "Kill The Fish" buyIn: 0.22€ + 0.03€ level: 23 - HandId: #3216086586580008966-159-1708980812 - Holdem no limit (1200/5000/10000) - 2024/02/26 20:53:32 UTC
Table: 'Kill The Fish(748803510)#005' 6-max (real money) Seat #1 is the button
Seat 1: serge.titus (132222, 0.29€ bounty)
Seat 2: Pas Envie (260672, 0.46€ bounty)
Seat 3: P1xel7 (171578, 0.16€ bounty)
Seat 4: LaQuinc (216833, 0.55€ bounty)
Seat 5: fexpim01 (274743, 0.43€ bounty)
Seat 6: MrCharlie9 (363441, 0.36€ bounty)
*** ANTE/BLINDS ***
Pas Envie posts ante 1200
P1xel7 posts ante 1200
serge.titus posts ante 1200
LaQuinc posts ante 1200
fexpim01 posts ante 1200
MrCharlie9 posts ante 1200
Pas Envie posts small blind 5000
P1xel7 posts big blind 10000
Dealt to P1xel7 [As 5s]
*** PRE-FLOP *** 
LaQuinc folds
fexpim01 folds
MrCharlie9 folds
serge.titus folds
Pas Envie folds
P1xel7 collected 22200 from pot
*** SUMMARY ***
Total pot 22200 | No rake
Seat 3: P1xel7 (big blind) won 22200


Winamax Poker - Tournament "Kill The Fish" buyIn: 0.22€ + 0.03€ level: 23 - HandId: #3216086586580008966-160-1708980853 - Holdem no limit (1200/5000/10000) - 2024/02/26 20:54:13 UTC
Table: 'Kill The Fish(748803510)#005' 6-max (real money) Seat #2 is the button
Seat 1: serge.titus (131022, 0.29€ bounty)
Seat 2: Pas Envie (254472, 0.46€ bounty)
Seat 3: P1xel7 (182578, 0.16€ bounty)
Seat 4: LaQuinc (215633, 0.55€ bounty)
Seat 5: fexpim01 (273543, 0.43€ bounty)
Seat 6: MrCharlie9 (362241, 0.36€ bounty)
*** ANTE/BLINDS ***
P1xel7 posts ante 1200
LaQuinc posts ante 1200
serge.titus posts ante 1200
Pas Envie posts ante 1200
fexpim01 posts ante 1200
MrCharlie9 posts ante 1200
P1xel7 posts small blind 5000
LaQuinc posts big blind 10000
Dealt to P1xel7 [7c Th]
*** PRE-FLOP *** 
fexpim01 calls 10000
MrCharlie9 folds
serge.titus folds
Pas Envie folds
P1xel7 folds
LaQuinc checks
*** FLOP *** [Kh Tc 3d]
LaQuinc checks
fexpim01 checks
*** TURN *** [Kh Tc 3d][4s]
LaQuinc bets 10000
fexpim01 calls 10000
*** RIVER *** [Kh Tc 3d 4s][Qc]
LaQuinc bets 10000
fexpim01 calls 10000
*** SHOW DOWN ***
LaQuinc shows [4h Ac] (One pair : 4)
fexpim01 shows [8h 8d] (One pair : 8)
fexpim01 collected 72200 from pot
*** SUMMARY ***
Total pot 72200 | No rake
Board: [Kh Tc 3d 4s Qc]
Seat 4: LaQuinc (big blind) showed [4h Ac] and lost with One pair : 4
Seat 5: fexpim01 showed [8h 8d] and won 72200 with One pair : 8


Winamax Poker - Tournament "Kill The Fish" buyIn: 0.22€ + 0.03€ level: 23 - HandId: #3216086586580008966-161-1708980899 - Holdem no limit (1200/5000/10000) - 2024/02/26 20:54:59 UTC
Table: 'Kill The Fish(748803510)#005' 6-max (real money) Seat #3 is the button
Seat 1: serge.titus (129822, 0.29€ bounty)
Seat 2: Pas Envie (253272, 0.46€ bounty)
Seat 3: P1xel7 (176378, 0.16€ bounty)
Seat 4: LaQuinc (184433, 0.55€ bounty)
Seat 5: fexpim01 (314543, 0.43€ bounty)
Seat 6: MrCharlie9 (361041, 0.36€ bounty)
*** ANTE/BLINDS ***
LaQuinc posts ante 1200
fexpim01 posts ante 1200
serge.titus posts ante 1200
Pas Envie posts ante 1200
P1xel7 posts ante 1200
MrCharlie9 posts ante 1200
LaQuinc posts small blind 5000
fexpim01 posts big blind 10000
Dealt to P1xel7 [3d Qh]
*** PRE-FLOP *** 
MrCharlie9 folds
serge.titus folds
Pas Envie folds
P1xel7 calls 10000
LaQuinc calls 5000
fexpim01 checks
*** FLOP *** [Kc 8h Kh]
LaQuinc checks
fexpim01 checks
P1xel7 bets 15000
LaQuinc folds
fexpim01 folds
P1xel7 collected 52200 from pot
*** SUMMARY ***
Total pot 52200 | No rake
Board: [Kc 8h Kh]
Seat 3: P1xel7 (button) won 52200


Winamax Poker - Tournament "Kill The Fish" buyIn: 0.22€ + 0.03€ level: 23 - HandId: #3216086586580008966-162-1708981261 - Holdem no limit (1200/5000/10000) - 2024/02/26 21:01:01 UTC
Table: 'Kill The Fish(748803510)#005' 6-max (real money) Seat #4 is the button
Seat 1: serge.titus (128622, 0.29€ bounty)
Seat 2: Pas Envie (252072, 0.46€ bounty)
Seat 3: P1xel7 (202378, 0.16€ bounty)
Seat 4: LaQuinc (173233, 0.55€ bounty)
Seat 5: fexpim01 (303343, 0.43€ bounty)
Seat 6: MrCharlie9 (359841, 0.36€ bounty)
*** ANTE/BLINDS ***
fexpim01 posts ante 1200
MrCharlie9 posts ante 1200
serge.titus posts ante 1200
Pas Envie posts ante 1200
P1xel7 posts ante 1200
LaQuinc posts ante 1200
fexpim01 posts small blind 5000
MrCharlie9 posts big blind 10000
Dealt to P1xel7 [6h Qh]
*** PRE-FLOP *** 
serge.titus folds
Pas Envie folds
P1xel7 folds
LaQuinc raises 10000 to 20000
fexpim01 folds
MrCharlie9 raises 338641 to 358641 and is all-in
LaQuinc folds
MrCharlie9 collected 390841 from pot
*** SUMMARY ***
Total pot 390841 | No rake
Seat 6: MrCharlie9 (big blind) won 390841


Winamax Poker - Tournament "Kill The Fish" buyIn: 0.22€ + 0.03€ level: 23 - HandId: #3216086586580008966-163-1708981352 - Holdem no limit (1200/5000/10000) - 2024/02/26 21:02:32 UTC
Table: 'Kill The Fish(748803510)#005' 6-max (real money) Seat #5 is the button
Seat 1: serge.titus (127422, 0.29€ bounty)
Seat 2: Pas Envie (250872, 0.46€ bounty)
Seat 3: P1xel7 (201178, 0.16€ bounty)
Seat 4: LaQuinc (152033, 0.55€ bounty)
Seat 5: fexpim01 (297143, 0.43€ bounty)
Seat 6: MrCharlie9 (390841, 0.36€ bounty)
*** ANTE/BLINDS ***
MrCharlie9 posts ante 1200
serge.titus posts ante 1200
Pas Envie posts ante 1200
P1xel7 posts ante 1200
LaQuinc posts ante 1200
fexpim01 posts ante 1200
MrCharlie9 posts small blind 5000
serge.titus posts big blind 10000
Dealt to P1xel7 [7h 2h]
*** PRE-FLOP *** 
Pas Envie folds
P1xel7 folds
LaQuinc calls 10000
fexpim01 folds
MrCharlie9 calls 5000
serge.titus checks
*** FLOP *** [Jh Ac 3c]
MrCharlie9 checks
serge.titus checks
LaQuinc bets 37200
MrCharlie9 folds
serge.titus folds
LaQuinc collected 74400 from pot
*** SUMMARY ***
Total pot 74400 | No rake
Board: [Jh Ac 3c]
Seat 4: LaQuinc won 74400


Winamax Poker - Tournament "Kill The Fish" buyIn: 0.22€ + 0.03€ level: 24 - HandId: #3216086586580008966-164-1708981435 - Holdem no limit (1400/6000/12000) - 2024/02/26 21:03:55 UTC
Table: 'Kill The Fish(748803510)#005' 6-max (real money) Seat #6 is the button
Seat 1: serge.titus (116222, 0.29€ bounty)
Seat 2: Pas Envie (249672, 0.46€ bounty)
Seat 3: P1xel7 (199978, 0.16€ bounty)
Seat 4: LaQuinc (178033, 0.55€ bounty)
Seat 5: fexpim01 (295943, 0.43€ bounty)
Seat 6: MrCharlie9 (379641, 0.36€ bounty)
*** ANTE/BLINDS ***
serge.titus posts ante 1400
Pas Envie posts ante 1400
P1xel7 posts ante 1400
LaQuinc posts ante 1400
fexpim01 posts ante 1400
MrCharlie9 posts ante 1400
serge.titus posts small blind 6000
Pas Envie posts big blind 12000
Dealt to P1xel7 [3s Jc]
*** PRE-FLOP *** 
P1xel7 folds
LaQuinc folds
fexpim01 folds
MrCharlie9 raises 12000 to 24000
serge.titus folds
Pas Envie raises 48000 to 72000
MrCharlie9 calls 48000
*** FLOP *** [Js 9h Qs]
Pas Envie checks
MrCharlie9 bets 306241 and is all-in
Pas Envie folds
MrCharlie9 collected 464641 from pot
*** SUMMARY ***
Total pot 464641 | No rake
Board: [Js 9h Qs]
Seat 6: MrCharlie9 (button) won 464641


Winamax Poker - Tournament "Kill The Fish" buyIn: 0.22€ + 0.03€ level: 24 - HandId: #3216086586580008966-165-1708981486 - Holdem no limit (1400/6000/12000) - 2024/02/26 21:04:46 UTC
Table: 'Kill The Fish(748803510)#005' 6-max (real money) Seat #1 is the button
Seat 1: serge.titus (108822, 0.29€ bounty)
Seat 2: Pas Envie (176272, 0.46€ bounty)
Seat 3: P1xel7 (198578, 0.16€ bounty)
Seat 4: LaQuinc (176633, 0.55€ bounty)
Seat 5: fexpim01 (294543, 0.43€ bounty)
Seat 6: MrCharlie9 (464641, 0.36€ bounty)
*** ANTE/BLINDS ***
Pas Envie posts ante 1400
P1xel7 posts ante 1400
serge.titus posts ante 1400
LaQuinc posts ante 1400
fexpim01 posts ante 1400
MrCharlie9 posts ante 1400
Pas Envie posts small blind 6000
P1xel7 posts big blind 12000
Dealt to P1xel7 [3c 6s]
*** PRE-FLOP *** 
LaQuinc folds
fexpim01 folds
MrCharlie9 folds
serge.titus folds
Pas Envie raises 162872 to 174872 and is all-in
P1xel7 folds
Pas Envie collected 195272 from pot
*** SUMMARY ***
Total pot 195272 | No rake
Seat 2: Pas Envie (small blind) won 195272


Winamax Poker - Tournament "Kill The Fish" buyIn: 0.22€ + 0.03€ level: 24 - HandId: #3216086586580008966-166-1708981530 - Holdem no limit (1400/6000/12000) - 2024/02/26 21:05:30 UTC
Table: 'Kill The Fish(748803510)#005' 6-max (real money) Seat #2 is the button
Seat 1: serge.titus (107422, 0.29€ bounty)
Seat 2: Pas Envie (195272, 0.46€ bounty)
Seat 3: P1xel7 (185178, 0.16€ bounty)
Seat 4: LaQuinc (175233, 0.55€ bounty)
Seat 5: fexpim01 (293143, 0.43€ bounty)
Seat 6: MrCharlie9 (463241, 0.36€ bounty)
*** ANTE/BLINDS ***
P1xel7 posts ante 1400
LaQuinc posts ante 1400
serge.titus posts ante 1400
Pas Envie posts ante 1400
fexpim01 posts ante 1400
MrCharlie9 posts ante 1400
P1xel7 posts small blind 6000
LaQuinc posts big blind 12000
Dealt to P1xel7 [Jc 3s]
*** PRE-FLOP *** 
fexpim01 folds
MrCharlie9 folds
serge.titus calls 12000
Pas Envie folds
P1xel7 folds
LaQuinc checks
*** FLOP *** [2h Jd 7s]
LaQuinc bets 38400
serge.titus folds
LaQuinc collected 76800 from pot
*** SUMMARY ***
Total pot 76800 | No rake
Board: [2h Jd 7s]
Seat 4: LaQuinc (big blind) won 76800


Winamax Poker - Tournament "Kill The Fish" buyIn: 0.22€ + 0.03€ level: 24 - HandId: #3216086586580008966-167-1708981598 - Holdem no limit (1400/6000/12000) - 2024/02/26 21:06:38 UTC
Table: 'Kill The Fish(748803510)#005' 6-max (real money) Seat #3 is the button
Seat 1: serge.titus (94022, 0.29€ bounty)
Seat 2: Pas Envie (193872, 0.46€ bounty)
Seat 3: P1xel7 (177778, 0.16€ bounty)
Seat 4: LaQuinc (200233, 0.55€ bounty)
Seat 5: fexpim01 (291743, 0.43€ bounty)
Seat 6: MrCharlie9 (461841, 0.36€ bounty)
*** ANTE/BLINDS ***
LaQuinc posts ante 1400
fexpim01 posts ante 1400
serge.titus posts ante 1400
Pas Envie posts ante 1400
P1xel7 posts ante 1400
MrCharlie9 posts ante 1400
LaQuinc posts small blind 6000
fexpim01 posts big blind 12000
Dealt to P1xel7 [8c 7h]
*** PRE-FLOP *** 
MrCharlie9 folds
serge.titus calls 12000
Pas Envie folds
P1xel7 folds
LaQuinc calls 6000
fexpim01 checks
*** FLOP *** [8s 4c 6h]
LaQuinc checks
fexpim01 checks
serge.titus checks
*** TURN *** [8s 4c 6h][Ac]
LaQuinc bets 12000
fexpim01 calls 12000
serge.titus calls 12000
*** RIVER *** [8s 4c 6h Ac][Qc]
LaQuinc bets 80400
fexpim01 folds
serge.titus folds
LaQuinc collected 160800 from pot
*** SUMMARY ***
Total pot 160800 | No rake
Board: [8s 4c 6h Ac Qc]
Seat 4: LaQuinc (small blind) won 160800


Winamax Poker - Tournament "Kill The Fish" buyIn: 0.22€ + 0.03€ level: 24 - HandId: #3216086586580008966-168-1708981662 - Holdem no limit (1400/6000/12000) - 2024/02/26 21:07:42 UTC
Table: 'Kill The Fish(748803510)#005' 6-max (real money) Seat #4 is the button
Seat 1: serge.titus (68622, 0.29€ bounty)
Seat 2: Pas Envie (192472, 0.46€ bounty)
Seat 3: P1xel7 (176378, 0.16€ bounty)
Seat 4: LaQuinc (255233, 0.55€ bounty)
Seat 5: fexpim01 (266343, 0.43€ bounty)
Seat 6: MrCharlie9 (460441, 0.36€ bounty)
*** ANTE/BLINDS ***
fexpim01 posts ante 1400
MrCharlie9 posts ante 1400
serge.titus posts ante 1400
Pas Envie posts ante 1400
P1xel7 posts ante 1400
LaQuinc posts ante 1400
fexpim01 posts small blind 6000
MrCharlie9 posts big blind 12000
Dealt to P1xel7 [Qs 3c]
*** PRE-FLOP *** 
serge.titus folds
Pas Envie folds
P1xel7 folds
LaQuinc folds
fexpim01 folds
MrCharlie9 collected 26400 from pot
*** SUMMARY ***
Total pot 26400 | No rake
Seat 6: MrCharlie9 (big blind) won 26400


Winamax Poker - Tournament "Kill The Fish" buyIn: 0.22€ + 0.03€ level: 24 - HandId: #3216086586580008966-169-1708981683 - Holdem no limit (1400/6000/12000) - 2024/02/26 21:08:03 UTC
Table: 'Kill The Fish(748803510)#005' 6-max (real money) Seat #5 is the button
Seat 1: serge.titus (67222, 0.29€ bounty)
Seat 2: Pas Envie (191072, 0.46€ bounty)
Seat 3: P1xel7 (174978, 0.16€ bounty)
Seat 4: LaQuinc (253833, 0.55€ bounty)
Seat 5: fexpim01 (258943, 0.43€ bounty)
Seat 6: MrCharlie9 (473441, 0.36€ bounty)
*** ANTE/BLINDS ***
MrCharlie9 posts ante 1400
serge.titus posts ante 1400
Pas Envie posts ante 1400
P1xel7 posts ante 1400
LaQuinc posts ante 1400
fexpim01 posts ante 1400
MrCharlie9 posts small blind 6000
serge.titus posts big blind 12000
Dealt to P1xel7 [2h 7h]
*** PRE-FLOP *** 
Pas Envie folds
P1xel7 folds
LaQuinc folds
fexpim01 raises 245543 to 257543 and is all-in
MrCharlie9 folds
serge.titus folds
fexpim01 collected 283943 from pot
*** SUMMARY ***
Total pot 283943 | No rake
Seat 5: fexpim01 (button) won 283943


Winamax Poker - Tournament "Kill The Fish" buyIn: 0.22€ + 0.03€ level: 25 - HandId: #3216086586580008966-170-1708981718 - Holdem no limit (1600/7000/14000) - 2024/02/26 21:08:38 UTC
Table: 'Kill The Fish(748803510)#005' 6-max (real money) Seat #6 is the button
Seat 1: serge.titus (53822, 0.29€ bounty)
Seat 2: Pas Envie (189672, 0.46€ bounty)
Seat 3: P1xel7 (173578, 0.16€ bounty)
Seat 4: LaQuinc (252433, 0.55€ bounty)
Seat 5: fexpim01 (283943, 0.43€ bounty)
Seat 6: MrCharlie9 (466041, 0.36€ bounty)
*** ANTE/BLINDS ***
serge.titus posts ante 1600
Pas Envie posts ante 1600
P1xel7 posts ante 1600
LaQuinc posts ante 1600
fexpim01 posts ante 1600
MrCharlie9 posts ante 1600
serge.titus posts small blind 7000
Pas Envie posts big blind 14000
Dealt to P1xel7 [8c 5s]
*** PRE-FLOP *** 
P1xel7 folds
LaQuinc folds
fexpim01 calls 14000
MrCharlie9 raises 450441 to 464441 and is all-in
serge.titus folds
Pas Envie folds
fexpim01 folds
MrCharlie9 collected 509041 from pot
*** SUMMARY ***
Total pot 509041 | No rake
Seat 6: MrCharlie9 (button) won 509041


Winamax Poker - Tournament "Kill The Fish" buyIn: 0.22€ + 0.03€ level: 25 - HandId: #3216086586580008966-171-1708981770 - Holdem no limit (1600/7000/14000) - 2024/02/26 21:09:30 UTC
Table: 'Kill The Fish(748803510)#005' 6-max (real money) Seat #1 is the button
Seat 1: serge.titus (45222, 0.29€ bounty)
Seat 2: Pas Envie (174072, 0.46€ bounty)
Seat 3: P1xel7 (171978, 0.16€ bounty)
Seat 4: LaQuinc (250833, 0.55€ bounty)
Seat 5: fexpim01 (268343, 0.43€ bounty)
Seat 6: MrCharlie9 (509041, 0.36€ bounty)
*** ANTE/BLINDS ***
Pas Envie posts ante 1600
P1xel7 posts ante 1600
serge.titus posts ante 1600
LaQuinc posts ante 1600
fexpim01 posts ante 1600
MrCharlie9 posts ante 1600
Pas Envie posts small blind 7000
P1xel7 posts big blind 14000
Dealt to P1xel7 [5d 3h]
*** PRE-FLOP *** 
LaQuinc folds
fexpim01 folds
MrCharlie9 folds
serge.titus folds
Pas Envie raises 158472 to 172472 and is all-in
P1xel7 folds
Pas Envie collected 196072 from pot
*** SUMMARY ***
Total pot 196072 | No rake
Seat 2: Pas Envie (small blind) won 196072


Winamax Poker - Tournament "Kill The Fish" buyIn: 0.22€ + 0.03€ level: 25 - HandId: #3216086586580008966-172-1708981809 - Holdem no limit (1600/7000/14000) - 2024/02/26 21:10:09 UTC
Table: 'Kill The Fish(748803510)#005' 6-max (real money) Seat #2 is the button
Seat 1: serge.titus (43622, 0.29€ bounty)
Seat 2: Pas Envie (196072, 0.46€ bounty)
Seat 3: P1xel7 (156378, 0.16€ bounty)
Seat 4: LaQuinc (249233, 0.55€ bounty)
Seat 5: fexpim01 (266743, 0.43€ bounty)
Seat 6: MrCharlie9 (507441, 0.36€ bounty)
*** ANTE/BLINDS ***
P1xel7 posts ante 1600
LaQuinc posts ante 1600
serge.titus posts ante 1600
Pas Envie posts ante 1600
fexpim01 posts ante 1600
MrCharlie9 posts ante 1600
P1xel7 posts small blind 7000
LaQuinc posts big blind 14000
Dealt to P1xel7 [Ad 4h]
*** PRE-FLOP *** 
fexpim01 folds
MrCharlie9 folds
serge.titus folds
Pas Envie folds
P1xel7 raises 140778 to 154778 and is all-in
LaQuinc folds
P1xel7 collected 178378 from pot
*** SUMMARY ***
Total pot 178378 | No rake
Seat 3: P1xel7 (small blind) won 178378


Winamax Poker - Tournament "Kill The Fish" buyIn: 0.22€ + 0.03€ level: 25 - HandId: #3216086586580008966-173-1708981843 - Holdem no limit (1600/7000/14000) - 2024/02/26 21:10:43 UTC
Table: 'Kill The Fish(748803510)#005' 6-max (real money) Seat #3 is the button
Seat 1: serge.titus (42022, 0.29€ bounty)
Seat 2: Pas Envie (194472, 0.46€ bounty)
Seat 3: P1xel7 (178378, 0.16€ bounty)
Seat 4: LaQuinc (233633, 0.55€ bounty)
Seat 5: fexpim01 (265143, 0.43€ bounty)
Seat 6: MrCharlie9 (505841, 0.36€ bounty)
*** ANTE/BLINDS ***
LaQuinc posts ante 1600
fexpim01 posts ante 1600
serge.titus posts ante 1600
Pas Envie posts ante 1600
P1xel7 posts ante 1600
MrCharlie9 posts ante 1600
LaQuinc posts small blind 7000
fexpim01 posts big blind 14000
Dealt to P1xel7 [3c 6h]
*** PRE-FLOP *** 
MrCharlie9 folds
serge.titus calls 14000
Pas Envie folds
P1xel7 folds
LaQuinc calls 7000
fexpim01 checks
*** FLOP *** [5s Jd 2h]
LaQuinc checks
fexpim01 checks
serge.titus bets 26422 and is all-in
LaQuinc folds
fexpim01 calls 26422
*** TURN *** [5s Jd 2h][Qc]
*** RIVER *** [5s Jd 2h Qc][3h]
*** SHOW DOWN ***
serge.titus shows [9h Ah] (High card : Ace)
fexpim01 shows [Ac 5h] (One pair : 5)
fexpim01 collected 104444 from pot
*** SUMMARY ***
Total pot 104444 | No rake
Board: [5s Jd 2h Qc 3h]
Seat 1: serge.titus showed [9h Ah] and lost with High card : Ace
Seat 5: fexpim01 (big blind) showed [Ac 5h] and won 104444 with One pair : 5


Winamax Poker - Tournament "Kill The Fish" buyIn: 0.22€ + 0.03€ level: 25 - HandId: #3216086586580008966-174-1708981894 - Holdem no limit (1600/7000/14000) - 2024/02/26 21:11:34 UTC
Table: 'Kill The Fish(748803510)#005' 6-max (real money) Seat #4 is the button
Seat 2: Pas Envie (192872, 0.46€ bounty)
Seat 3: P1xel7 (176778, 0.16€ bounty)
Seat 4: LaQuinc (218033, 0.55€ bounty)
Seat 5: fexpim01 (327565, 0.57€ bounty)
Seat 6: MrCharlie9 (504241, 0.36€ bounty)
*** ANTE/BLINDS ***
fexpim01 posts ante 1600
MrCharlie9 posts ante 1600
Pas Envie posts ante 1600
P1xel7 posts ante 1600
LaQuinc posts ante 1600
fexpim01 posts small blind 7000
MrCharlie9 posts big blind 14000
Dealt to P1xel7 [Tc 4d]
*** PRE-FLOP *** 
Pas Envie folds
P1xel7 folds
LaQuinc folds
fexpim01 folds
MrCharlie9 collected 29000 from pot
*** SUMMARY ***
Total pot 29000 | No rake
Seat 6: MrCharlie9 (big blind) won 29000


Winamax Poker - Tournament "Kill The Fish" buyIn: 0.22€ + 0.03€ level: 25 - HandId: #3216086586580008966-175-1708981925 - Holdem no limit (1600/7000/14000) - 2024/02/26 21:12:05 UTC
Table: 'Kill The Fish(748803510)#005' 6-max (real money) Seat #5 is the button
Seat 2: Pas Envie (191272, 0.46€ bounty)
Seat 3: P1xel7 (175178, 0.16€ bounty)
Seat 4: LaQuinc (216433, 0.55€ bounty)
Seat 5: fexpim01 (318965, 0.57€ bounty)
Seat 6: MrCharlie9 (517641, 0.36€ bounty)
*** ANTE/BLINDS ***
MrCharlie9 posts ante 1600
Pas Envie posts ante 1600
P1xel7 posts ante 1600
LaQuinc posts ante 1600
fexpim01 posts ante 1600
MrCharlie9 posts small blind 7000
Pas Envie posts big blind 14000
Dealt to P1xel7 [3s 7s]
*** PRE-FLOP *** 
P1xel7 folds
LaQuinc raises 14000 to 28000
fexpim01 folds
MrCharlie9 folds
Pas Envie folds
LaQuinc collected 57000 from pot
*** SUMMARY ***
Total pot 57000 | No rake
Seat 4: LaQuinc won 57000


Winamax Poker - Tournament "Kill The Fish" buyIn: 0.22€ + 0.03€ level: 25 - HandId: #3216086586580008966-176-1708981967 - Holdem no limit (1600/7000/14000) - 2024/02/26 21:12:47 UTC
Table: 'Kill The Fish(748803510)#005' 6-max (real money) Seat #6 is the button
Seat 2: Pas Envie (175672, 0.46€ bounty)
Seat 3: P1xel7 (173578, 0.16€ bounty)
Seat 4: LaQuinc (243833, 0.55€ bounty)
Seat 5: fexpim01 (317365, 0.57€ bounty)
Seat 6: MrCharlie9 (509041, 0.36€ bounty)
*** ANTE/BLINDS ***
Pas Envie posts ante 1600
P1xel7 posts ante 1600
LaQuinc posts ante 1600
fexpim01 posts ante 1600
MrCharlie9 posts ante 1600
Pas Envie posts small blind 7000
P1xel7 posts big blind 14000
Dealt to P1xel7 [Kh Kc]
*** PRE-FLOP *** 
LaQuinc folds
fexpim01 folds
MrCharlie9 raises 493441 to 507441 and is all-in
Pas Envie folds
P1xel7 calls 157978 and is all-in
*** FLOP *** [Ah Ts 8s]
*** TURN *** [Ah Ts 8s][Td]
*** RIVER *** [Ah Ts 8s Td][6h]
*** SHOW DOWN ***
P1xel7 shows [Kh Kc] (Two pairs : Kings and Tens)
MrCharlie9 shows [5h 5d] (Two pairs : Tens and 5)
MrCharlie9 collected 335463 from side pot 1
P1xel7 collected 358956 from main pot
*** SUMMARY ***
Total pot 694419 | No rake
Board: [Ah Ts 8s Td 6h]
Seat 3: P1xel7 (big blind) showed [Kh Kc] and won 358956 with Two pairs : Kings and Tens
Seat 6: MrCharlie9 (button) showed [5h 5d] and won 335463 with Two pairs : Tens and 5


Winamax Poker - Tournament "Kill The Fish" buyIn: 0.22€ + 0.03€ level: 26 - HandId: #3216086586580008966-177-1708982004 - Holdem no limit (2000/8000/16000) - 2024/02/26 21:13:24 UTC
Table: 'Kill The Fish(748803510)#005' 6-max (real money) Seat #2 is the button
Seat 2: Pas Envie (167072, 0.46€ bounty)
Seat 3: P1xel7 (358956, 0.16€ bounty)
Seat 4: LaQuinc (242233, 0.55€ bounty)
Seat 5: fexpim01 (315765, 0.57€ bounty)
Seat 6: MrCharlie9 (335463, 0.36€ bounty)
*** ANTE/BLINDS ***
P1xel7 posts ante 2000
LaQuinc posts ante 2000
Pas Envie posts ante 2000
fexpim01 posts ante 2000
MrCharlie9 posts ante 2000
P1xel7 posts small blind 8000
LaQuinc posts big blind 16000
Dealt to P1xel7 [Jh Qc]
*** PRE-FLOP *** 
fexpim01 folds
MrCharlie9 folds
Pas Envie raises 149072 to 165072 and is all-in
P1xel7 calls 157072
LaQuinc folds
*** FLOP *** [7h Ts 4h]
*** TURN *** [7h Ts 4h][5d]
*** RIVER *** [7h Ts 4h 5d][9d]
*** SHOW DOWN ***
P1xel7 shows [Jh Qc] (High card : Queen)
Pas Envie shows [Kh 4d] (One pair : 4)
Pas Envie collected 356144 from pot
*** SUMMARY ***
Total pot 356144 | No rake
Board: [7h Ts 4h 5d 9d]
Seat 2: Pas Envie (button) showed [Kh 4d] and won 356144 with One pair : 4
Seat 3: P1xel7 (small blind) showed [Jh Qc] and lost with High card : Queen


Winamax Poker - Tournament "Kill The Fish" buyIn: 0.22€ + 0.03€ level: 26 - HandId: #3216086586580008966-178-1708982061 - Holdem no limit (2000/8000/16000) - 2024/02/26 21:14:21 UTC
Table: 'Kill The Fish(748803510)#005' 6-max (real money) Seat #3 is the button
Seat 2: Pas Envie (356144, 0.46€ bounty)
Seat 3: P1xel7 (191884, 0.16€ bounty)
Seat 4: LaQuinc (224233, 0.55€ bounty)
Seat 5: fexpim01 (313765, 0.57€ bounty)
Seat 6: MrCharlie9 (333463, 0.36€ bounty)
*** ANTE/BLINDS ***
LaQuinc posts ante 2000
fexpim01 posts ante 2000
Pas Envie posts ante 2000
P1xel7 posts ante 2000
MrCharlie9 posts ante 2000
LaQuinc posts small blind 8000
fexpim01 posts big blind 16000
Dealt to P1xel7 [3h Qd]
*** PRE-FLOP *** 
MrCharlie9 folds
Pas Envie raises 16000 to 32000
P1xel7 folds
LaQuinc folds
fexpim01 folds
Pas Envie collected 66000 from pot
*** SUMMARY ***
Total pot 66000 | No rake
Seat 2: Pas Envie won 66000


Winamax Poker - Tournament "Kill The Fish" buyIn: 0.22€ + 0.03€ level: 26 - HandId: #3216086586580008966-179-1708982102 - Holdem no limit (2000/8000/16000) - 2024/02/26 21:15:02 UTC
Table: 'Kill The Fish(748803510)#005' 6-max (real money) Seat #4 is the button
Seat 2: Pas Envie (388144, 0.46€ bounty)
Seat 3: P1xel7 (189884, 0.16€ bounty)
Seat 4: LaQuinc (214233, 0.55€ bounty)
Seat 5: fexpim01 (295765, 0.57€ bounty)
Seat 6: MrCharlie9 (331463, 0.36€ bounty)
*** ANTE/BLINDS ***
fexpim01 posts ante 2000
MrCharlie9 posts ante 2000
Pas Envie posts ante 2000
P1xel7 posts ante 2000
LaQuinc posts ante 2000
fexpim01 posts small blind 8000
MrCharlie9 posts big blind 16000
Dealt to P1xel7 [5s 7d]
*** PRE-FLOP *** 
Pas Envie folds
P1xel7 folds
LaQuinc calls 16000
fexpim01 folds
MrCharlie9 checks
*** FLOP *** [9s 3c Qs]
MrCharlie9 bets 17500
LaQuinc calls 17500
*** TURN *** [9s 3c Qs][Jd]
MrCharlie9 bets 29750
LaQuinc calls 29750
*** RIVER *** [9s 3c Qs Jd][Kc]
MrCharlie9 bets 266213 and is all-in
LaQuinc folds
MrCharlie9 collected 410713 from pot
*** SUMMARY ***
Total pot 410713 | No rake
Board: [9s 3c Qs Jd Kc]
Seat 6: MrCharlie9 (big blind) won 410713


Winamax Poker - Tournament "Kill The Fish" buyIn: 0.22€ + 0.03€ level: 26 - HandId: #3216086586580008966-180-1708982220 - Holdem no limit (2000/8000/16000) - 2024/02/26 21:17:00 UTC
Table: 'Kill The Fish(748803510)#005' 6-max (real money) Seat #5 is the button
Seat 2: Pas Envie (386144, 0.46€ bounty)
Seat 3: P1xel7 (187884, 0.16€ bounty)
Seat 4: LaQuinc (148983, 0.55€ bounty)
Seat 5: fexpim01 (285765, 0.57€ bounty)
Seat 6: MrCharlie9 (410713, 0.36€ bounty)
*** ANTE/BLINDS ***
MrCharlie9 posts ante 2000
Pas Envie posts ante 2000
P1xel7 posts ante 2000
LaQuinc posts ante 2000
fexpim01 posts ante 2000
MrCharlie9 posts small blind 8000
Pas Envie posts big blind 16000
Dealt to P1xel7 [Qh 4h]
*** PRE-FLOP *** 
P1xel7 folds
LaQuinc raises 130983 to 146983 and is all-in
fexpim01 folds
MrCharlie9 calls 138983
Pas Envie folds
*** FLOP *** [8c 7d 4s]
*** TURN *** [8c 7d 4s][Ah]
*** RIVER *** [8c 7d 4s Ah][8h]
*** SHOW DOWN ***
LaQuinc shows [6h Ac] (Two pairs : Aces and 8)
MrCharlie9 shows [Qs 8s] (Trips of 8)
MrCharlie9 collected 319966 from pot
*** SUMMARY ***
Total pot 319966 | No rake
Board: [8c 7d 4s Ah 8h]
Seat 4: LaQuinc showed [6h Ac] and lost with Two pairs : Aces and 8
Seat 6: MrCharlie9 (small blind) showed [Qs 8s] and won 319966 with Trips of 8


Winamax Poker - Tournament "Kill The Fish" buyIn: 0.22€ + 0.03€ level: 26 - HandId: #3216086586580008966-181-1708982254 - Holdem no limit (2000/8000/16000) - 2024/02/26 21:17:34 UTC
Table: 'Kill The Fish(748803510)#005' 6-max (real money) Seat #6 is the button
Seat 2: Pas Envie (368144, 0.46€ bounty)
Seat 3: P1xel7 (185884, 0.16€ bounty)
Seat 5: fexpim01 (283765, 0.57€ bounty)
Seat 6: MrCharlie9 (581696, 0.63€ bounty)
*** ANTE/BLINDS ***
Pas Envie posts ante 2000
P1xel7 posts ante 2000
fexpim01 posts ante 2000
MrCharlie9 posts ante 2000
Pas Envie posts small blind 8000
P1xel7 posts big blind 16000
Dealt to P1xel7 [Jh 6h]
*** PRE-FLOP *** 
fexpim01 folds
MrCharlie9 raises 16000 to 32000
Pas Envie folds
P1xel7 calls 16000
*** FLOP *** [Jc 8h 9h]
P1xel7 checks
MrCharlie9 bets 28000
P1xel7 raises 123884 to 151884 and is all-in
MrCharlie9 folds
P1xel7 collected 259884 from pot
*** SUMMARY ***
Total pot 259884 | No rake
Board: [Jc 8h 9h]
Seat 3: P1xel7 (big blind) won 259884


Winamax Poker - Tournament "Kill The Fish" buyIn: 0.22€ + 0.03€ level: 27 - HandId: #3216086586580008966-182-1708982306 - Holdem no limit (2500/10000/20000) - 2024/02/26 21:18:26 UTC
Table: 'Kill The Fish(748803510)#005' 6-max (real money) Seat #2 is the button
Seat 2: Pas Envie (358144, 0.46€ bounty)
Seat 3: P1xel7 (259884, 0.16€ bounty)
Seat 5: fexpim01 (281765, 0.57€ bounty)
Seat 6: MrCharlie9 (519696, 0.63€ bounty)
*** ANTE/BLINDS ***
P1xel7 posts ante 2500
fexpim01 posts ante 2500
Pas Envie posts ante 2500
MrCharlie9 posts ante 2500
P1xel7 posts small blind 10000
fexpim01 posts big blind 20000
Dealt to P1xel7 [4s 3c]
*** PRE-FLOP *** 
MrCharlie9 folds
Pas Envie raises 20000 to 40000
P1xel7 folds
fexpim01 folds
Pas Envie collected 80000 from pot
*** SUMMARY ***
Total pot 80000 | No rake
Seat 2: Pas Envie (button) won 80000


Winamax Poker - Tournament "Kill The Fish" buyIn: 0.22€ + 0.03€ level: 27 - HandId: #3216086586580008966-183-1708982340 - Holdem no limit (2500/10000/20000) - 2024/02/26 21:19:00 UTC
Table: 'Kill The Fish(748803510)#005' 6-max (real money) Seat #3 is the button
Seat 1: Blue.Lag00n (153161, 0.16€ bounty)
Seat 2: Pas Envie (395644, 0.46€ bounty)
Seat 3: P1xel7 (247384, 0.16€ bounty)
Seat 4: yaggayow (149483, 0.41€ bounty)
Seat 5: fexpim01 (259265, 0.57€ bounty)
Seat 6: MrCharlie9 (517196, 0.63€ bounty)
*** ANTE/BLINDS ***
fexpim01 posts ante 2500
MrCharlie9 posts ante 2500
Blue.Lag00n posts ante 2500
Pas Envie posts ante 2500
P1xel7 posts ante 2500
fexpim01 posts small blind 10000
MrCharlie9 posts big blind 20000
Dealt to P1xel7 [9s 6h]
*** PRE-FLOP *** 
Blue.Lag00n folds
Pas Envie folds
P1xel7 folds
fexpim01 folds
MrCharlie9 collected 42500 from pot
*** SUMMARY ***
Total pot 42500 | No rake
Seat 6: MrCharlie9 (big blind) won 42500


Winamax Poker - Tournament "Kill The Fish" buyIn: 0.22€ + 0.03€ level: 27 - HandId: #3216086586580008966-184-1708982383 - Holdem no limit (2500/10000/20000) - 2024/02/26 21:19:43 UTC
Table: 'Kill The Fish(748803510)#005' 6-max (real money) Seat #5 is the button
Seat 1: Blue.Lag00n (150661, 0.16€ bounty)
Seat 2: Pas Envie (393144, 0.46€ bounty)
Seat 3: P1xel7 (244884, 0.16€ bounty)
Seat 4: yaggayow (149483, 0.41€ bounty)
Seat 5: fexpim01 (246765, 0.57€ bounty)
Seat 6: MrCharlie9 (537196, 0.63€ bounty)
*** ANTE/BLINDS ***
MrCharlie9 posts ante 2500
Blue.Lag00n posts ante 2500
Pas Envie posts ante 2500
P1xel7 posts ante 2500
yaggayow posts ante 2500
fexpim01 posts ante 2500
MrCharlie9 posts small blind 10000
Blue.Lag00n posts big blind 20000
Dealt to P1xel7 [5c 6h]
*** PRE-FLOP *** 
Pas Envie folds
P1xel7 folds
yaggayow folds
fexpim01 folds
MrCharlie9 folds
Blue.Lag00n collected 45000 from pot
*** SUMMARY ***
Total pot 45000 | No rake
Seat 1: Blue.Lag00n (big blind) won 45000


Winamax Poker - Tournament "Kill The Fish" buyIn: 0.22€ + 0.03€ level: 27 - HandId: #3216086586580008966-185-1708982436 - Holdem no limit (2500/10000/20000) - 2024/02/26 21:20:36 UTC
Table: 'Kill The Fish(748803510)#005' 6-max (real money) Seat #6 is the button
Seat 1: Blue.Lag00n (173161, 0.16€ bounty)
Seat 2: Pas Envie (390644, 0.46€ bounty)
Seat 3: P1xel7 (242384, 0.16€ bounty)
Seat 4: yaggayow (146983, 0.41€ bounty)
Seat 5: fexpim01 (244265, 0.57€ bounty)
Seat 6: MrCharlie9 (524696, 0.63€ bounty)
*** ANTE/BLINDS ***
Blue.Lag00n posts ante 2500
Pas Envie posts ante 2500
P1xel7 posts ante 2500
yaggayow posts ante 2500
fexpim01 posts ante 2500
MrCharlie9 posts ante 2500
Blue.Lag00n posts small blind 10000
Pas Envie posts big blind 20000
Dealt to P1xel7 [9s 6c]
*** PRE-FLOP *** 
P1xel7 folds
yaggayow calls 20000
fexpim01 folds
MrCharlie9 folds
Blue.Lag00n folds
Pas Envie checks
*** FLOP *** [8s Ts Qd]
Pas Envie checks
yaggayow checks
*** TURN *** [8s Ts Qd][Tc]
Pas Envie checks
yaggayow bets 20000
Pas Envie calls 20000
*** RIVER *** [8s Ts Qd Tc][9c]
Pas Envie checks
yaggayow checks
*** SHOW DOWN ***
Pas Envie shows [6s As] (One pair : Tens)
yaggayow shows [8h Ad] (Two pairs : Tens and 8)
yaggayow collected 105000 from pot
*** SUMMARY ***
Total pot 105000 | No rake
Board: [8s Ts Qd Tc 9c]
Seat 2: Pas Envie (big blind) showed [6s As] and lost with One pair : Tens
Seat 4: yaggayow showed [8h Ad] and won 105000 with Two pairs : Tens and 8


Winamax Poker - Tournament "Kill The Fish" buyIn: 0.22€ + 0.03€ level: 27 - HandId: #3216086586580008966-186-1708982488 - Holdem no limit (2500/10000/20000) - 2024/02/26 21:21:28 UTC
Table: 'Kill The Fish(748803510)#005' 6-max (real money) Seat #1 is the button
Seat 1: Blue.Lag00n (160661, 0.16€ bounty)
Seat 2: Pas Envie (348144, 0.46€ bounty)
Seat 3: P1xel7 (239884, 0.16€ bounty)
Seat 4: yaggayow (209483, 0.41€ bounty)
Seat 5: fexpim01 (241765, 0.57€ bounty)
Seat 6: MrCharlie9 (522196, 0.63€ bounty)
*** ANTE/BLINDS ***
Pas Envie posts ante 2500
P1xel7 posts ante 2500
Blue.Lag00n posts ante 2500
yaggayow posts ante 2500
fexpim01 posts ante 2500
MrCharlie9 posts ante 2500
Pas Envie posts small blind 10000
P1xel7 posts big blind 20000
Dealt to P1xel7 [Tc 5s]
*** PRE-FLOP *** 
yaggayow folds
fexpim01 raises 20000 to 40000
MrCharlie9 folds
Blue.Lag00n folds
Pas Envie folds
P1xel7 calls 20000
*** FLOP *** [4h 4d 5d]
P1xel7 checks
fexpim01 bets 199265 and is all-in
P1xel7 calls 197384 and is all-in
*** TURN *** [4h 4d 5d][2s]
*** RIVER *** [4h 4d 5d 2s][Ah]
*** SHOW DOWN ***
P1xel7 shows [Tc 5s] (Two pairs : 5 and 4)
fexpim01 shows [6h Kh] (One pair : 4)
fexpim01 collected 1881 from side pot 1
P1xel7 collected 499768 from main pot
*** SUMMARY ***
Total pot 501649 | No rake
Board: [4h 4d 5d 2s Ah]
Seat 3: P1xel7 (big blind) showed [Tc 5s] and won 499768 with Two pairs : 5 and 4
Seat 5: fexpim01 showed [6h Kh] and won 1881 with One pair : 4


Winamax Poker - Tournament "Kill The Fish" buyIn: 0.22€ + 0.03€ level: 27 - HandId: #3216086586580008966-187-1708982543 - Holdem no limit (2500/10000/20000) - 2024/02/26 21:22:23 UTC
Table: 'Kill The Fish(748803510)#005' 6-max (real money) Seat #2 is the button
Seat 1: Blue.Lag00n (158161, 0.16€ bounty)
Seat 2: Pas Envie (335644, 0.46€ bounty)
Seat 3: P1xel7 (499768, 0.16€ bounty)
Seat 4: yaggayow (206983, 0.41€ bounty)
Seat 5: fexpim01 (1881, 0.57€ bounty)
Seat 6: MrCharlie9 (519696, 0.63€ bounty)
*** ANTE/BLINDS ***
P1xel7 posts ante 2500
yaggayow posts ante 2500
Blue.Lag00n posts ante 2500
Pas Envie posts ante 2500
fexpim01 posts ante 1881 and is all-in
MrCharlie9 posts ante 2500
P1xel7 posts small blind 10000
yaggayow posts big blind 20000
Dealt to P1xel7 [As Tc]
*** PRE-FLOP *** 
MrCharlie9 folds
Blue.Lag00n raises 135661 to 155661 and is all-in
Pas Envie folds
P1xel7 raises 135661 to 291322
yaggayow folds
*** FLOP *** [Ks Jc 2s]
*** TURN *** [Ks Jc 2s][4c]
*** RIVER *** [Ks Jc 2s 4c][Js]
*** SHOW DOWN ***
fexpim01 shows [Kc 3h] (Two pairs : Kings and Jacks)
Blue.Lag00n shows [Jd Kh] (Full of Jacks and Kings)
P1xel7 shows [As Tc] (One pair : Jacks)
P1xel7 collected 135661 from side pot 1
Blue.Lag00n collected 345703 from main pot
*** SUMMARY ***
Total pot 481364 | No rake
Board: [Ks Jc 2s 4c Js]
Seat 1: Blue.Lag00n showed [Jd Kh] and won 345703 with Full of Jacks and Kings
Seat 3: P1xel7 (small blind) showed [As Tc] and won 135661 with One pair : Jacks
Seat 5: fexpim01 showed [Kc 3h] and lost with Two pairs : Kings and Jacks


Winamax Poker - Tournament "Kill The Fish" buyIn: 0.22€ + 0.03€ level: 27 - HandId: #3216086586580008966-188-1708982578 - Holdem no limit (2500/10000/20000) - 2024/02/26 21:22:58 UTC
Table: 'Kill The Fish(748803510)#005' 6-max (real money) Seat #3 is the button
Seat 1: Blue.Lag00n (345703, 0.44€ bounty)
Seat 2: Pas Envie (333144, 0.46€ bounty)
Seat 3: P1xel7 (341607, 0.16€ bounty)
Seat 4: yaggayow (184483, 0.41€ bounty)
Seat 6: MrCharlie9 (517196, 0.63€ bounty)
*** ANTE/BLINDS ***
yaggayow posts ante 2500
MrCharlie9 posts ante 2500
Blue.Lag00n posts ante 2500
Pas Envie posts ante 2500
P1xel7 posts ante 2500
yaggayow posts small blind 10000
MrCharlie9 posts big blind 20000
Dealt to P1xel7 [Kh Jh]
*** PRE-FLOP *** 
Blue.Lag00n folds
Pas Envie folds
P1xel7 raises 24000 to 44000
yaggayow calls 34000
MrCharlie9 folds
*** FLOP *** [Jd Kc Js]
yaggayow checks
P1xel7 checks
*** TURN *** [Jd Kc Js][5h]
yaggayow checks
P1xel7 checks
*** RIVER *** [Jd Kc Js 5h][9s]
yaggayow checks
P1xel7 bets 140000
yaggayow folds
P1xel7 collected 260500 from pot
*** SUMMARY ***
Total pot 260500 | No rake
Board: [Jd Kc Js 5h 9s]
Seat 3: P1xel7 (button) won 260500


Winamax Poker - Tournament "Kill The Fish" buyIn: 0.22€ + 0.03€ level: 28 - HandId: #3216086586580008966-189-1708982623 - Holdem no limit (3000/12500/25000) - 2024/02/26 21:23:43 UTC
Table: 'Kill The Fish(748803510)#005' 6-max (real money) Seat #4 is the button
Seat 1: Blue.Lag00n (343203, 0.44€ bounty)
Seat 2: Pas Envie (330644, 0.46€ bounty)
Seat 3: P1xel7 (415607, 0.16€ bounty)
Seat 4: yaggayow (137983, 0.41€ bounty)
Seat 5: Lacobrasobra (209780, 0.43€ bounty)
Seat 6: MrCharlie9 (494696, 0.63€ bounty)
*** ANTE/BLINDS ***
MrCharlie9 posts ante 3000
Blue.Lag00n posts ante 3000
Pas Envie posts ante 3000
P1xel7 posts ante 3000
yaggayow posts ante 3000
MrCharlie9 posts small blind 12500
Blue.Lag00n posts big blind 25000
Dealt to P1xel7 [Qh 4d]
*** PRE-FLOP *** 
Pas Envie folds
P1xel7 folds
yaggayow folds
MrCharlie9 calls 12500
Blue.Lag00n raises 315203 to 340203 and is all-in
MrCharlie9 folds
Blue.Lag00n collected 380203 from pot
*** SUMMARY ***
Total pot 380203 | No rake
Seat 1: Blue.Lag00n (big blind) won 380203


Winamax Poker - Tournament "Kill The Fish" buyIn: 0.22€ + 0.03€ level: 28 - HandId: #3216086586580008966-190-1708982701 - Holdem no limit (3000/12500/25000) - 2024/02/26 21:25:01 UTC
Table: 'Kill The Fish(748803510)#005' 6-max (real money) Seat #6 is the button
Seat 1: Blue.Lag00n (380203, 0.44€ bounty)
Seat 2: Pas Envie (327644, 0.46€ bounty)
Seat 3: P1xel7 (412607, 0.16€ bounty)
Seat 4: yaggayow (134983, 0.41€ bounty)
Seat 5: Lacobrasobra (209780, 0.43€ bounty)
Seat 6: MrCharlie9 (466696, 0.63€ bounty)
*** ANTE/BLINDS ***
Blue.Lag00n posts ante 3000
Pas Envie posts ante 3000
P1xel7 posts ante 3000
yaggayow posts ante 3000
Lacobrasobra posts ante 3000
MrCharlie9 posts ante 3000
Blue.Lag00n posts small blind 12500
Pas Envie posts big blind 25000
Dealt to P1xel7 [4h As]
*** PRE-FLOP *** 
P1xel7 folds
yaggayow calls 25000
Lacobrasobra calls 25000
MrCharlie9 folds
Blue.Lag00n calls 12500
Pas Envie checks
*** FLOP *** [Qh 3d 8d]
Blue.Lag00n checks
Pas Envie checks
yaggayow checks
Lacobrasobra checks
*** TURN *** [Qh 3d 8d][9h]
Blue.Lag00n bets 100432
Pas Envie folds
yaggayow folds
Lacobrasobra folds
Blue.Lag00n collected 218432 from pot
*** SUMMARY ***
Total pot 218432 | No rake
Board: [Qh 3d 8d 9h]
Seat 1: Blue.Lag00n (small blind) won 218432


Winamax Poker - Tournament "Kill The Fish" buyIn: 0.22€ + 0.03€ level: 28 - HandId: #3216086586580008966-191-1708982794 - Holdem no limit (3000/12500/25000) - 2024/02/26 21:26:34 UTC
Table: 'Kill The Fish(748803510)#005' 6-max (real money) Seat #1 is the button
Seat 1: Blue.Lag00n (470203, 0.44€ bounty)
Seat 2: Pas Envie (299644, 0.46€ bounty)
Seat 3: P1xel7 (409607, 0.16€ bounty)
Seat 4: yaggayow (106983, 0.41€ bounty)
Seat 5: Lacobrasobra (181780, 0.43€ bounty)
Seat 6: MrCharlie9 (463696, 0.63€ bounty)
*** ANTE/BLINDS ***
Pas Envie posts ante 3000
P1xel7 posts ante 3000
Blue.Lag00n posts ante 3000
yaggayow posts ante 3000
Lacobrasobra posts ante 3000
MrCharlie9 posts ante 3000
Pas Envie posts small blind 12500
P1xel7 posts big blind 25000
Dealt to P1xel7 [6c 9d]
*** PRE-FLOP *** 
yaggayow calls 25000
Lacobrasobra folds
MrCharlie9 folds
Blue.Lag00n raises 82500 to 107500
Pas Envie folds
P1xel7 folds
yaggayow folds
Blue.Lag00n collected 188000 from pot
*** SUMMARY ***
Total pot 188000 | No rake
Seat 1: Blue.Lag00n (button) won 188000


Winamax Poker - Tournament "Kill The Fish" buyIn: 0.22€ + 0.03€ level: 28 - HandId: #3216086586580008966-192-1708982837 - Holdem no limit (3000/12500/25000) - 2024/02/26 21:27:17 UTC
Table: 'Kill The Fish(748803510)#005' 6-max (real money) Seat #2 is the button
Seat 1: Blue.Lag00n (547703, 0.44€ bounty)
Seat 2: Pas Envie (284144, 0.46€ bounty)
Seat 3: P1xel7 (381607, 0.16€ bounty)
Seat 4: yaggayow (78983, 0.41€ bounty)
Seat 5: Lacobrasobra (178780, 0.43€ bounty)
Seat 6: MrCharlie9 (460696, 0.63€ bounty)
*** ANTE/BLINDS ***
P1xel7 posts ante 3000
yaggayow posts ante 3000
Blue.Lag00n posts ante 3000
Pas Envie posts ante 3000
Lacobrasobra posts ante 3000
MrCharlie9 posts ante 3000
P1xel7 posts small blind 12500
yaggayow posts big blind 25000
Dealt to P1xel7 [6d 9d]
*** PRE-FLOP *** 
Lacobrasobra folds
MrCharlie9 folds
Blue.Lag00n folds
Pas Envie folds
P1xel7 raises 353607 to 378607 and is all-in
yaggayow folds
P1xel7 collected 421607 from pot
*** SUMMARY ***
Total pot 421607 | No rake
Seat 3: P1xel7 (small blind) won 421607


Winamax Poker - Tournament "Kill The Fish" buyIn: 0.22€ + 0.03€ level: 28 - HandId: #3216086586580008966-193-1708982860 - Holdem no limit (3000/12500/25000) - 2024/02/26 21:27:40 UTC
Table: 'Kill The Fish(748803510)#005' 6-max (real money) Seat #3 is the button
Seat 1: Blue.Lag00n (544703, 0.44€ bounty)
Seat 2: Pas Envie (281144, 0.46€ bounty)
Seat 3: P1xel7 (421607, 0.16€ bounty)
Seat 4: yaggayow (50983, 0.41€ bounty)
Seat 5: Lacobrasobra (175780, 0.43€ bounty)
Seat 6: MrCharlie9 (457696, 0.63€ bounty)
*** ANTE/BLINDS ***
yaggayow posts ante 3000
Lacobrasobra posts ante 3000
Blue.Lag00n posts ante 3000
Pas Envie posts ante 3000
P1xel7 posts ante 3000
MrCharlie9 posts ante 3000
yaggayow posts small blind 12500
Lacobrasobra posts big blind 25000
Dealt to P1xel7 [3h 4d]
*** PRE-FLOP *** 
MrCharlie9 folds
Blue.Lag00n folds
Pas Envie raises 253144 to 278144 and is all-in
P1xel7 folds
yaggayow calls 35483 and is all-in
Lacobrasobra folds
*** FLOP *** [Qh Td 8h]
*** TURN *** [Qh Td 8h][Ad]
*** RIVER *** [Qh Td 8h Ad][4s]
*** SHOW DOWN ***
Pas Envie shows [Ks 5d] (High card : Ace)
yaggayow shows [Jd Jc] (One pair : Jacks)
yaggayow collected 138966 from main pot
Pas Envie collected 230161 from side pot 1
*** SUMMARY ***
Total pot 369127 | No rake
Board: [Qh Td 8h Ad 4s]
Seat 2: Pas Envie showed [Ks 5d] and won 230161 with High card : Ace
Seat 4: yaggayow (small blind) showed [Jd Jc] and won 138966 with One pair : Jacks


Winamax Poker - Tournament "Kill The Fish" buyIn: 0.22€ + 0.03€ level: 28 - HandId: #3216086586580008966-194-1708982884 - Holdem no limit (3000/12500/25000) - 2024/02/26 21:28:04 UTC
Table: 'Kill The Fish(748803510)#005' 6-max (real money) Seat #4 is the button
Seat 2: Pas Envie (230161, 0.46€ bounty)
Seat 3: P1xel7 (418607, 0.16€ bounty)
Seat 4: yaggayow (138966, 0.41€ bounty)
Seat 5: Lacobrasobra (147780, 0.43€ bounty)
Seat 6: MrCharlie9 (454696, 0.63€ bounty)
*** ANTE/BLINDS ***
Lacobrasobra posts ante 3000
MrCharlie9 posts ante 3000
Pas Envie posts ante 3000
P1xel7 posts ante 3000
yaggayow posts ante 3000
Lacobrasobra posts small blind 12500
MrCharlie9 posts big blind 25000
Dealt to P1xel7 [6h 6d]
*** PRE-FLOP *** 
Pas Envie folds
P1xel7 raises 37500 to 62500
yaggayow folds
Lacobrasobra folds
MrCharlie9 raises 389196 to 451696 and is all-in
P1xel7 calls 353107 and is all-in
*** FLOP *** [5c 4d 9c]
*** TURN *** [5c 4d 9c][5s]
*** RIVER *** [5c 4d 9c 5s][4s]
*** SHOW DOWN ***
P1xel7 shows [6h 6d] (Two pairs : 6 and 5)
MrCharlie9 shows [Kc Kd] (Two pairs : Kings and 5)
MrCharlie9 collected 894803 from pot
*** SUMMARY ***
Total pot 894803 | No rake
Board: [5c 4d 9c 5s 4s]
Seat 3: P1xel7 showed [6h 6d] and lost with Two pairs : 6 and 5
Seat 6: MrCharlie9 (big blind) showed [Kc Kd] and won 894803 with Two pairs : Kings and 5


