Winamax Poker - Tournament "Starting Block WiPT - Déglingos" buyIn: 0€ + 0€ level: 1 - HandId: #3260104667014627329-1-1708628848 - Holdem no limit (10/20) - 2024/02/22 19:07:28 UTC
Table: 'Starting Block WiPT - Déglingos(759052268)#0' 6-max (real money) Seat #1 is the button
Seat 1: ceos95 (500)
Seat 2: Miaouss77 (500)
Seat 3: LeRondeleur (500)
Seat 4: mano_o95 (500)
Seat 5: foug83 (500)
Seat 6: P1xel7 (500)
*** ANTE/BLINDS ***
Miaouss77 posts small blind 10
LeRondeleur posts big blind 20
Dealt to P1xel7 [5d 4c]
*** PRE-FLOP *** 
mano_o95 calls 20
foug83 folds
P1xel7 folds
ceos95 raises 480 to 500 and is all-in
Miaouss77 folds
LeRondeleur calls 480 and is all-in
mano_o95 folds
*** FLOP *** [Td 5s Qd]
*** TURN *** [Td 5s Qd][Ks]
*** RIVER *** [Td 5s Qd Ks][7d]
*** SHOW DOWN ***
ceos95 shows [2s 4h] (High card : King)
LeRondeleur shows [Ts 6s] (One pair : Tens)
LeRondeleur collected 1030 from pot
*** SUMMARY ***
Total pot 1030 | No rake
Board: [Td 5s Qd Ks 7d]
Seat 1: ceos95 (button) showed [2s 4h] and lost with High card : King
Seat 3: LeRondeleur (big blind) showed [Ts 6s] and won 1030 with One pair : Tens


Winamax Poker - Tournament "Starting Block WiPT - Déglingos" buyIn: 0€ + 0€ level: 1 - HandId: #3260104667014627329-2-1708628911 - Holdem no limit (10/20) - 2024/02/22 19:08:31 UTC
Table: 'Starting Block WiPT - Déglingos(759052268)#0' 6-max (real money) Seat #2 is the button
Seat 2: Miaouss77 (490)
Seat 3: LeRondeleur (1030)
Seat 4: mano_o95 (480)
Seat 5: foug83 (500)
Seat 6: P1xel7 (500)
*** ANTE/BLINDS ***
LeRondeleur posts small blind 10
mano_o95 posts big blind 20
Dealt to P1xel7 [Ah 3h]
*** PRE-FLOP *** 
foug83 calls 20
P1xel7 folds
Miaouss77 raises 470 to 490 and is all-in
LeRondeleur folds
mano_o95 folds
foug83 calls 470
*** FLOP *** [Tc Td Js]
*** TURN *** [Tc Td Js][4h]
*** RIVER *** [Tc Td Js 4h][7d]
*** SHOW DOWN ***
Miaouss77 shows [2h 2d] (Two pairs : Tens and 2)
foug83 shows [9d Jd] (Two pairs : Jacks and Tens)
foug83 collected 1010 from pot
*** SUMMARY ***
Total pot 1010 | No rake
Board: [Tc Td Js 4h 7d]
Seat 2: Miaouss77 (button) showed [2h 2d] and lost with Two pairs : Tens and 2
Seat 5: foug83 showed [9d Jd] and won 1010 with Two pairs : Jacks and Tens


Winamax Poker - Tournament "Starting Block WiPT - Déglingos" buyIn: 0€ + 0€ level: 2 - HandId: #3260104667014627329-3-1708628938 - Holdem no limit (15/30) - 2024/02/22 19:08:58 UTC
Table: 'Starting Block WiPT - Déglingos(759052268)#0' 6-max (real money) Seat #3 is the button
Seat 3: LeRondeleur (1020)
Seat 4: mano_o95 (460)
Seat 5: foug83 (1020)
Seat 6: P1xel7 (500)
*** ANTE/BLINDS ***
mano_o95 posts small blind 15
foug83 posts big blind 30
Dealt to P1xel7 [Th 7c]
*** PRE-FLOP *** 
P1xel7 folds
LeRondeleur calls 30
mano_o95 calls 15
foug83 checks
*** FLOP *** [7s 7h 8d]
mano_o95 checks
foug83 checks
LeRondeleur checks
*** TURN *** [7s 7h 8d][As]
mano_o95 bets 31
foug83 folds
LeRondeleur folds
mano_o95 collected 121 from pot
*** SUMMARY ***
Total pot 121 | No rake
Board: [7s 7h 8d As]
Seat 4: mano_o95 (small blind) won 121


Winamax Poker - Tournament "Starting Block WiPT - Déglingos" buyIn: 0€ + 0€ level: 2 - HandId: #3260104667014627329-4-1708628980 - Holdem no limit (15/30) - 2024/02/22 19:09:40 UTC
Table: 'Starting Block WiPT - Déglingos(759052268)#0' 6-max (real money) Seat #4 is the button
Seat 3: LeRondeleur (990)
Seat 4: mano_o95 (520)
Seat 5: foug83 (990)
Seat 6: P1xel7 (500)
*** ANTE/BLINDS ***
foug83 posts small blind 15
P1xel7 posts big blind 30
Dealt to P1xel7 [5c 2h]
*** PRE-FLOP *** 
LeRondeleur raises 960 to 990 and is all-in
mano_o95 folds
foug83 folds
P1xel7 folds
LeRondeleur collected 1035 from pot
*** SUMMARY ***
Total pot 1035 | No rake
Seat 3: LeRondeleur won 1035


Winamax Poker - Tournament "Starting Block WiPT - Déglingos" buyIn: 0€ + 0€ level: 2 - HandId: #3260104667014627329-5-1708628993 - Holdem no limit (15/30) - 2024/02/22 19:09:53 UTC
Table: 'Starting Block WiPT - Déglingos(759052268)#0' 6-max (real money) Seat #5 is the button
Seat 3: LeRondeleur (1035)
Seat 4: mano_o95 (520)
Seat 5: foug83 (975)
Seat 6: P1xel7 (470)
*** ANTE/BLINDS ***
P1xel7 posts small blind 15
LeRondeleur posts big blind 30
Dealt to P1xel7 [7h 4h]
*** PRE-FLOP *** 
mano_o95 raises 490 to 520 and is all-in
foug83 folds
P1xel7 folds
LeRondeleur folds
mano_o95 collected 565 from pot
*** SUMMARY ***
Total pot 565 | No rake
Seat 4: mano_o95 won 565


Winamax Poker - Tournament "Starting Block WiPT - Déglingos" buyIn: 0€ + 0€ level: 3 - HandId: #3260104667014627329-6-1708629084 - Holdem no limit (20/40) - 2024/02/22 19:11:24 UTC
Table: 'Starting Block WiPT - Déglingos(759052268)#0' 6-max (real money) Seat #6 is the button
Seat 3: LeRondeleur (1005)
Seat 4: mano_o95 (565)
Seat 5: foug83 (975)
Seat 6: P1xel7 (455)
*** ANTE/BLINDS ***
LeRondeleur posts small blind 20
mano_o95 posts big blind 40
Dealt to P1xel7 [8d Ts]
*** PRE-FLOP *** 
foug83 folds
P1xel7 folds
LeRondeleur raises 965 to 1005 and is all-in
mano_o95 folds
LeRondeleur collected 1045 from pot
*** SUMMARY ***
Total pot 1045 | No rake
Seat 3: LeRondeleur (small blind) won 1045


Winamax Poker - Tournament "Starting Block WiPT - Déglingos" buyIn: 0€ + 0€ level: 3 - HandId: #3260104667014627329-7-1708629098 - Holdem no limit (20/40) - 2024/02/22 19:11:38 UTC
Table: 'Starting Block WiPT - Déglingos(759052268)#0' 6-max (real money) Seat #3 is the button
Seat 3: LeRondeleur (1045)
Seat 4: mano_o95 (525)
Seat 5: foug83 (975)
Seat 6: P1xel7 (455)
*** ANTE/BLINDS ***
mano_o95 posts small blind 20
foug83 posts big blind 40
Dealt to P1xel7 [3d 9s]
*** PRE-FLOP *** 
P1xel7 folds
LeRondeleur raises 213 to 253
mano_o95 folds
foug83 folds
LeRondeleur collected 313 from pot
*** SUMMARY ***
Total pot 313 | No rake
Seat 3: LeRondeleur (button) won 313


Winamax Poker - Tournament "Starting Block WiPT - Déglingos" buyIn: 0€ + 0€ level: 4 - HandId: #3260104667014627329-8-1708629116 - Holdem no limit (30/60) - 2024/02/22 19:11:56 UTC
Table: 'Starting Block WiPT - Déglingos(759052268)#0' 6-max (real money) Seat #4 is the button
Seat 3: LeRondeleur (1105)
Seat 4: mano_o95 (505)
Seat 5: foug83 (935)
Seat 6: P1xel7 (455)
*** ANTE/BLINDS ***
foug83 posts small blind 30
P1xel7 posts big blind 60
Dealt to P1xel7 [5s 3h]
*** PRE-FLOP *** 
LeRondeleur calls 60
mano_o95 folds
foug83 folds
P1xel7 checks
*** FLOP *** [7h Qh Ks]
P1xel7 checks
LeRondeleur bets 150
P1xel7 folds
LeRondeleur collected 300 from pot
*** SUMMARY ***
Total pot 300 | No rake
Board: [7h Qh Ks]
Seat 3: LeRondeleur won 300


Winamax Poker - Tournament "Starting Block WiPT - Déglingos" buyIn: 0€ + 0€ level: 4 - HandId: #3260104667014627329-9-1708629142 - Holdem no limit (30/60) - 2024/02/22 19:12:22 UTC
Table: 'Starting Block WiPT - Déglingos(759052268)#0' 6-max (real money) Seat #5 is the button
Seat 3: LeRondeleur (1195)
Seat 4: mano_o95 (505)
Seat 5: foug83 (905)
Seat 6: P1xel7 (395)
*** ANTE/BLINDS ***
P1xel7 posts small blind 30
LeRondeleur posts big blind 60
Dealt to P1xel7 [Td Kd]
*** PRE-FLOP *** 
mano_o95 folds
foug83 folds
P1xel7 raises 90 to 150
LeRondeleur calls 90
*** FLOP *** [6d 9h Tc]
P1xel7 bets 150
LeRondeleur raises 386 to 536
P1xel7 calls 95 and is all-in
*** TURN *** [6d 9h Tc][Ah]
*** RIVER *** [6d 9h Tc Ah][4c]
*** SHOW DOWN ***
LeRondeleur shows [8h 6s] (One pair : 6)
P1xel7 shows [Td Kd] (One pair : Tens)
P1xel7 collected 790 from main pot
LeRondeleur collected 291 from side pot 1
*** SUMMARY ***
Total pot 1081 | No rake
Board: [6d 9h Tc Ah 4c]
Seat 3: LeRondeleur (big blind) showed [8h 6s] and won 291 with One pair : 6
Seat 6: P1xel7 (small blind) showed [Td Kd] and won 790 with One pair : Tens


Winamax Poker - Tournament "Starting Block WiPT - Déglingos" buyIn: 0€ + 0€ level: 4 - HandId: #3260104667014627329-10-1708629194 - Holdem no limit (30/60) - 2024/02/22 19:13:14 UTC
Table: 'Starting Block WiPT - Déglingos(759052268)#0' 6-max (real money) Seat #6 is the button
Seat 3: LeRondeleur (800)
Seat 4: mano_o95 (505)
Seat 5: foug83 (905)
Seat 6: P1xel7 (790)
*** ANTE/BLINDS ***
LeRondeleur posts small blind 30
mano_o95 posts big blind 60
Dealt to P1xel7 [3s 9s]
*** PRE-FLOP *** 
foug83 folds
P1xel7 folds
LeRondeleur folds
mano_o95 collected 90 from pot
*** SUMMARY ***
Total pot 90 | No rake
Seat 4: mano_o95 (big blind) won 90


Winamax Poker - Tournament "Starting Block WiPT - Déglingos" buyIn: 0€ + 0€ level: 5 - HandId: #3260104667014627329-11-1708629212 - Holdem no limit (40/80) - 2024/02/22 19:13:32 UTC
Table: 'Starting Block WiPT - Déglingos(759052268)#0' 6-max (real money) Seat #3 is the button
Seat 3: LeRondeleur (770)
Seat 4: mano_o95 (535)
Seat 5: foug83 (905)
Seat 6: P1xel7 (790)
*** ANTE/BLINDS ***
mano_o95 posts small blind 40
foug83 posts big blind 80
Dealt to P1xel7 [6s 3h]
*** PRE-FLOP *** 
P1xel7 folds
LeRondeleur raises 690 to 770 and is all-in
mano_o95 calls 495 and is all-in
foug83 folds
*** FLOP *** [3c 7h 2d]
*** TURN *** [3c 7h 2d][8c]
*** RIVER *** [3c 7h 2d 8c][2s]
*** SHOW DOWN ***
LeRondeleur shows [Qs 9h] (One pair : 2)
mano_o95 shows [Kh Jh] (One pair : 2)
mano_o95 collected 1150 from main pot
LeRondeleur collected 235 from side pot 1
*** SUMMARY ***
Total pot 1385 | No rake
Board: [3c 7h 2d 8c 2s]
Seat 3: LeRondeleur (button) showed [Qs 9h] and won 235 with One pair : 2
Seat 4: mano_o95 (small blind) showed [Kh Jh] and won 1150 with One pair : 2


Winamax Poker - Tournament "Starting Block WiPT - Déglingos" buyIn: 0€ + 0€ level: 5 - HandId: #3260104667014627329-12-1708629228 - Holdem no limit (40/80) - 2024/02/22 19:13:48 UTC
Table: 'Starting Block WiPT - Déglingos(759052268)#0' 6-max (real money) Seat #4 is the button
Seat 3: LeRondeleur (235)
Seat 4: mano_o95 (1150)
Seat 5: foug83 (825)
Seat 6: P1xel7 (790)
*** ANTE/BLINDS ***
foug83 posts small blind 40
P1xel7 posts big blind 80
Dealt to P1xel7 [6d Kd]
*** PRE-FLOP *** 
LeRondeleur raises 155 to 235 and is all-in
mano_o95 calls 235
foug83 folds
P1xel7 folds
*** FLOP *** [5s 2s 8d]
*** TURN *** [5s 2s 8d][2d]
*** RIVER *** [5s 2s 8d 2d][Js]
*** SHOW DOWN ***
mano_o95 shows [8s 7h] (Two pairs : 8 and 2)
LeRondeleur shows [9h Jd] (Two pairs : Jacks and 2)
LeRondeleur collected 590 from pot
*** SUMMARY ***
Total pot 590 | No rake
Board: [5s 2s 8d 2d Js]
Seat 3: LeRondeleur showed [9h Jd] and won 590 with Two pairs : Jacks and 2
Seat 4: mano_o95 (button) showed [8s 7h] and lost with Two pairs : 8 and 2


Winamax Poker - Tournament "Starting Block WiPT - Déglingos" buyIn: 0€ + 0€ level: 5 - HandId: #3260104667014627329-13-1708629273 - Holdem no limit (40/80) - 2024/02/22 19:14:33 UTC
Table: 'Starting Block WiPT - Déglingos(759052268)#0' 6-max (real money) Seat #5 is the button
Seat 3: LeRondeleur (590)
Seat 4: mano_o95 (915)
Seat 5: foug83 (785)
Seat 6: P1xel7 (710)
*** ANTE/BLINDS ***
P1xel7 posts small blind 40
LeRondeleur posts big blind 80
Dealt to P1xel7 [Td 5c]
*** PRE-FLOP *** 
mano_o95 folds
foug83 folds
P1xel7 folds
LeRondeleur collected 120 from pot
*** SUMMARY ***
Total pot 120 | No rake
Seat 3: LeRondeleur (big blind) won 120


Winamax Poker - Tournament "Starting Block WiPT - Déglingos" buyIn: 0€ + 0€ level: 5 - HandId: #3260104667014627329-14-1708629281 - Holdem no limit (40/80) - 2024/02/22 19:14:41 UTC
Table: 'Starting Block WiPT - Déglingos(759052268)#0' 6-max (real money) Seat #6 is the button
Seat 3: LeRondeleur (630)
Seat 4: mano_o95 (915)
Seat 5: foug83 (785)
Seat 6: P1xel7 (670)
*** ANTE/BLINDS ***
LeRondeleur posts small blind 40
mano_o95 posts big blind 80
Dealt to P1xel7 [3s Kc]
*** PRE-FLOP *** 
foug83 folds
P1xel7 folds
LeRondeleur raises 80 to 160
mano_o95 calls 80
*** FLOP *** [5d 5c 2s]
LeRondeleur checks
mano_o95 checks
*** TURN *** [5d 5c 2s][9c]
LeRondeleur bets 470 and is all-in
mano_o95 folds
LeRondeleur collected 790 from pot
*** SUMMARY ***
Total pot 790 | No rake
Board: [5d 5c 2s 9c]
Seat 3: LeRondeleur (small blind) won 790


Winamax Poker - Tournament "Starting Block WiPT - Déglingos" buyIn: 0€ + 0€ level: 6 - HandId: #3260104667014627329-15-1708629302 - Holdem no limit (60/120) - 2024/02/22 19:15:02 UTC
Table: 'Starting Block WiPT - Déglingos(759052268)#0' 6-max (real money) Seat #3 is the button
Seat 3: LeRondeleur (790)
Seat 4: mano_o95 (755)
Seat 5: foug83 (785)
Seat 6: P1xel7 (670)
*** ANTE/BLINDS ***
mano_o95 posts small blind 60
foug83 posts big blind 120
Dealt to P1xel7 [Tc Qh]
*** PRE-FLOP *** 
P1xel7 raises 550 to 670 and is all-in
LeRondeleur raises 120 to 790 and is all-in
mano_o95 folds
foug83 folds
*** FLOP *** [4c 5h Jd]
*** TURN *** [4c 5h Jd][8d]
*** RIVER *** [4c 5h Jd 8d][Js]
*** SHOW DOWN ***
P1xel7 shows [Tc Qh] (One pair : Jacks)
LeRondeleur shows [Ah Ac] (Two pairs : Aces and Jacks)
LeRondeleur collected 1640 from pot
*** SUMMARY ***
Total pot 1640 | No rake
Board: [4c 5h Jd 8d Js]
Seat 3: LeRondeleur (button) showed [Ah Ac] and won 1640 with Two pairs : Aces and Jacks
Seat 6: P1xel7 showed [Tc Qh] and lost with One pair : Jacks


