Winamax Poker - Tournament "MYSTERY KO" buyIn: 0.90€ + 0.10€ level: 1 - HandId: #3219217437350166601-2-1709149339 - Holdem no limit (25/100/200) - 2024/02/28 19:42:19 UTC
Table: 'MYSTERY KO(749532468)#0072' 6-max (real money) Seat #4 is the button
Seat 1: Patte2Lapin. (19285)
Seat 2: DiMariaaa11 (20275)
Seat 3: P1xel7 (20000)
Seat 4: abludo (19875)
Seat 5: Djouze03 (27013)
Seat 6: newsstart (19967)
*** ANTE/BLINDS ***
Patte2Lapin. posts ante 25
DiMariaaa11 posts ante 25
P1xel7 posts ante 25
abludo posts ante 25
Patte2Lapin. posts small blind 100
DiMariaaa11 posts big blind 200
Dealt to P1xel7 [Kc Kh]
*** PRE-FLOP *** 
P1xel7 raises 400 to 600
abludo folds
Patte2Lapin. folds
DiMariaaa11 folds
P1xel7 collected 1000 from pot
*** SUMMARY ***
Total pot 1000 | No rake
Seat 3: P1xel7 won 1000


Winamax Poker - Tournament "MYSTERY KO" buyIn: 0.90€ + 0.10€ level: 1 - HandId: #3219217437350166601-3-1709149370 - Holdem no limit (25/100/200) - 2024/02/28 19:42:50 UTC
Table: 'MYSTERY KO(749532468)#0072' 6-max (real money) Seat #1 is the button
Seat 1: Patte2Lapin. (19160)
Seat 2: DiMariaaa11 (20050)
Seat 3: P1xel7 (20375)
Seat 4: abludo (19850)
Seat 5: Djouze03 (27013)
Seat 6: newsstart (19967)
*** ANTE/BLINDS ***
DiMariaaa11 posts ante 25
P1xel7 posts ante 25
Patte2Lapin. posts ante 25
abludo posts ante 25
Djouze03 posts ante 25
newsstart posts ante 25
DiMariaaa11 posts small blind 100
P1xel7 posts big blind 200
Dealt to P1xel7 [2d 5s]
*** PRE-FLOP *** 
abludo folds
Djouze03 folds
newsstart folds
Patte2Lapin. folds
DiMariaaa11 raises 500 to 700
P1xel7 folds
DiMariaaa11 collected 1050 from pot
*** SUMMARY ***
Total pot 1050 | No rake
Seat 2: DiMariaaa11 (small blind) won 1050


Winamax Poker - Tournament "MYSTERY KO" buyIn: 0.90€ + 0.10€ level: 1 - HandId: #3219217437350166601-4-1709149397 - Holdem no limit (25/100/200) - 2024/02/28 19:43:17 UTC
Table: 'MYSTERY KO(749532468)#0072' 6-max (real money) Seat #2 is the button
Seat 1: Patte2Lapin. (19135)
Seat 2: DiMariaaa11 (20375)
Seat 3: P1xel7 (20150)
Seat 4: abludo (19825)
Seat 5: Djouze03 (26988)
Seat 6: newsstart (19942)
*** ANTE/BLINDS ***
P1xel7 posts ante 25
abludo posts ante 25
Patte2Lapin. posts ante 25
DiMariaaa11 posts ante 25
Djouze03 posts ante 25
newsstart posts ante 25
P1xel7 posts small blind 100
abludo posts big blind 200
Dealt to P1xel7 [Kc 3s]
*** PRE-FLOP *** 
Djouze03 folds
newsstart folds
Patte2Lapin. raises 228 to 428
DiMariaaa11 raises 1056 to 1484
P1xel7 folds
abludo folds
Patte2Lapin. calls 1056
*** FLOP *** [Jd 4s 3h]
Patte2Lapin. checks
DiMariaaa11 bets 1600
Patte2Lapin. calls 1600
*** TURN *** [Jd 4s 3h][2s]
Patte2Lapin. checks
DiMariaaa11 checks
*** RIVER *** [Jd 4s 3h 2s][6c]
Patte2Lapin. checks
DiMariaaa11 checks
*** SHOW DOWN ***
Patte2Lapin. shows [9s 9h] (One pair : 9)
DiMariaaa11 shows [9d 9c] (One pair : 9)
DiMariaaa11 collected 3309 from pot
Patte2Lapin. collected 3309 from pot
*** SUMMARY ***
Total pot 6618 | No rake
Board: [Jd 4s 3h 2s 6c]
Seat 1: Patte2Lapin. showed [9s 9h] and won 3309 with One pair : 9
Seat 2: DiMariaaa11 (button) showed [9d 9c] and won 3309 with One pair : 9


Winamax Poker - Tournament "MYSTERY KO" buyIn: 0.90€ + 0.10€ level: 1 - HandId: #3219217437350166601-5-1709149476 - Holdem no limit (25/100/200) - 2024/02/28 19:44:36 UTC
Table: 'MYSTERY KO(749532468)#0072' 6-max (real money) Seat #3 is the button
Seat 1: Patte2Lapin. (19335)
Seat 2: DiMariaaa11 (20575)
Seat 3: P1xel7 (20025)
Seat 4: abludo (19600)
Seat 5: Djouze03 (26963)
Seat 6: newsstart (19917)
*** ANTE/BLINDS ***
abludo posts ante 25
Djouze03 posts ante 25
Patte2Lapin. posts ante 25
DiMariaaa11 posts ante 25
P1xel7 posts ante 25
newsstart posts ante 25
abludo posts small blind 100
Djouze03 posts big blind 200
Dealt to P1xel7 [7h 3c]
*** PRE-FLOP *** 
newsstart folds
Patte2Lapin. folds
DiMariaaa11 folds
P1xel7 folds
abludo raises 250 to 450
Djouze03 folds
abludo collected 800 from pot
*** SUMMARY ***
Total pot 800 | No rake
Seat 4: abludo (small blind) won 800


Winamax Poker - Tournament "MYSTERY KO" buyIn: 0.90€ + 0.10€ level: 1 - HandId: #3219217437350166601-6-1709149522 - Holdem no limit (25/100/200) - 2024/02/28 19:45:22 UTC
Table: 'MYSTERY KO(749532468)#0072' 6-max (real money) Seat #4 is the button
Seat 1: Patte2Lapin. (19310)
Seat 2: DiMariaaa11 (20550)
Seat 3: P1xel7 (20000)
Seat 4: abludo (19925)
Seat 5: Djouze03 (26738)
Seat 6: newsstart (19892)
*** ANTE/BLINDS ***
Djouze03 posts ante 25
newsstart posts ante 25
Patte2Lapin. posts ante 25
DiMariaaa11 posts ante 25
P1xel7 posts ante 25
abludo posts ante 25
Djouze03 posts small blind 100
newsstart posts big blind 200
Dealt to P1xel7 [2d 3s]
*** PRE-FLOP *** 
Patte2Lapin. folds
DiMariaaa11 folds
P1xel7 folds
abludo raises 250 to 450
Djouze03 folds
newsstart folds
abludo collected 900 from pot
*** SUMMARY ***
Total pot 900 | No rake
Seat 4: abludo (button) won 900


Winamax Poker - Tournament "MYSTERY KO" buyIn: 0.90€ + 0.10€ level: 1 - HandId: #3219217437350166601-7-1709149543 - Holdem no limit (25/100/200) - 2024/02/28 19:45:43 UTC
Table: 'MYSTERY KO(749532468)#0072' 6-max (real money) Seat #5 is the button
Seat 1: Patte2Lapin. (19285)
Seat 2: DiMariaaa11 (20525)
Seat 3: P1xel7 (19975)
Seat 4: abludo (20350)
Seat 5: Djouze03 (26613)
Seat 6: newsstart (19667)
*** ANTE/BLINDS ***
newsstart posts ante 25
Patte2Lapin. posts ante 25
DiMariaaa11 posts ante 25
P1xel7 posts ante 25
abludo posts ante 25
Djouze03 posts ante 25
newsstart posts small blind 100
Patte2Lapin. posts big blind 200
Dealt to P1xel7 [Ks 7d]
*** PRE-FLOP *** 
DiMariaaa11 folds
P1xel7 folds
abludo folds
Djouze03 folds
newsstart folds
Patte2Lapin. collected 450 from pot
*** SUMMARY ***
Total pot 450 | No rake
Seat 1: Patte2Lapin. (big blind) won 450


Winamax Poker - Tournament "MYSTERY KO" buyIn: 0.90€ + 0.10€ level: 1 - HandId: #3219217437350166601-8-1709149560 - Holdem no limit (25/100/200) - 2024/02/28 19:46:00 UTC
Table: 'MYSTERY KO(749532468)#0072' 6-max (real money) Seat #6 is the button
Seat 1: Patte2Lapin. (19510)
Seat 2: DiMariaaa11 (20500)
Seat 3: P1xel7 (19950)
Seat 4: abludo (20325)
Seat 5: Djouze03 (26588)
Seat 6: newsstart (19542)
*** ANTE/BLINDS ***
Patte2Lapin. posts ante 25
DiMariaaa11 posts ante 25
P1xel7 posts ante 25
abludo posts ante 25
Djouze03 posts ante 25
newsstart posts ante 25
Patte2Lapin. posts small blind 100
DiMariaaa11 posts big blind 200
Dealt to P1xel7 [As 4s]
*** PRE-FLOP *** 
P1xel7 folds
abludo raises 250 to 450
Djouze03 folds
newsstart folds
Patte2Lapin. folds
DiMariaaa11 folds
abludo collected 900 from pot
*** SUMMARY ***
Total pot 900 | No rake
Seat 4: abludo won 900


Winamax Poker - Tournament "MYSTERY KO" buyIn: 0.90€ + 0.10€ level: 1 - HandId: #3219217437350166601-9-1709149592 - Holdem no limit (25/100/200) - 2024/02/28 19:46:32 UTC
Table: 'MYSTERY KO(749532468)#0072' 6-max (real money) Seat #1 is the button
Seat 1: Patte2Lapin. (19385)
Seat 2: DiMariaaa11 (20275)
Seat 3: P1xel7 (19925)
Seat 4: abludo (20750)
Seat 5: Djouze03 (26563)
Seat 6: newsstart (19517)
*** ANTE/BLINDS ***
DiMariaaa11 posts ante 25
P1xel7 posts ante 25
Patte2Lapin. posts ante 25
abludo posts ante 25
Djouze03 posts ante 25
newsstart posts ante 25
DiMariaaa11 posts small blind 100
P1xel7 posts big blind 200
Dealt to P1xel7 [9c Ah]
*** PRE-FLOP *** 
abludo folds
Djouze03 raises 300 to 500
newsstart folds
Patte2Lapin. folds
DiMariaaa11 calls 400
P1xel7 calls 300
*** FLOP *** [4h 8s 2d]
DiMariaaa11 checks
P1xel7 checks
Djouze03 bets 1073
DiMariaaa11 folds
P1xel7 folds
Djouze03 collected 2723 from pot
*** SUMMARY ***
Total pot 2723 | No rake
Board: [4h 8s 2d]
Seat 5: Djouze03 won 2723


Winamax Poker - Tournament "MYSTERY KO" buyIn: 0.90€ + 0.10€ level: 1 - HandId: #3219217437350166601-10-1709149656 - Holdem no limit (25/100/200) - 2024/02/28 19:47:36 UTC
Table: 'MYSTERY KO(749532468)#0072' 6-max (real money) Seat #2 is the button
Seat 1: Patte2Lapin. (19360)
Seat 2: DiMariaaa11 (19750)
Seat 3: P1xel7 (19400)
Seat 4: abludo (20725)
Seat 5: Djouze03 (27688)
Seat 6: newsstart (19492)
*** ANTE/BLINDS ***
P1xel7 posts ante 25
abludo posts ante 25
Patte2Lapin. posts ante 25
DiMariaaa11 posts ante 25
Djouze03 posts ante 25
newsstart posts ante 25
P1xel7 posts small blind 100
abludo posts big blind 200
Dealt to P1xel7 [Ah 2d]
*** PRE-FLOP *** 
Djouze03 calls 200
newsstart folds
Patte2Lapin. folds
DiMariaaa11 folds
P1xel7 folds
abludo checks
*** FLOP *** [3c Kd 2h]
abludo bets 228
Djouze03 folds
abludo collected 878 from pot
*** SUMMARY ***
Total pot 878 | No rake
Board: [3c Kd 2h]
Seat 4: abludo (big blind) won 878


Winamax Poker - Tournament "MYSTERY KO" buyIn: 0.90€ + 0.10€ level: 1 - HandId: #3219217437350166601-11-1709149687 - Holdem no limit (25/100/200) - 2024/02/28 19:48:07 UTC
Table: 'MYSTERY KO(749532468)#0072' 6-max (real money) Seat #3 is the button
Seat 1: Patte2Lapin. (19335)
Seat 2: DiMariaaa11 (19725)
Seat 3: P1xel7 (19275)
Seat 4: abludo (21150)
Seat 5: Djouze03 (27463)
Seat 6: newsstart (19467)
*** ANTE/BLINDS ***
abludo posts ante 25
Djouze03 posts ante 25
Patte2Lapin. posts ante 25
DiMariaaa11 posts ante 25
P1xel7 posts ante 25
newsstart posts ante 25
abludo posts small blind 100
Djouze03 posts big blind 200
Dealt to P1xel7 [3d Qh]
*** PRE-FLOP *** 
newsstart folds
Patte2Lapin. raises 228 to 428
DiMariaaa11 folds
P1xel7 folds
abludo calls 328
Djouze03 calls 228
*** FLOP *** [4h 9h 2h]
abludo checks
Djouze03 checks
Patte2Lapin. bets 359
abludo folds
Djouze03 folds
Patte2Lapin. collected 1793 from pot
*** SUMMARY ***
Total pot 1793 | No rake
Board: [4h 9h 2h]
Seat 1: Patte2Lapin. won 1793


Winamax Poker - Tournament "MYSTERY KO" buyIn: 0.90€ + 0.10€ level: 1 - HandId: #3219217437350166601-12-1709149750 - Holdem no limit (25/100/200) - 2024/02/28 19:49:10 UTC
Table: 'MYSTERY KO(749532468)#0072' 6-max (real money) Seat #4 is the button
Seat 1: Patte2Lapin. (20316)
Seat 2: DiMariaaa11 (19700)
Seat 3: P1xel7 (19250)
Seat 4: abludo (20697)
Seat 5: Djouze03 (27010)
Seat 6: newsstart (19442)
*** ANTE/BLINDS ***
Djouze03 posts ante 25
newsstart posts ante 25
Patte2Lapin. posts ante 25
DiMariaaa11 posts ante 25
P1xel7 posts ante 25
abludo posts ante 25
Djouze03 posts small blind 100
newsstart posts big blind 200
Dealt to P1xel7 [8c Ah]
*** PRE-FLOP *** 
Patte2Lapin. folds
DiMariaaa11 raises 300 to 500
P1xel7 folds
abludo folds
Djouze03 calls 400
newsstart folds
*** FLOP *** [3c 4h 7c]
Djouze03 checks
DiMariaaa11 checks
*** TURN *** [3c 4h 7c][Ts]
Djouze03 checks
DiMariaaa11 bets 800
Djouze03 calls 800
*** RIVER *** [3c 4h 7c Ts][9s]
Djouze03 checks
DiMariaaa11 bets 2950
Djouze03 folds
DiMariaaa11 collected 5900 from pot
*** SUMMARY ***
Total pot 5900 | No rake
Board: [3c 4h 7c Ts 9s]
Seat 2: DiMariaaa11 won 5900


Winamax Poker - Tournament "MYSTERY KO" buyIn: 0.90€ + 0.10€ level: 2 - HandId: #3219217437350166601-13-1709149816 - Holdem no limit (30/125/250) - 2024/02/28 19:50:16 UTC
Table: 'MYSTERY KO(749532468)#0072' 6-max (real money) Seat #5 is the button
Seat 1: Patte2Lapin. (20291)
Seat 2: DiMariaaa11 (21325)
Seat 3: P1xel7 (19225)
Seat 4: abludo (20672)
Seat 5: Djouze03 (25685)
Seat 6: newsstart (19217)
*** ANTE/BLINDS ***
newsstart posts ante 30
Patte2Lapin. posts ante 30
DiMariaaa11 posts ante 30
P1xel7 posts ante 30
abludo posts ante 30
Djouze03 posts ante 30
newsstart posts small blind 125
Patte2Lapin. posts big blind 250
Dealt to P1xel7 [4d 8s]
*** PRE-FLOP *** 
DiMariaaa11 folds
P1xel7 folds
abludo folds
Djouze03 raises 375 to 625
newsstart raises 1250 to 1875
Patte2Lapin. folds
Djouze03 calls 1250
*** FLOP *** [3s 6s 8h]
newsstart bets 2090
Djouze03 calls 2090
*** TURN *** [3s 6s 8h][Qc]
newsstart checks
Djouze03 bets 21690 and is all-in
newsstart calls 15222 and is all-in
*** RIVER *** [3s 6s 8h Qc][Ks]
*** SHOW DOWN ***
newsstart shows [9s 9c] (One pair : 9)
Djouze03 shows [3c Kh] (Two pairs : Kings and 3)
Djouze03 collected 45272 from pot
*** SUMMARY ***
Total pot 45272 | No rake
Board: [3s 6s 8h Qc Ks]
Seat 5: Djouze03 (button) showed [3c Kh] and won 45272 with Two pairs : Kings and 3
Seat 6: newsstart (small blind) showed [9s 9c] and lost with One pair : 9


Winamax Poker - Tournament "MYSTERY KO" buyIn: 0.90€ + 0.10€ level: 2 - HandId: #3219217437350166601-14-1709149870 - Holdem no limit (30/125/250) - 2024/02/28 19:51:10 UTC
Table: 'MYSTERY KO(749532468)#0072' 6-max (real money) Seat #6 is the button
Seat 1: Patte2Lapin. (20011)
Seat 2: DiMariaaa11 (21295)
Seat 3: P1xel7 (19195)
Seat 4: abludo (20642)
Seat 5: Djouze03 (45272)
*** ANTE/BLINDS ***
Patte2Lapin. posts ante 30
DiMariaaa11 posts ante 30
P1xel7 posts ante 30
abludo posts ante 30
Djouze03 posts ante 30
Patte2Lapin. posts small blind 125
DiMariaaa11 posts big blind 250
Dealt to P1xel7 [7h Ah]
*** PRE-FLOP *** 
P1xel7 folds
abludo folds
Djouze03 raises 500 to 750
Patte2Lapin. folds
DiMariaaa11 calls 500
*** FLOP *** [5c 6c 2s]
DiMariaaa11 checks
Djouze03 bets 621
DiMariaaa11 raises 1379 to 2000
Djouze03 calls 1379
*** TURN *** [5c 6c 2s][5d]
DiMariaaa11 bets 3754
Djouze03 folds
DiMariaaa11 collected 9529 from pot
*** SUMMARY ***
Total pot 9529 | No rake
Board: [5c 6c 2s 5d]
Seat 2: DiMariaaa11 (big blind) won 9529


Winamax Poker - Tournament "MYSTERY KO" buyIn: 0.90€ + 0.10€ level: 2 - HandId: #3219217437350166601-15-1709149918 - Holdem no limit (30/125/250) - 2024/02/28 19:51:58 UTC
Table: 'MYSTERY KO(749532468)#0072' 6-max (real money) Seat #1 is the button
Seat 1: Patte2Lapin. (19856)
Seat 2: DiMariaaa11 (24290)
Seat 3: P1xel7 (19165)
Seat 4: abludo (20612)
Seat 5: Djouze03 (42492)
*** ANTE/BLINDS ***
DiMariaaa11 posts ante 30
P1xel7 posts ante 30
Patte2Lapin. posts ante 30
abludo posts ante 30
Djouze03 posts ante 30
DiMariaaa11 posts small blind 125
P1xel7 posts big blind 250
Dealt to P1xel7 [Qs Kh]
*** PRE-FLOP *** 
abludo folds
Djouze03 raises 500 to 750
Patte2Lapin. folds
DiMariaaa11 folds
P1xel7 calls 500
*** FLOP *** [Jc 3s Tc]
P1xel7 checks
Djouze03 bets 1404
P1xel7 calls 1404
*** TURN *** [Jc 3s Tc][Js]
P1xel7 checks
Djouze03 bets 4583
P1xel7 folds
Djouze03 collected 9166 from pot
*** SUMMARY ***
Total pot 9166 | No rake
Board: [Jc 3s Tc Js]
Seat 5: Djouze03 won 9166


Winamax Poker - Tournament "MYSTERY KO" buyIn: 0.90€ + 0.10€ level: 2 - HandId: #3219217437350166601-16-1709149972 - Holdem no limit (30/125/250) - 2024/02/28 19:52:52 UTC
Table: 'MYSTERY KO(749532468)#0072' 6-max (real money) Seat #2 is the button
Seat 1: Patte2Lapin. (19826)
Seat 2: DiMariaaa11 (24135)
Seat 3: P1xel7 (16981)
Seat 4: abludo (20582)
Seat 5: Djouze03 (44891)
*** ANTE/BLINDS ***
P1xel7 posts ante 30
abludo posts ante 30
Patte2Lapin. posts ante 30
DiMariaaa11 posts ante 30
Djouze03 posts ante 30
P1xel7 posts small blind 125
abludo posts big blind 250
Dealt to P1xel7 [6c Td]
*** PRE-FLOP *** 
Djouze03 folds
Patte2Lapin. folds
DiMariaaa11 raises 375 to 625
P1xel7 folds
abludo calls 375
*** FLOP *** [Kd Jh 8d]
abludo checks
DiMariaaa11 bets 763
abludo calls 763
*** TURN *** [Kd Jh 8d][7h]
abludo checks
DiMariaaa11 bets 2000
abludo calls 2000
*** RIVER *** [Kd Jh 8d 7h][9d]
abludo checks
DiMariaaa11 checks
*** SHOW DOWN ***
DiMariaaa11 shows [Ks Qh] (One pair : Kings)
abludo shows [5d 6d] (Flush King high)
abludo collected 7051 from pot
*** SUMMARY ***
Total pot 7051 | No rake
Board: [Kd Jh 8d 7h 9d]
Seat 2: DiMariaaa11 (button) showed [Ks Qh] and lost with One pair : Kings
Seat 4: abludo (big blind) showed [5d 6d] and won 7051 with Flush King high


Winamax Poker - Tournament "MYSTERY KO" buyIn: 0.90€ + 0.10€ level: 2 - HandId: #3219217437350166601-17-1709150029 - Holdem no limit (30/125/250) - 2024/02/28 19:53:49 UTC
Table: 'MYSTERY KO(749532468)#0072' 6-max (real money) Seat #3 is the button
Seat 1: Patte2Lapin. (19796)
Seat 2: DiMariaaa11 (20717)
Seat 3: P1xel7 (16826)
Seat 4: abludo (24215)
Seat 5: Djouze03 (44861)
Seat 6: ypintooo7 (20000)
*** ANTE/BLINDS ***
abludo posts ante 30
Djouze03 posts ante 30
Patte2Lapin. posts ante 30
DiMariaaa11 posts ante 30
P1xel7 posts ante 30
ypintooo7 posts ante 30
abludo posts small blind 125
Djouze03 posts big blind 250
Dealt to P1xel7 [Th 9s]
*** PRE-FLOP *** 
ypintooo7 folds
Patte2Lapin. folds
DiMariaaa11 folds
P1xel7 raises 375 to 625
abludo folds
Djouze03 calls 375
*** FLOP *** [7s Kc 4s]
Djouze03 checks
P1xel7 bets 625
Djouze03 calls 625
*** TURN *** [7s Kc 4s][7c]
Djouze03 checks
P1xel7 bets 982
Djouze03 calls 982
*** RIVER *** [7s Kc 4s 7c][6c]
Djouze03 checks
P1xel7 checks
*** SHOW DOWN ***
P1xel7 shows [Th 9s] (One pair : 7)
Djouze03 shows [4h 8h] (Two pairs : 7 and 4)
Djouze03 collected 4769 from pot
*** SUMMARY ***
Total pot 4769 | No rake
Board: [7s Kc 4s 7c 6c]
Seat 3: P1xel7 (button) showed [Th 9s] and lost with One pair : 7
Seat 5: Djouze03 (big blind) showed [4h 8h] and won 4769 with Two pairs : 7 and 4


Winamax Poker - Tournament "MYSTERY KO" buyIn: 0.90€ + 0.10€ level: 2 - HandId: #3219217437350166601-18-1709150085 - Holdem no limit (30/125/250) - 2024/02/28 19:54:45 UTC
Table: 'MYSTERY KO(749532468)#0072' 6-max (real money) Seat #4 is the button
Seat 1: Patte2Lapin. (19766)
Seat 2: DiMariaaa11 (20687)
Seat 3: P1xel7 (14564)
Seat 4: abludo (24060)
Seat 5: Djouze03 (47368)
Seat 6: ypintooo7 (19970)
*** ANTE/BLINDS ***
Djouze03 posts ante 30
ypintooo7 posts ante 30
Patte2Lapin. posts ante 30
DiMariaaa11 posts ante 30
P1xel7 posts ante 30
abludo posts ante 30
Djouze03 posts small blind 125
ypintooo7 posts big blind 250
Dealt to P1xel7 [9d 7h]
*** PRE-FLOP *** 
Patte2Lapin. raises 285 to 535
DiMariaaa11 folds
P1xel7 folds
abludo folds
Djouze03 folds
ypintooo7 calls 285
*** FLOP *** [Jh 4d Js]
ypintooo7 checks
Patte2Lapin. bets 454
ypintooo7 calls 454
*** TURN *** [Jh 4d Js][Kh]
ypintooo7 checks
Patte2Lapin. bets 696
ypintooo7 calls 696
*** RIVER *** [Jh 4d Js Kh][8d]
ypintooo7 bets 2389
Patte2Lapin. folds
ypintooo7 collected 6064 from pot
*** SUMMARY ***
Total pot 6064 | No rake
Board: [Jh 4d Js Kh 8d]
Seat 6: ypintooo7 (big blind) won 6064


Winamax Poker - Tournament "MYSTERY KO" buyIn: 0.90€ + 0.10€ level: 2 - HandId: #3219217437350166601-19-1709150460 - Holdem no limit (30/125/250) - 2024/02/28 20:01:00 UTC
Table: 'MYSTERY KO(749532468)#0072' 6-max (real money) Seat #5 is the button
Seat 1: Patte2Lapin. (18051)
Seat 2: DiMariaaa11 (20657)
Seat 3: P1xel7 (14534)
Seat 4: abludo (24030)
Seat 5: Djouze03 (47213)
Seat 6: ypintooo7 (21930)
*** ANTE/BLINDS ***
ypintooo7 posts ante 30
Patte2Lapin. posts ante 30
DiMariaaa11 posts ante 30
P1xel7 posts ante 30
abludo posts ante 30
Djouze03 posts ante 30
ypintooo7 posts small blind 125
Patte2Lapin. posts big blind 250
Dealt to P1xel7 [8h 7s]
*** PRE-FLOP *** 
DiMariaaa11 folds
P1xel7 folds
abludo raises 313 to 563
Djouze03 folds
ypintooo7 calls 438
Patte2Lapin. folds
*** FLOP *** [Qc 2h 9d]
ypintooo7 checks
abludo bets 389
ypintooo7 folds
abludo collected 1945 from pot
*** SUMMARY ***
Total pot 1945 | No rake
Board: [Qc 2h 9d]
Seat 4: abludo won 1945


Winamax Poker - Tournament "MYSTERY KO" buyIn: 0.90€ + 0.10€ level: 2 - HandId: #3219217437350166601-20-1709150504 - Holdem no limit (30/125/250) - 2024/02/28 20:01:44 UTC
Table: 'MYSTERY KO(749532468)#0072' 6-max (real money) Seat #6 is the button
Seat 1: Patte2Lapin. (17771)
Seat 2: DiMariaaa11 (20627)
Seat 3: P1xel7 (14504)
Seat 4: abludo (24993)
Seat 5: Djouze03 (47183)
Seat 6: ypintooo7 (21337)
*** ANTE/BLINDS ***
Patte2Lapin. posts ante 30
DiMariaaa11 posts ante 30
P1xel7 posts ante 30
abludo posts ante 30
Djouze03 posts ante 30
ypintooo7 posts ante 30
Patte2Lapin. posts small blind 125
DiMariaaa11 posts big blind 250
Dealt to P1xel7 [Ts 5s]
*** PRE-FLOP *** 
P1xel7 folds
abludo raises 313 to 563
Djouze03 folds
ypintooo7 folds
Patte2Lapin. folds
DiMariaaa11 folds
abludo collected 1118 from pot
*** SUMMARY ***
Total pot 1118 | No rake
Seat 4: abludo won 1118


Winamax Poker - Tournament "MYSTERY KO" buyIn: 0.90€ + 0.10€ level: 2 - HandId: #3219217437350166601-21-1709150532 - Holdem no limit (30/125/250) - 2024/02/28 20:02:12 UTC
Table: 'MYSTERY KO(749532468)#0072' 6-max (real money) Seat #1 is the button
Seat 1: Patte2Lapin. (17616)
Seat 2: DiMariaaa11 (20347)
Seat 3: P1xel7 (14474)
Seat 4: abludo (25518)
Seat 5: Djouze03 (47153)
Seat 6: ypintooo7 (21307)
*** ANTE/BLINDS ***
DiMariaaa11 posts ante 30
P1xel7 posts ante 30
Patte2Lapin. posts ante 30
abludo posts ante 30
Djouze03 posts ante 30
ypintooo7 posts ante 30
DiMariaaa11 posts small blind 125
P1xel7 posts big blind 250
Dealt to P1xel7 [Js 6h]
*** PRE-FLOP *** 
abludo folds
Djouze03 folds
ypintooo7 folds
Patte2Lapin. folds
DiMariaaa11 folds
P1xel7 collected 555 from pot
*** SUMMARY ***
Total pot 555 | No rake
Seat 3: P1xel7 (big blind) won 555


Winamax Poker - Tournament "MYSTERY KO" buyIn: 0.90€ + 0.10€ level: 3 - HandId: #3219217437350166601-22-1709150584 - Holdem no limit (35/150/300) - 2024/02/28 20:03:04 UTC
Table: 'MYSTERY KO(749532468)#0072' 6-max (real money) Seat #2 is the button
Seat 1: Patte2Lapin. (17586)
Seat 2: DiMariaaa11 (20192)
Seat 3: P1xel7 (14749)
Seat 4: abludo (25488)
Seat 5: Djouze03 (47123)
Seat 6: ypintooo7 (21277)
*** ANTE/BLINDS ***
P1xel7 posts ante 35
abludo posts ante 35
Patte2Lapin. posts ante 35
DiMariaaa11 posts ante 35
Djouze03 posts ante 35
ypintooo7 posts ante 35
P1xel7 posts small blind 150
abludo posts big blind 300
Dealt to P1xel7 [7s 6s]
*** PRE-FLOP *** 
Djouze03 calls 300
ypintooo7 calls 300
Patte2Lapin. folds
DiMariaaa11 calls 300
P1xel7 folds
abludo checks
*** FLOP *** [Qc 5d 8d]
abludo checks
Djouze03 checks
ypintooo7 checks
DiMariaaa11 bets 780
abludo folds
Djouze03 calls 780
ypintooo7 folds
*** TURN *** [Qc 5d 8d][Ks]
Djouze03 checks
DiMariaaa11 bets 1560
Djouze03 calls 1560
*** RIVER *** [Qc 5d 8d Ks][4c]
Djouze03 checks
DiMariaaa11 checks
*** SHOW DOWN ***
DiMariaaa11 shows [8s Ah] (One pair : 8)
Djouze03 shows [Kd 5h] (Two pairs : Kings and 5)
Djouze03 collected 6240 from pot
*** SUMMARY ***
Total pot 6240 | No rake
Board: [Qc 5d 8d Ks 4c]
Seat 2: DiMariaaa11 (button) showed [8s Ah] and lost with One pair : 8
Seat 5: Djouze03 showed [Kd 5h] and won 6240 with Two pairs : Kings and 5


Winamax Poker - Tournament "MYSTERY KO" buyIn: 0.90€ + 0.10€ level: 3 - HandId: #3219217437350166601-23-1709150663 - Holdem no limit (35/150/300) - 2024/02/28 20:04:23 UTC
Table: 'MYSTERY KO(749532468)#0072' 6-max (real money) Seat #3 is the button
Seat 1: Patte2Lapin. (17551)
Seat 2: DiMariaaa11 (17517)
Seat 3: P1xel7 (14564)
Seat 4: abludo (25153)
Seat 5: Djouze03 (50688)
Seat 6: ypintooo7 (20942)
*** ANTE/BLINDS ***
abludo posts ante 35
Djouze03 posts ante 35
Patte2Lapin. posts ante 35
DiMariaaa11 posts ante 35
P1xel7 posts ante 35
ypintooo7 posts ante 35
abludo posts small blind 150
Djouze03 posts big blind 300
Dealt to P1xel7 [Qc Kc]
*** PRE-FLOP *** 
ypintooo7 folds
Patte2Lapin. folds
DiMariaaa11 folds
P1xel7 raises 600 to 900
abludo folds
Djouze03 folds
P1xel7 collected 1560 from pot
*** SUMMARY ***
Total pot 1560 | No rake
Seat 3: P1xel7 (button) won 1560


Winamax Poker - Tournament "MYSTERY KO" buyIn: 0.90€ + 0.10€ level: 3 - HandId: #3219217437350166601-24-1709150700 - Holdem no limit (35/150/300) - 2024/02/28 20:05:00 UTC
Table: 'MYSTERY KO(749532468)#0072' 6-max (real money) Seat #4 is the button
Seat 1: Patte2Lapin. (17516)
Seat 2: DiMariaaa11 (17482)
Seat 3: P1xel7 (15189)
Seat 4: abludo (24968)
Seat 5: Djouze03 (50353)
Seat 6: ypintooo7 (20907)
*** ANTE/BLINDS ***
Djouze03 posts ante 35
ypintooo7 posts ante 35
Patte2Lapin. posts ante 35
DiMariaaa11 posts ante 35
P1xel7 posts ante 35
abludo posts ante 35
Djouze03 posts small blind 150
ypintooo7 posts big blind 300
Dealt to P1xel7 [Tc Js]
*** PRE-FLOP *** 
Patte2Lapin. folds
DiMariaaa11 raises 450 to 750
P1xel7 folds
abludo calls 750
Djouze03 folds
ypintooo7 folds
*** FLOP *** [As Kd 7s]
DiMariaaa11 bets 900
abludo raises 2259 to 3159
DiMariaaa11 calls 2259
*** TURN *** [As Kd 7s][9h]
DiMariaaa11 checks
abludo bets 21024 and is all-in
DiMariaaa11 calls 13538 and is all-in
*** RIVER *** [As Kd 7s 9h][8d]
*** SHOW DOWN ***
DiMariaaa11 shows [Qs Ah] (One pair : Aces)
abludo shows [9s Ks] (Two pairs : Kings and 9)
abludo collected 43040 from pot
*** SUMMARY ***
Total pot 43040 | No rake
Board: [As Kd 7s 9h 8d]
Seat 2: DiMariaaa11 showed [Qs Ah] and lost with One pair : Aces
Seat 4: abludo (button) showed [9s Ks] and won 43040 with Two pairs : Kings and 9


Winamax Poker - Tournament "MYSTERY KO" buyIn: 0.90€ + 0.10€ level: 3 - HandId: #3219217437350166601-25-1709150757 - Holdem no limit (35/150/300) - 2024/02/28 20:05:57 UTC
Table: 'MYSTERY KO(749532468)#0072' 6-max (real money) Seat #5 is the button
Seat 1: Patte2Lapin. (17481)
Seat 3: P1xel7 (15154)
Seat 4: abludo (43040)
Seat 5: Djouze03 (50168)
Seat 6: ypintooo7 (20572)
*** ANTE/BLINDS ***
ypintooo7 posts ante 35
Patte2Lapin. posts ante 35
P1xel7 posts ante 35
abludo posts ante 35
Djouze03 posts ante 35
ypintooo7 posts small blind 150
Patte2Lapin. posts big blind 300
Dealt to P1xel7 [5s 9d]
*** PRE-FLOP *** 
P1xel7 folds
abludo folds
Djouze03 raises 450 to 750
ypintooo7 folds
Patte2Lapin. raises 1200 to 1950
Djouze03 calls 1200
*** FLOP *** [3d 7h 2d]
Patte2Lapin. bets 1394
Djouze03 raises 46789 to 48183 and is all-in
Patte2Lapin. calls 14102 and is all-in
*** TURN *** [3d 7h 2d][6h]
*** RIVER *** [3d 7h 2d 6h][4s]
*** SHOW DOWN ***
Patte2Lapin. shows [Kc Ks] (One pair : Kings)
Djouze03 shows [8c 7c] (One pair : 7)
Djouze03 collected 32687 from side pot 1
Patte2Lapin. collected 35217 from main pot
*** SUMMARY ***
Total pot 67904 | No rake
Board: [3d 7h 2d 6h 4s]
Seat 1: Patte2Lapin. (big blind) showed [Kc Ks] and won 35217 with One pair : Kings
Seat 5: Djouze03 (button) showed [8c 7c] and won 32687 with One pair : 7


Winamax Poker - Tournament "MYSTERY KO" buyIn: 0.90€ + 0.10€ level: 3 - HandId: #3219217437350166601-26-1709150825 - Holdem no limit (35/150/300) - 2024/02/28 20:07:05 UTC
Table: 'MYSTERY KO(749532468)#0072' 6-max (real money) Seat #6 is the button
Seat 1: Patte2Lapin. (35217)
Seat 2: KarmaFuck19 (20000)
Seat 3: P1xel7 (15119)
Seat 4: abludo (43005)
Seat 5: Djouze03 (32687)
Seat 6: ypintooo7 (20387)
*** ANTE/BLINDS ***
Patte2Lapin. posts ante 35
KarmaFuck19 posts ante 35
P1xel7 posts ante 35
abludo posts ante 35
Djouze03 posts ante 35
ypintooo7 posts ante 35
Patte2Lapin. posts small blind 150
KarmaFuck19 posts big blind 300
Dealt to P1xel7 [4c 5d]
*** PRE-FLOP *** 
P1xel7 folds
abludo folds
Djouze03 raises 450 to 750
ypintooo7 calls 750
Patte2Lapin. folds
KarmaFuck19 raises 1882 to 2632
Djouze03 folds
ypintooo7 folds
KarmaFuck19 collected 4492 from pot
*** SUMMARY ***
Total pot 4492 | No rake
Seat 2: KarmaFuck19 (big blind) won 4492


Winamax Poker - Tournament "MYSTERY KO" buyIn: 0.90€ + 0.10€ level: 3 - HandId: #3219217437350166601-27-1709150868 - Holdem no limit (35/150/300) - 2024/02/28 20:07:48 UTC
Table: 'MYSTERY KO(749532468)#0072' 6-max (real money) Seat #1 is the button
Seat 1: Patte2Lapin. (35032)
Seat 2: KarmaFuck19 (21825)
Seat 3: P1xel7 (15084)
Seat 4: abludo (42970)
Seat 5: Djouze03 (31902)
Seat 6: ypintooo7 (19602)
*** ANTE/BLINDS ***
KarmaFuck19 posts ante 35
P1xel7 posts ante 35
Patte2Lapin. posts ante 35
abludo posts ante 35
Djouze03 posts ante 35
ypintooo7 posts ante 35
KarmaFuck19 posts small blind 150
P1xel7 posts big blind 300
Dealt to P1xel7 [5h 4h]
*** PRE-FLOP *** 
abludo folds
Djouze03 calls 300
ypintooo7 folds
Patte2Lapin. folds
KarmaFuck19 folds
P1xel7 checks
*** FLOP *** [8c 4d 6c]
P1xel7 checks
Djouze03 checks
*** TURN *** [8c 4d 6c][Ks]
P1xel7 checks
Djouze03 checks
*** RIVER *** [8c 4d 6c Ks][Qd]
P1xel7 checks
Djouze03 bets 960
P1xel7 raises 1536 to 2496
Djouze03 folds
P1xel7 collected 4416 from pot
*** SUMMARY ***
Total pot 4416 | No rake
Board: [8c 4d 6c Ks Qd]
Seat 3: P1xel7 (big blind) won 4416


Winamax Poker - Tournament "MYSTERY KO" buyIn: 0.90€ + 0.10€ level: 3 - HandId: #3219217437350166601-28-1709150940 - Holdem no limit (35/150/300) - 2024/02/28 20:09:00 UTC
Table: 'MYSTERY KO(749532468)#0072' 6-max (real money) Seat #2 is the button
Seat 1: Patte2Lapin. (34997)
Seat 2: KarmaFuck19 (21640)
Seat 3: P1xel7 (16669)
Seat 4: abludo (42935)
Seat 5: Djouze03 (30607)
Seat 6: ypintooo7 (19567)
*** ANTE/BLINDS ***
P1xel7 posts ante 35
abludo posts ante 35
Patte2Lapin. posts ante 35
KarmaFuck19 posts ante 35
Djouze03 posts ante 35
ypintooo7 posts ante 35
P1xel7 posts small blind 150
abludo posts big blind 300
Dealt to P1xel7 [8d Ac]
*** PRE-FLOP *** 
Djouze03 folds
ypintooo7 folds
Patte2Lapin. folds
KarmaFuck19 folds
P1xel7 raises 600 to 900
abludo folds
P1xel7 collected 1410 from pot
*** SUMMARY ***
Total pot 1410 | No rake
Seat 3: P1xel7 (small blind) won 1410


Winamax Poker - Tournament "MYSTERY KO" buyIn: 0.90€ + 0.10€ level: 3 - HandId: #3219217437350166601-29-1709150964 - Holdem no limit (35/150/300) - 2024/02/28 20:09:24 UTC
Table: 'MYSTERY KO(749532468)#0072' 6-max (real money) Seat #3 is the button
Seat 1: Patte2Lapin. (34962)
Seat 2: KarmaFuck19 (21605)
Seat 3: P1xel7 (17144)
Seat 4: abludo (42600)
Seat 5: Djouze03 (30572)
Seat 6: ypintooo7 (19532)
*** ANTE/BLINDS ***
abludo posts ante 35
Djouze03 posts ante 35
Patte2Lapin. posts ante 35
KarmaFuck19 posts ante 35
P1xel7 posts ante 35
ypintooo7 posts ante 35
abludo posts small blind 150
Djouze03 posts big blind 300
Dealt to P1xel7 [6c 3h]
*** PRE-FLOP *** 
ypintooo7 folds
Patte2Lapin. folds
KarmaFuck19 folds
P1xel7 folds
abludo folds
Djouze03 collected 660 from pot
*** SUMMARY ***
Total pot 660 | No rake
Seat 5: Djouze03 (big blind) won 660


Winamax Poker - Tournament "MYSTERY KO" buyIn: 0.90€ + 0.10€ level: 3 - HandId: #3219217437350166601-30-1709150979 - Holdem no limit (35/150/300) - 2024/02/28 20:09:39 UTC
Table: 'MYSTERY KO(749532468)#0072' 6-max (real money) Seat #4 is the button
Seat 1: Patte2Lapin. (34927)
Seat 2: KarmaFuck19 (21570)
Seat 3: P1xel7 (17109)
Seat 4: abludo (42415)
Seat 5: Djouze03 (30897)
Seat 6: ypintooo7 (19497)
*** ANTE/BLINDS ***
Djouze03 posts ante 35
ypintooo7 posts ante 35
Patte2Lapin. posts ante 35
KarmaFuck19 posts ante 35
P1xel7 posts ante 35
abludo posts ante 35
Djouze03 posts small blind 150
ypintooo7 posts big blind 300
Dealt to P1xel7 [5d As]
*** PRE-FLOP *** 
Patte2Lapin. folds
KarmaFuck19 folds
P1xel7 folds
abludo raises 375 to 675
Djouze03 calls 525
ypintooo7 raises 1350 to 2025
abludo calls 1350
Djouze03 folds
*** FLOP *** [4s Qc 8d]
ypintooo7 bets 17437 and is all-in
abludo folds
ypintooo7 collected 22372 from pot
*** SUMMARY ***
Total pot 22372 | No rake
Board: [4s Qc 8d]
Seat 6: ypintooo7 (big blind) won 22372


Winamax Poker - Tournament "MYSTERY KO" buyIn: 0.90€ + 0.10€ level: 4 - HandId: #3219217437350166601-31-1709151041 - Holdem no limit (40/175/350) - 2024/02/28 20:10:41 UTC
Table: 'MYSTERY KO(749532468)#0072' 6-max (real money) Seat #5 is the button
Seat 1: Patte2Lapin. (34892)
Seat 2: KarmaFuck19 (21535)
Seat 3: P1xel7 (17074)
Seat 4: abludo (40355)
Seat 5: Djouze03 (30187)
Seat 6: ypintooo7 (22372)
*** ANTE/BLINDS ***
ypintooo7 posts ante 40
Patte2Lapin. posts ante 40
KarmaFuck19 posts ante 40
P1xel7 posts ante 40
abludo posts ante 40
Djouze03 posts ante 40
ypintooo7 posts small blind 175
Patte2Lapin. posts big blind 350
Dealt to P1xel7 [3h Qs]
*** PRE-FLOP *** 
KarmaFuck19 raises 378 to 728
P1xel7 folds
abludo calls 728
Djouze03 folds
ypintooo7 folds
Patte2Lapin. folds
*** FLOP *** [6h 7d 6d]
KarmaFuck19 bets 1111
abludo calls 1111
*** TURN *** [6h 7d 6d][Th]
KarmaFuck19 bets 3554
abludo folds
KarmaFuck19 collected 7997 from pot
*** SUMMARY ***
Total pot 7997 | No rake
Board: [6h 7d 6d Th]
Seat 2: KarmaFuck19 won 7997


Winamax Poker - Tournament "MYSTERY KO" buyIn: 0.90€ + 0.10€ level: 4 - HandId: #3219217437350166601-32-1709151100 - Holdem no limit (40/175/350) - 2024/02/28 20:11:40 UTC
Table: 'MYSTERY KO(749532468)#0072' 6-max (real money) Seat #6 is the button
Seat 1: Patte2Lapin. (34502)
Seat 2: KarmaFuck19 (24099)
Seat 3: P1xel7 (17034)
Seat 4: abludo (38476)
Seat 5: Djouze03 (30147)
Seat 6: ypintooo7 (22157)
*** ANTE/BLINDS ***
Patte2Lapin. posts ante 40
KarmaFuck19 posts ante 40
P1xel7 posts ante 40
abludo posts ante 40
Djouze03 posts ante 40
ypintooo7 posts ante 40
Patte2Lapin. posts small blind 175
KarmaFuck19 posts big blind 350
Dealt to P1xel7 [Kh 2d]
*** PRE-FLOP *** 
P1xel7 folds
abludo folds
Djouze03 folds
ypintooo7 calls 350
Patte2Lapin. calls 175
KarmaFuck19 checks
*** FLOP *** [9d Tc 4c]
Patte2Lapin. checks
KarmaFuck19 bets 645
ypintooo7 folds
Patte2Lapin. calls 645
*** TURN *** [9d Tc 4c][6c]
Patte2Lapin. checks
KarmaFuck19 bets 1290
Patte2Lapin. folds
KarmaFuck19 collected 3870 from pot
*** SUMMARY ***
Total pot 3870 | No rake
Board: [9d Tc 4c 6c]
Seat 2: KarmaFuck19 (big blind) won 3870


Winamax Poker - Tournament "MYSTERY KO" buyIn: 0.90€ + 0.10€ level: 4 - HandId: #3219217437350166601-33-1709151165 - Holdem no limit (40/175/350) - 2024/02/28 20:12:45 UTC
Table: 'MYSTERY KO(749532468)#0072' 6-max (real money) Seat #1 is the button
Seat 1: Patte2Lapin. (33467)
Seat 2: KarmaFuck19 (25644)
Seat 3: P1xel7 (16994)
Seat 4: abludo (38436)
Seat 5: Djouze03 (30107)
Seat 6: ypintooo7 (21767)
*** ANTE/BLINDS ***
KarmaFuck19 posts ante 40
P1xel7 posts ante 40
Patte2Lapin. posts ante 40
abludo posts ante 40
Djouze03 posts ante 40
ypintooo7 posts ante 40
KarmaFuck19 posts small blind 175
P1xel7 posts big blind 350
Dealt to P1xel7 [Jd 7s]
*** PRE-FLOP *** 
abludo folds
Djouze03 folds
ypintooo7 folds
Patte2Lapin. raises 399 to 749
KarmaFuck19 calls 574
P1xel7 folds
*** FLOP *** [5c 9c Ad]
KarmaFuck19 checks
Patte2Lapin. bets 689
KarmaFuck19 calls 689
*** TURN *** [5c 9c Ad][Qh]
KarmaFuck19 checks
Patte2Lapin. checks
*** RIVER *** [5c 9c Ad Qh][3c]
KarmaFuck19 bets 2600
Patte2Lapin. folds
KarmaFuck19 collected 6066 from pot
*** SUMMARY ***
Total pot 6066 | No rake
Board: [5c 9c Ad Qh 3c]
Seat 2: KarmaFuck19 (small blind) won 6066


Winamax Poker - Tournament "MYSTERY KO" buyIn: 0.90€ + 0.10€ level: 4 - HandId: #3219217437350166601-34-1709151256 - Holdem no limit (40/175/350) - 2024/02/28 20:14:16 UTC
Table: 'MYSTERY KO(749532468)#0072' 6-max (real money) Seat #2 is the button
Seat 1: Patte2Lapin. (31989)
Seat 2: KarmaFuck19 (27632)
Seat 3: P1xel7 (16604)
Seat 4: abludo (38396)
Seat 5: Djouze03 (30067)
Seat 6: ypintooo7 (21727)
*** ANTE/BLINDS ***
P1xel7 posts ante 40
abludo posts ante 40
Patte2Lapin. posts ante 40
KarmaFuck19 posts ante 40
Djouze03 posts ante 40
ypintooo7 posts ante 40
P1xel7 posts small blind 175
abludo posts big blind 350
Dealt to P1xel7 [4d 7s]
*** PRE-FLOP *** 
Djouze03 folds
ypintooo7 calls 350
Patte2Lapin. folds
KarmaFuck19 calls 350
P1xel7 folds
abludo checks
*** FLOP *** [3d 2h Qc]
abludo checks
ypintooo7 checks
KarmaFuck19 checks
*** TURN *** [3d 2h Qc][Td]
abludo checks
ypintooo7 checks
KarmaFuck19 checks
*** RIVER *** [3d 2h Qc Td][9h]
abludo checks
ypintooo7 bets 952
KarmaFuck19 folds
abludo calls 952
*** SHOW DOWN ***
ypintooo7 shows [Ks 9d] (One pair : 9)
abludo shows [Ts Jd] (One pair : Tens)
abludo collected 3369 from pot
*** SUMMARY ***
Total pot 3369 | No rake
Board: [3d 2h Qc Td 9h]
Seat 4: abludo (big blind) showed [Ts Jd] and won 3369 with One pair : Tens
Seat 6: ypintooo7 showed [Ks 9d] and lost with One pair : 9


Winamax Poker - Tournament "MYSTERY KO" buyIn: 0.90€ + 0.10€ level: 4 - HandId: #3219217437350166601-35-1709151338 - Holdem no limit (40/175/350) - 2024/02/28 20:15:38 UTC
Table: 'MYSTERY KO(749532468)#0072' 6-max (real money) Seat #3 is the button
Seat 1: Patte2Lapin. (31949)
Seat 2: KarmaFuck19 (27242)
Seat 3: P1xel7 (16389)
Seat 4: abludo (40423)
Seat 5: Djouze03 (30027)
Seat 6: ypintooo7 (20385)
*** ANTE/BLINDS ***
abludo posts ante 40
Djouze03 posts ante 40
Patte2Lapin. posts ante 40
KarmaFuck19 posts ante 40
P1xel7 posts ante 40
ypintooo7 posts ante 40
abludo posts small blind 175
Djouze03 posts big blind 350
Dealt to P1xel7 [Js Ks]
*** PRE-FLOP *** 
ypintooo7 folds
Patte2Lapin. folds
KarmaFuck19 raises 487 to 837
P1xel7 calls 837
abludo folds
Djouze03 folds
*** FLOP *** [Ac 2h Jc]
KarmaFuck19 bets 1220
P1xel7 calls 1220
*** TURN *** [Ac 2h Jc][Jh]
KarmaFuck19 bets 2440
P1xel7 calls 2440
*** RIVER *** [Ac 2h Jc Jh][3c]
KarmaFuck19 bets 22705 and is all-in
P1xel7 calls 11852 and is all-in
*** SHOW DOWN ***
KarmaFuck19 shows [Ah Kd] (Two pairs : Aces and Jacks)
P1xel7 shows [Js Ks] (Trips of Jacks)
P1xel7 collected 33463 from main pot
KarmaFuck19 collected 10853 from side pot 1
*** SUMMARY ***
Total pot 44316 | No rake
Board: [Ac 2h Jc Jh 3c]
Seat 2: KarmaFuck19 showed [Ah Kd] and won 10853 with Two pairs : Aces and Jacks
Seat 3: P1xel7 (button) showed [Js Ks] and won 33463 with Trips of Jacks


Winamax Poker - Tournament "MYSTERY KO" buyIn: 0.90€ + 0.10€ level: 4 - HandId: #3219217437350166601-36-1709151408 - Holdem no limit (40/175/350) - 2024/02/28 20:16:48 UTC
Table: 'MYSTERY KO(749532468)#0072' 6-max (real money) Seat #4 is the button
Seat 1: Patte2Lapin. (31909)
Seat 2: KarmaFuck19 (10853)
Seat 3: P1xel7 (33463)
Seat 4: abludo (40208)
Seat 5: Djouze03 (29637)
Seat 6: ypintooo7 (20345)
*** ANTE/BLINDS ***
Djouze03 posts ante 40
ypintooo7 posts ante 40
Patte2Lapin. posts ante 40
KarmaFuck19 posts ante 40
P1xel7 posts ante 40
abludo posts ante 40
Djouze03 posts small blind 175
ypintooo7 posts big blind 350
Dealt to P1xel7 [8c Kd]
*** PRE-FLOP *** 
Patte2Lapin. raises 399 to 749
KarmaFuck19 raises 1880 to 2629
P1xel7 folds
abludo folds
Djouze03 folds
ypintooo7 raises 17676 to 20305 and is all-in
Patte2Lapin. raises 11564 to 31869 and is all-in
KarmaFuck19 calls 8184 and is all-in
*** FLOP *** [7s Jc 2h]
*** TURN *** [7s Jc 2h][3h]
*** RIVER *** [7s Jc 2h 3h][4c]
*** SHOW DOWN ***
KarmaFuck19 shows [Qc Ad] (High card : Ace)
ypintooo7 shows [9h 9d] (One pair : 9)
Patte2Lapin. shows [Jd Jh] (Trips of Jacks)
Patte2Lapin. collected 63402 from pot
*** SUMMARY ***
Total pot 63402 | No rake
Board: [7s Jc 2h 3h 4c]
Seat 1: Patte2Lapin. showed [Jd Jh] and won 63402 with Trips of Jacks
Seat 2: KarmaFuck19 showed [Qc Ad] and lost with High card : Ace
Seat 6: ypintooo7 (big blind) showed [9h 9d] and lost with One pair : 9


Winamax Poker - Tournament "MYSTERY KO" buyIn: 0.90€ + 0.10€ level: 5 - HandId: #3219217437350166601-37-1709151438 - Holdem no limit (50/200/400) - 2024/02/28 20:17:18 UTC
Table: 'MYSTERY KO(749532468)#0072' 6-max (real money) Seat #5 is the button
Seat 1: Patte2Lapin. (63402)
Seat 3: P1xel7 (33423)
Seat 4: abludo (40168)
Seat 5: Djouze03 (29422)
*** ANTE/BLINDS ***
Patte2Lapin. posts ante 50
P1xel7 posts ante 50
abludo posts ante 50
Djouze03 posts ante 50
Patte2Lapin. posts big blind 400
Dealt to P1xel7 [4c 5c]
*** PRE-FLOP *** 
P1xel7 folds
abludo folds
Djouze03 folds
Patte2Lapin. collected 600 from pot
*** SUMMARY ***
Total pot 600 | No rake
Seat 1: Patte2Lapin. (big blind) won 600


Winamax Poker - Tournament "MYSTERY KO" buyIn: 0.90€ + 0.10€ level: 5 - HandId: #3219217437350166601-38-1709151456 - Holdem no limit (50/200/400) - 2024/02/28 20:17:36 UTC
Table: 'MYSTERY KO(749532468)#0072' 6-max (real money) Seat #6 is the button
Seat 1: Patte2Lapin. (63552)
Seat 2: V.Vejetinha (16929)
Seat 3: P1xel7 (33373)
Seat 4: abludo (40118)
Seat 5: Djouze03 (29372)
*** ANTE/BLINDS ***
Patte2Lapin. posts ante 50
V.Vejetinha posts ante 50
P1xel7 posts ante 50
abludo posts ante 50
Djouze03 posts ante 50
Patte2Lapin. posts small blind 200
V.Vejetinha posts big blind 400
Dealt to P1xel7 [5s 7c]
*** PRE-FLOP *** 
P1xel7 folds
abludo folds
Djouze03 folds
Patte2Lapin. raises 1000 to 1400
V.Vejetinha calls 1000
*** FLOP *** [8d 3d Jc]
Patte2Lapin. bets 1007
V.Vejetinha calls 1007
*** TURN *** [8d 3d Jc][Jh]
Patte2Lapin. checks
V.Vejetinha bets 2785
Patte2Lapin. calls 2785
*** RIVER *** [8d 3d Jc Jh][Ad]
Patte2Lapin. checks
V.Vejetinha bets 11687 and is all-in
Patte2Lapin. folds
V.Vejetinha collected 22321 from pot
*** SUMMARY ***
Total pot 22321 | No rake
Board: [8d 3d Jc Jh Ad]
Seat 2: V.Vejetinha (big blind) won 22321


Winamax Poker - Tournament "MYSTERY KO" buyIn: 0.90€ + 0.10€ level: 5 - HandId: #3219217437350166601-39-1709151580 - Holdem no limit (50/200/400) - 2024/02/28 20:19:40 UTC
Table: 'MYSTERY KO(749532468)#0072' 6-max (real money) Seat #1 is the button
Seat 1: Patte2Lapin. (58310)
Seat 2: V.Vejetinha (22321)
Seat 3: P1xel7 (33323)
Seat 4: abludo (40068)
Seat 5: Djouze03 (29322)
*** ANTE/BLINDS ***
V.Vejetinha posts ante 50
P1xel7 posts ante 50
Patte2Lapin. posts ante 50
abludo posts ante 50
Djouze03 posts ante 50
V.Vejetinha posts small blind 200
P1xel7 posts big blind 400
Dealt to P1xel7 [6c Qc]
*** PRE-FLOP *** 
abludo folds
Djouze03 raises 400 to 800
Patte2Lapin. folds
V.Vejetinha folds
P1xel7 calls 400
*** FLOP *** [2d 4s 3h]
P1xel7 bets 1000
Djouze03 calls 1000
*** TURN *** [2d 4s 3h][9c]
P1xel7 bets 1400
Djouze03 folds
P1xel7 collected 5450 from pot
*** SUMMARY ***
Total pot 5450 | No rake
Board: [2d 4s 3h 9c]
Seat 3: P1xel7 (big blind) won 5450


Winamax Poker - Tournament "MYSTERY KO" buyIn: 0.90€ + 0.10€ level: 5 - HandId: #3219217437350166601-40-1709151650 - Holdem no limit (50/200/400) - 2024/02/28 20:20:50 UTC
Table: 'MYSTERY KO(749532468)#0072' 6-max (real money) Seat #2 is the button
Seat 1: Patte2Lapin. (58260)
Seat 2: V.Vejetinha (22071)
Seat 3: P1xel7 (35523)
Seat 4: abludo (40018)
Seat 5: Djouze03 (27472)
Seat 6: -Damehuitre- (20000)
*** ANTE/BLINDS ***
P1xel7 posts ante 50
abludo posts ante 50
Patte2Lapin. posts ante 50
V.Vejetinha posts ante 50
Djouze03 posts ante 50
-Damehuitre- posts ante 50
P1xel7 posts small blind 200
abludo posts big blind 400
Dealt to P1xel7 [3d 8c]
*** PRE-FLOP *** 
Djouze03 folds
-Damehuitre- folds
Patte2Lapin. raises 456 to 856
V.Vejetinha raises 1544 to 2400
P1xel7 folds
abludo folds
Patte2Lapin. calls 1544
*** FLOP *** [Kd 9d 3c]
Patte2Lapin. checks
V.Vejetinha bets 1881
Patte2Lapin. calls 1881
*** TURN *** [Kd 9d 3c][7s]
Patte2Lapin. checks
V.Vejetinha bets 6245
Patte2Lapin. calls 6245
*** RIVER *** [Kd 9d 3c 7s][6c]
Patte2Lapin. checks
V.Vejetinha bets 11495 and is all-in
Patte2Lapin. calls 11495
*** SHOW DOWN ***
Patte2Lapin. shows [Jc 9c] (One pair : 9)
V.Vejetinha shows [Ad Ac] (One pair : Aces)
V.Vejetinha collected 44942 from pot
*** SUMMARY ***
Total pot 44942 | No rake
Board: [Kd 9d 3c 7s 6c]
Seat 1: Patte2Lapin. showed [Jc 9c] and lost with One pair : 9
Seat 2: V.Vejetinha (button) showed [Ad Ac] and won 44942 with One pair : Aces


Winamax Poker - Tournament "MYSTERY KO" buyIn: 0.90€ + 0.10€ level: 5 - HandId: #3219217437350166601-41-1709151769 - Holdem no limit (50/200/400) - 2024/02/28 20:22:49 UTC
Table: 'MYSTERY KO(749532468)#0072' 6-max (real money) Seat #3 is the button
Seat 1: Patte2Lapin. (36189)
Seat 2: V.Vejetinha (44942)
Seat 3: P1xel7 (35273)
Seat 4: abludo (39568)
Seat 5: Djouze03 (27422)
Seat 6: -Damehuitre- (19950)
*** ANTE/BLINDS ***
abludo posts ante 50
Djouze03 posts ante 50
Patte2Lapin. posts ante 50
V.Vejetinha posts ante 50
P1xel7 posts ante 50
-Damehuitre- posts ante 50
abludo posts small blind 200
Djouze03 posts big blind 400
Dealt to P1xel7 [Ah 2h]
*** PRE-FLOP *** 
-Damehuitre- raises 400 to 800
Patte2Lapin. folds
V.Vejetinha folds
P1xel7 calls 800
abludo calls 600
Djouze03 folds
*** FLOP *** [Ks 3d 2d]
abludo checks
-Damehuitre- checks
P1xel7 bets 1800
abludo calls 1800
-Damehuitre- folds
*** TURN *** [Ks 3d 2d][9s]
abludo bets 4355
P1xel7 calls 4355
*** RIVER *** [Ks 3d 2d 9s][7c]
abludo checks
P1xel7 bets 7705
abludo calls 7705
*** SHOW DOWN ***
P1xel7 shows [Ah 2h] (One pair : 2)
abludo shows [5d Kd] (One pair : Kings)
abludo collected 30820 from pot
*** SUMMARY ***
Total pot 30820 | No rake
Board: [Ks 3d 2d 9s 7c]
Seat 3: P1xel7 (button) showed [Ah 2h] and lost with One pair : 2
Seat 4: abludo (small blind) showed [5d Kd] and won 30820 with One pair : Kings


Winamax Poker - Tournament "MYSTERY KO" buyIn: 0.90€ + 0.10€ level: 6 - HandId: #3219217437350166601-42-1709151873 - Holdem no limit (60/250/500) - 2024/02/28 20:24:33 UTC
Table: 'MYSTERY KO(749532468)#0072' 6-max (real money) Seat #4 is the button
Seat 1: Patte2Lapin. (36139)
Seat 2: V.Vejetinha (44892)
Seat 3: P1xel7 (20563)
Seat 4: abludo (55678)
Seat 5: Djouze03 (26972)
Seat 6: -Damehuitre- (19100)
*** ANTE/BLINDS ***
Djouze03 posts ante 60
-Damehuitre- posts ante 60
Patte2Lapin. posts ante 60
V.Vejetinha posts ante 60
P1xel7 posts ante 60
abludo posts ante 60
Djouze03 posts small blind 250
-Damehuitre- posts big blind 500
Dealt to P1xel7 [Kd 6c]
*** PRE-FLOP *** 
Patte2Lapin. folds
V.Vejetinha folds
P1xel7 folds
abludo folds
Djouze03 folds
-Damehuitre- collected 1110 from pot
*** SUMMARY ***
Total pot 1110 | No rake
Seat 6: -Damehuitre- (big blind) won 1110


Winamax Poker - Tournament "MYSTERY KO" buyIn: 0.90€ + 0.10€ level: 6 - HandId: #3219217437350166601-43-1709151900 - Holdem no limit (60/250/500) - 2024/02/28 20:25:00 UTC
Table: 'MYSTERY KO(749532468)#0072' 6-max (real money) Seat #5 is the button
Seat 1: Patte2Lapin. (36079)
Seat 2: V.Vejetinha (44832)
Seat 3: P1xel7 (20503)
Seat 4: abludo (55618)
Seat 5: Djouze03 (26662)
Seat 6: -Damehuitre- (19650)
*** ANTE/BLINDS ***
-Damehuitre- posts ante 60
Patte2Lapin. posts ante 60
V.Vejetinha posts ante 60
P1xel7 posts ante 60
abludo posts ante 60
Djouze03 posts ante 60
-Damehuitre- posts small blind 250
Patte2Lapin. posts big blind 500
Dealt to P1xel7 [8c 7d]
*** PRE-FLOP *** 
V.Vejetinha folds
P1xel7 folds
abludo raises 625 to 1125
Djouze03 folds
-Damehuitre- folds
Patte2Lapin. calls 625
*** FLOP *** [As 2d 4d]
Patte2Lapin. checks
abludo bets 715
Patte2Lapin. raises 1285 to 2000
abludo folds
Patte2Lapin. collected 5575 from pot
*** SUMMARY ***
Total pot 5575 | No rake
Board: [As 2d 4d]
Seat 1: Patte2Lapin. (big blind) won 5575


Winamax Poker - Tournament "MYSTERY KO" buyIn: 0.90€ + 0.10€ level: 6 - HandId: #3219217437350166601-44-1709151942 - Holdem no limit (60/250/500) - 2024/02/28 20:25:42 UTC
Table: 'MYSTERY KO(749532468)#0072' 6-max (real money) Seat #6 is the button
Seat 1: Patte2Lapin. (38469)
Seat 2: V.Vejetinha (44772)
Seat 3: P1xel7 (20443)
Seat 4: abludo (53718)
Seat 5: Djouze03 (26602)
Seat 6: -Damehuitre- (19340)
*** ANTE/BLINDS ***
Patte2Lapin. posts ante 60
V.Vejetinha posts ante 60
P1xel7 posts ante 60
abludo posts ante 60
Djouze03 posts ante 60
-Damehuitre- posts ante 60
Patte2Lapin. posts small blind 250
V.Vejetinha posts big blind 500
Dealt to P1xel7 [Ac 7s]
*** PRE-FLOP *** 
P1xel7 folds
abludo folds
Djouze03 folds
-Damehuitre- folds
Patte2Lapin. raises 1250 to 1750
V.Vejetinha calls 1250
*** FLOP *** [5d 9s Ts]
Patte2Lapin. bets 1274
V.Vejetinha calls 1274
*** TURN *** [5d 9s Ts][8d]
Patte2Lapin. bets 9000
V.Vejetinha calls 9000
*** RIVER *** [5d 9s Ts 8d][5h]
Patte2Lapin. bets 26385 and is all-in
V.Vejetinha folds
Patte2Lapin. collected 50793 from pot
*** SUMMARY ***
Total pot 50793 | No rake
Board: [5d 9s Ts 8d 5h]
Seat 1: Patte2Lapin. (small blind) won 50793


Winamax Poker - Tournament "MYSTERY KO" buyIn: 0.90€ + 0.10€ level: 6 - HandId: #3219217437350166601-45-1709152010 - Holdem no limit (60/250/500) - 2024/02/28 20:26:50 UTC
Table: 'MYSTERY KO(749532468)#0072' 6-max (real money) Seat #1 is the button
Seat 1: Patte2Lapin. (50793)
Seat 2: V.Vejetinha (32688)
Seat 3: P1xel7 (20383)
Seat 4: abludo (53658)
Seat 5: Djouze03 (26542)
Seat 6: -Damehuitre- (19280)
*** ANTE/BLINDS ***
V.Vejetinha posts ante 60
P1xel7 posts ante 60
Patte2Lapin. posts ante 60
abludo posts ante 60
Djouze03 posts ante 60
-Damehuitre- posts ante 60
V.Vejetinha posts small blind 250
P1xel7 posts big blind 500
Dealt to P1xel7 [Jh Kc]
*** PRE-FLOP *** 
abludo raises 625 to 1125
Djouze03 calls 1125
-Damehuitre- folds
Patte2Lapin. folds
V.Vejetinha folds
P1xel7 calls 625
*** FLOP *** [6c Qh Jc]
P1xel7 checks
abludo checks
Djouze03 checks
*** TURN *** [6c Qh Jc][7s]
P1xel7 checks
abludo checks
Djouze03 checks
*** RIVER *** [6c Qh Jc 7s][Ks]
P1xel7 bets 1993
abludo folds
Djouze03 folds
P1xel7 collected 5978 from pot
*** SUMMARY ***
Total pot 5978 | No rake
Board: [6c Qh Jc 7s Ks]
Seat 3: P1xel7 (big blind) won 5978


Winamax Poker - Tournament "MYSTERY KO" buyIn: 0.90€ + 0.10€ level: 6 - HandId: #3219217437350166601-46-1709152071 - Holdem no limit (60/250/500) - 2024/02/28 20:27:51 UTC
Table: 'MYSTERY KO(749532468)#0072' 6-max (real money) Seat #2 is the button
Seat 1: Patte2Lapin. (50733)
Seat 2: V.Vejetinha (32378)
Seat 3: P1xel7 (23183)
Seat 4: abludo (52473)
Seat 5: Djouze03 (25357)
Seat 6: -Damehuitre- (19220)
*** ANTE/BLINDS ***
P1xel7 posts ante 60
abludo posts ante 60
Patte2Lapin. posts ante 60
V.Vejetinha posts ante 60
Djouze03 posts ante 60
-Damehuitre- posts ante 60
P1xel7 posts small blind 250
abludo posts big blind 500
Dealt to P1xel7 [8s Th]
*** PRE-FLOP *** 
Djouze03 folds
-Damehuitre- folds
Patte2Lapin. folds
V.Vejetinha folds
P1xel7 raises 1000 to 1500
abludo folds
P1xel7 collected 2360 from pot
*** SUMMARY ***
Total pot 2360 | No rake
Seat 3: P1xel7 (small blind) won 2360


Winamax Poker - Tournament "MYSTERY KO" buyIn: 0.90€ + 0.10€ level: 6 - HandId: #3219217437350166601-47-1709152102 - Holdem no limit (60/250/500) - 2024/02/28 20:28:22 UTC
Table: 'MYSTERY KO(749532468)#0072' 6-max (real money) Seat #3 is the button
Seat 1: Patte2Lapin. (50673)
Seat 2: V.Vejetinha (32318)
Seat 3: P1xel7 (23983)
Seat 4: abludo (51913)
Seat 5: Djouze03 (25297)
Seat 6: -Damehuitre- (19160)
*** ANTE/BLINDS ***
abludo posts ante 60
Djouze03 posts ante 60
Patte2Lapin. posts ante 60
V.Vejetinha posts ante 60
P1xel7 posts ante 60
-Damehuitre- posts ante 60
abludo posts small blind 250
Djouze03 posts big blind 500
Dealt to P1xel7 [2d Th]
*** PRE-FLOP *** 
-Damehuitre- folds
Patte2Lapin. folds
V.Vejetinha raises 615 to 1115
P1xel7 folds
abludo calls 865
Djouze03 calls 615
*** FLOP *** [Jd 7d 9s]
abludo checks
Djouze03 checks
V.Vejetinha checks
*** TURN *** [Jd 7d 9s][4c]
abludo checks
Djouze03 checks
V.Vejetinha bets 2038
abludo folds
Djouze03 folds
V.Vejetinha collected 5743 from pot
*** SUMMARY ***
Total pot 5743 | No rake
Board: [Jd 7d 9s 4c]
Seat 2: V.Vejetinha won 5743


Winamax Poker - Tournament "MYSTERY KO" buyIn: 0.90€ + 0.10€ level: 6 - HandId: #3219217437350166601-48-1709152205 - Holdem no limit (60/250/500) - 2024/02/28 20:30:05 UTC
Table: 'MYSTERY KO(749532468)#0072' 6-max (real money) Seat #4 is the button
Seat 1: Patte2Lapin. (50613)
Seat 2: V.Vejetinha (34848)
Seat 3: P1xel7 (23923)
Seat 4: abludo (50738)
Seat 5: Djouze03 (24122)
Seat 6: -Damehuitre- (19100)
*** ANTE/BLINDS ***
Djouze03 posts ante 60
-Damehuitre- posts ante 60
Patte2Lapin. posts ante 60
V.Vejetinha posts ante 60
P1xel7 posts ante 60
abludo posts ante 60
Djouze03 posts small blind 250
-Damehuitre- posts big blind 500
Dealt to P1xel7 [Jh 3s]
*** PRE-FLOP *** 
Patte2Lapin. folds
V.Vejetinha raises 615 to 1115
P1xel7 folds
abludo calls 1115
Djouze03 calls 865
-Damehuitre- folds
*** FLOP *** [Ah 8c 3h]
Djouze03 checks
V.Vejetinha checks
abludo bets 1051
Djouze03 calls 1051
V.Vejetinha calls 1051
*** TURN *** [Ah 8c 3h][Th]
Djouze03 checks
V.Vejetinha checks
abludo bets 1840
Djouze03 calls 1840
V.Vejetinha calls 1840
*** RIVER *** [Ah 8c 3h Th][9h]
Djouze03 checks
V.Vejetinha checks
abludo checks
*** SHOW DOWN ***
V.Vejetinha shows [6s As] (One pair : Aces)
Djouze03 shows [Ac 2c] (One pair : Aces)
abludo shows [Td Tc] (Trips of Tens)
abludo collected 12878 from pot
*** SUMMARY ***
Total pot 12878 | No rake
Board: [Ah 8c 3h Th 9h]
Seat 2: V.Vejetinha showed [6s As] and lost with One pair : Aces
Seat 4: abludo (button) showed [Td Tc] and won 12878 with Trips of Tens
Seat 5: Djouze03 (small blind) showed [Ac 2c] and lost with One pair : Aces


Winamax Poker - Tournament "MYSTERY KO" buyIn: 0.90€ + 0.10€ level: 7 - HandId: #3219217437350166601-49-1709152319 - Holdem no limit (70/300/600) - 2024/02/28 20:31:59 UTC
Table: 'MYSTERY KO(749532468)#0072' 6-max (real money) Seat #5 is the button
Seat 1: Patte2Lapin. (50553)
Seat 2: V.Vejetinha (30782)
Seat 3: P1xel7 (23863)
Seat 4: abludo (59550)
Seat 5: Djouze03 (20056)
Seat 6: -Damehuitre- (18540)
*** ANTE/BLINDS ***
-Damehuitre- posts ante 70
Patte2Lapin. posts ante 70
V.Vejetinha posts ante 70
P1xel7 posts ante 70
abludo posts ante 70
Djouze03 posts ante 70
-Damehuitre- posts small blind 300
Patte2Lapin. posts big blind 600
Dealt to P1xel7 [2d 6d]
*** PRE-FLOP *** 
V.Vejetinha folds
P1xel7 folds
abludo folds
Djouze03 folds
-Damehuitre- calls 300
Patte2Lapin. raises 684 to 1284
-Damehuitre- calls 684
*** FLOP *** [Td Qd Jc]
-Damehuitre- checks
Patte2Lapin. bets 1886
-Damehuitre- calls 1886
*** TURN *** [Td Qd Jc][9s]
-Damehuitre- checks
Patte2Lapin. checks
*** RIVER *** [Td Qd Jc 9s][4s]
-Damehuitre- bets 4800
Patte2Lapin. raises 42513 to 47313 and is all-in
-Damehuitre- calls 10500 and is all-in
*** SHOW DOWN ***
-Damehuitre- shows [Ks 6c] (Straight King high)
Patte2Lapin. shows [Kh As] (Straight Ace high)
Patte2Lapin. collected 69373 from pot
*** SUMMARY ***
Total pot 69373 | No rake
Board: [Td Qd Jc 9s 4s]
Seat 1: Patte2Lapin. (big blind) showed [Kh As] and won 69373 with Straight Ace high
Seat 6: -Damehuitre- (small blind) showed [Ks 6c] and lost with Straight King high


Winamax Poker - Tournament "MYSTERY KO" buyIn: 0.90€ + 0.10€ level: 7 - HandId: #3219217437350166601-50-1709152394 - Holdem no limit (70/300/600) - 2024/02/28 20:33:14 UTC
Table: 'MYSTERY KO(749532468)#0072' 6-max (real money) Seat #6 is the button
Seat 1: Patte2Lapin. (69373)
Seat 2: V.Vejetinha (30712)
Seat 3: P1xel7 (23793)
Seat 4: abludo (59480)
Seat 5: Djouze03 (19986)
*** ANTE/BLINDS ***
Patte2Lapin. posts ante 70
V.Vejetinha posts ante 70
P1xel7 posts ante 70
abludo posts ante 70
Djouze03 posts ante 70
Patte2Lapin. posts small blind 300
V.Vejetinha posts big blind 600
Dealt to P1xel7 [8h 4h]
*** PRE-FLOP *** 
P1xel7 folds
abludo folds
Djouze03 folds
Patte2Lapin. folds
V.Vejetinha collected 1250 from pot
*** SUMMARY ***
Total pot 1250 | No rake
Seat 2: V.Vejetinha (big blind) won 1250


Winamax Poker - Tournament "MYSTERY KO" buyIn: 0.90€ + 0.10€ level: 7 - HandId: #3219217437350166601-51-1709152431 - Holdem no limit (70/300/600) - 2024/02/28 20:33:51 UTC
Table: 'MYSTERY KO(749532468)#0072' 6-max (real money) Seat #1 is the button
Seat 1: Patte2Lapin. (69003)
Seat 2: V.Vejetinha (31292)
Seat 3: P1xel7 (23723)
Seat 4: abludo (59410)
Seat 5: Djouze03 (19916)
*** ANTE/BLINDS ***
V.Vejetinha posts ante 70
P1xel7 posts ante 70
Patte2Lapin. posts ante 70
abludo posts ante 70
Djouze03 posts ante 70
V.Vejetinha posts small blind 300
P1xel7 posts big blind 600
Dealt to P1xel7 [Qs Qc]
*** PRE-FLOP *** 
abludo folds
Djouze03 folds
Patte2Lapin. folds
V.Vejetinha calls 300
P1xel7 raises 1200 to 1800
V.Vejetinha calls 1200
*** FLOP *** [3c 7h 7s]
V.Vejetinha checks
P1xel7 bets 1975
V.Vejetinha calls 1975
*** TURN *** [3c 7h 7s][Ad]
V.Vejetinha checks
P1xel7 checks
*** RIVER *** [3c 7h 7s Ad][Jc]
V.Vejetinha checks
P1xel7 bets 2765
V.Vejetinha folds
P1xel7 collected 10665 from pot
*** SUMMARY ***
Total pot 10665 | No rake
Board: [3c 7h 7s Ad Jc]
Seat 3: P1xel7 (big blind) won 10665


Winamax Poker - Tournament "MYSTERY KO" buyIn: 0.90€ + 0.10€ level: 7 - HandId: #3219217437350166601-52-1709152497 - Holdem no limit (70/300/600) - 2024/02/28 20:34:57 UTC
Table: 'MYSTERY KO(749532468)#0072' 6-max (real money) Seat #2 is the button
Seat 1: Patte2Lapin. (68933)
Seat 2: V.Vejetinha (27447)
Seat 3: P1xel7 (27778)
Seat 4: abludo (59340)
Seat 5: Djouze03 (19846)
Seat 6: Albanditos (20000)
*** ANTE/BLINDS ***
P1xel7 posts ante 70
abludo posts ante 70
Patte2Lapin. posts ante 70
V.Vejetinha posts ante 70
Djouze03 posts ante 70
Albanditos posts ante 70
P1xel7 posts small blind 300
abludo posts big blind 600
Dealt to P1xel7 [6s 3s]
*** PRE-FLOP *** 
Djouze03 folds
Albanditos folds
Patte2Lapin. folds
V.Vejetinha folds
P1xel7 folds
abludo collected 1320 from pot
*** SUMMARY ***
Total pot 1320 | No rake
Seat 4: abludo (big blind) won 1320


Winamax Poker - Tournament "MYSTERY KO" buyIn: 0.90€ + 0.10€ level: 7 - HandId: #3219217437350166601-53-1709152536 - Holdem no limit (70/300/600) - 2024/02/28 20:35:36 UTC
Table: 'MYSTERY KO(749532468)#0072' 6-max (real money) Seat #3 is the button
Seat 1: Patte2Lapin. (68863)
Seat 2: V.Vejetinha (27377)
Seat 3: P1xel7 (27408)
Seat 4: abludo (59990)
Seat 5: Djouze03 (19776)
Seat 6: Albanditos (19930)
*** ANTE/BLINDS ***
abludo posts ante 70
Djouze03 posts ante 70
Patte2Lapin. posts ante 70
V.Vejetinha posts ante 70
P1xel7 posts ante 70
Albanditos posts ante 70
abludo posts small blind 300
Djouze03 posts big blind 600
Dealt to P1xel7 [Kc 4s]
*** PRE-FLOP *** 
Albanditos folds
Patte2Lapin. folds
V.Vejetinha raises 738 to 1338
P1xel7 folds
abludo folds
Djouze03 folds
V.Vejetinha collected 2658 from pot
*** SUMMARY ***
Total pot 2658 | No rake
Seat 2: V.Vejetinha won 2658


Winamax Poker - Tournament "MYSTERY KO" buyIn: 0.90€ + 0.10€ level: 7 - HandId: #3219217437350166601-54-1709152577 - Holdem no limit (70/300/600) - 2024/02/28 20:36:17 UTC
Table: 'MYSTERY KO(749532468)#0072' 6-max (real money) Seat #4 is the button
Seat 1: Patte2Lapin. (68793)
Seat 2: V.Vejetinha (28627)
Seat 3: P1xel7 (27338)
Seat 4: abludo (59620)
Seat 5: Djouze03 (19106)
Seat 6: Albanditos (19860)
*** ANTE/BLINDS ***
Djouze03 posts ante 70
Albanditos posts ante 70
Patte2Lapin. posts ante 70
V.Vejetinha posts ante 70
P1xel7 posts ante 70
abludo posts ante 70
Djouze03 posts small blind 300
Albanditos posts big blind 600
Dealt to P1xel7 [Qc 7c]
*** PRE-FLOP *** 
Patte2Lapin. folds
V.Vejetinha raises 738 to 1338
P1xel7 folds
abludo calls 1338
Djouze03 folds
Albanditos calls 738
*** FLOP *** [8d 6h Ah]
Albanditos checks
V.Vejetinha checks
abludo bets 1184
Albanditos folds
V.Vejetinha calls 1184
*** TURN *** [8d 6h Ah][Tc]
V.Vejetinha checks
abludo checks
*** RIVER *** [8d 6h Ah Tc][Qh]
V.Vejetinha bets 3906
abludo folds
V.Vejetinha collected 11008 from pot
*** SUMMARY ***
Total pot 11008 | No rake
Board: [8d 6h Ah Tc Qh]
Seat 2: V.Vejetinha won 11008


Winamax Poker - Tournament "MYSTERY KO" buyIn: 0.90€ + 0.10€ level: 7 - HandId: #3219217437350166601-55-1709152665 - Holdem no limit (70/300/600) - 2024/02/28 20:37:45 UTC
Table: 'MYSTERY KO(749532468)#0072' 6-max (real money) Seat #5 is the button
Seat 1: Patte2Lapin. (68723)
Seat 2: V.Vejetinha (33137)
Seat 3: P1xel7 (27268)
Seat 4: abludo (57028)
Seat 5: Djouze03 (18736)
Seat 6: Albanditos (18452)
*** ANTE/BLINDS ***
Albanditos posts ante 70
Patte2Lapin. posts ante 70
V.Vejetinha posts ante 70
P1xel7 posts ante 70
abludo posts ante 70
Djouze03 posts ante 70
Albanditos posts small blind 300
Patte2Lapin. posts big blind 600
Dealt to P1xel7 [9h Ts]
*** PRE-FLOP *** 
V.Vejetinha folds
P1xel7 folds
abludo folds
Djouze03 folds
Albanditos folds
Patte2Lapin. collected 1320 from pot
*** SUMMARY ***
Total pot 1320 | No rake
Seat 1: Patte2Lapin. (big blind) won 1320


Winamax Poker - Tournament "MYSTERY KO" buyIn: 0.90€ + 0.10€ level: 8 - HandId: #3219217437350166601-56-1709152688 - Holdem no limit (80/350/700) - 2024/02/28 20:38:08 UTC
Table: 'MYSTERY KO(749532468)#0072' 6-max (real money) Seat #6 is the button
Seat 1: Patte2Lapin. (69373)
Seat 2: V.Vejetinha (33067)
Seat 3: P1xel7 (27198)
Seat 4: abludo (56958)
Seat 5: Djouze03 (18666)
Seat 6: Albanditos (18082)
*** ANTE/BLINDS ***
Patte2Lapin. posts ante 80
V.Vejetinha posts ante 80
P1xel7 posts ante 80
abludo posts ante 80
Djouze03 posts ante 80
Albanditos posts ante 80
Patte2Lapin. posts small blind 350
V.Vejetinha posts big blind 700
Dealt to P1xel7 [Td Tc]
*** PRE-FLOP *** 
P1xel7 raises 1400 to 2100
abludo folds
Djouze03 folds
Albanditos calls 2100
Patte2Lapin. raises 6300 to 8400
V.Vejetinha folds
P1xel7 raises 18718 to 27118 and is all-in
Albanditos folds
Patte2Lapin. raises 18718 to 45836
*** FLOP *** [Kd 6h 5h]
*** TURN *** [Kd 6h 5h][Ah]
*** RIVER *** [Kd 6h 5h Ah][9h]
*** SHOW DOWN ***
P1xel7 shows [Td Tc] (One pair : Tens)
Patte2Lapin. shows [Qd As] (One pair : Aces)
Patte2Lapin. collected 76234 from pot
*** SUMMARY ***
Total pot 76234 | No rake
Board: [Kd 6h 5h Ah 9h]
Seat 1: Patte2Lapin. (small blind) showed [Qd As] and won 76234 with One pair : Aces
Seat 3: P1xel7 showed [Td Tc] and lost with One pair : Tens


