Winamax Poker - Tournament "POKER SOCIETY FREEROLL" buyIn: 0€ + 0€ level: 3 - HandId: #3220176348928540814-14-1709151100 - Holdem no limit (16/70/140) - 2024/02/28 20:11:40 UTC
Table: 'POKER SOCIETY FREEROLL(749755732)#0141' 6-max (real money) Seat #4 is the button
Seat 1: M.Lefeuvre03 (21653)
Seat 2: Chayanik5900 (19482)
Seat 3: P1xel7 (20000)
Seat 4: Fuki (21647)
Seat 5: ollin14 (19166)
Seat 6: Bellcherry (38052)
*** ANTE/BLINDS ***
ollin14 posts ante 16
Bellcherry posts ante 16
M.Lefeuvre03 posts ante 16
Chayanik5900 posts ante 16
P1xel7 posts ante 16
Fuki posts ante 16
ollin14 posts small blind 70
Bellcherry posts big blind 140
Dealt to P1xel7 [Js 6h]
*** PRE-FLOP *** 
M.Lefeuvre03 calls 140
Chayanik5900 folds
P1xel7 folds
Fuki folds
ollin14 calls 70
Bellcherry checks
*** FLOP *** [Kh Ad Qc]
ollin14 checks
Bellcherry checks
M.Lefeuvre03 bets 335
ollin14 folds
Bellcherry folds
M.Lefeuvre03 collected 851 from pot
*** SUMMARY ***
Total pot 851 | No rake
Board: [Kh Ad Qc]
Seat 1: M.Lefeuvre03 won 851


Winamax Poker - Tournament "POKER SOCIETY FREEROLL" buyIn: 0€ + 0€ level: 4 - HandId: #3220176348928540814-15-1709151149 - Holdem no limit (20/80/160) - 2024/02/28 20:12:29 UTC
Table: 'POKER SOCIETY FREEROLL(749755732)#0141' 6-max (real money) Seat #5 is the button
Seat 1: M.Lefeuvre03 (22013)
Seat 2: Chayanik5900 (19466)
Seat 3: P1xel7 (19984)
Seat 4: Fuki (21631)
Seat 5: ollin14 (19010)
Seat 6: Bellcherry (37896)
*** ANTE/BLINDS ***
Bellcherry posts ante 20
M.Lefeuvre03 posts ante 20
Chayanik5900 posts ante 20
P1xel7 posts ante 20
Fuki posts ante 20
ollin14 posts ante 20
Bellcherry posts small blind 80
M.Lefeuvre03 posts big blind 160
Dealt to P1xel7 [Jc Tc]
*** PRE-FLOP *** 
Chayanik5900 folds
P1xel7 raises 240 to 400
Fuki calls 400
ollin14 calls 400
Bellcherry folds
M.Lefeuvre03 folds
*** FLOP *** [Td 6s 9s]
P1xel7 bets 800
Fuki calls 800
ollin14 calls 800
*** TURN *** [Td 6s 9s][4c]
P1xel7 bets 1980
Fuki calls 1980
ollin14 calls 1980
*** RIVER *** [Td 6s 9s 4c][Kd]
P1xel7 bets 2475
Fuki calls 2475
ollin14 folds
*** SHOW DOWN ***
P1xel7 shows [Jc Tc] (One pair : Tens)
Fuki shows [As Kc] (One pair : Kings)
Fuki collected 14850 from pot
*** SUMMARY ***
Total pot 14850 | No rake
Board: [Td 6s 9s 4c Kd]
Seat 3: P1xel7 showed [Jc Tc] and lost with One pair : Tens
Seat 4: Fuki showed [As Kc] and won 14850 with One pair : Kings


Winamax Poker - Tournament "POKER SOCIETY FREEROLL" buyIn: 0€ + 0€ level: 4 - HandId: #3220176348928540814-16-1709151229 - Holdem no limit (20/80/160) - 2024/02/28 20:13:49 UTC
Table: 'POKER SOCIETY FREEROLL(749755732)#0141' 6-max (real money) Seat #6 is the button
Seat 1: M.Lefeuvre03 (21833)
Seat 2: Chayanik5900 (19446)
Seat 3: P1xel7 (14309)
Seat 4: Fuki (30806)
Seat 5: ollin14 (15810)
Seat 6: Bellcherry (37796)
*** ANTE/BLINDS ***
M.Lefeuvre03 posts ante 20
Chayanik5900 posts ante 20
P1xel7 posts ante 20
Fuki posts ante 20
ollin14 posts ante 20
Bellcherry posts ante 20
M.Lefeuvre03 posts small blind 80
Chayanik5900 posts big blind 160
Dealt to P1xel7 [3c Qh]
*** PRE-FLOP *** 
P1xel7 folds
Fuki calls 160
ollin14 folds
Bellcherry calls 160
M.Lefeuvre03 calls 80
Chayanik5900 folds
*** FLOP *** [Qd 7h 4s]
M.Lefeuvre03 checks
Fuki bets 160
Bellcherry folds
M.Lefeuvre03 calls 160
*** TURN *** [Qd 7h 4s][Ad]
M.Lefeuvre03 checks
Fuki bets 160
M.Lefeuvre03 folds
Fuki collected 1240 from pot
*** SUMMARY ***
Total pot 1240 | No rake
Board: [Qd 7h 4s Ad]
Seat 4: Fuki won 1240


Winamax Poker - Tournament "POKER SOCIETY FREEROLL" buyIn: 0€ + 0€ level: 4 - HandId: #3220176348928540814-17-1709151304 - Holdem no limit (20/80/160) - 2024/02/28 20:15:04 UTC
Table: 'POKER SOCIETY FREEROLL(749755732)#0141' 6-max (real money) Seat #1 is the button
Seat 1: M.Lefeuvre03 (21493)
Seat 2: Chayanik5900 (19266)
Seat 3: P1xel7 (14289)
Seat 4: Fuki (31546)
Seat 5: ollin14 (15790)
Seat 6: Bellcherry (37616)
*** ANTE/BLINDS ***
Chayanik5900 posts ante 20
P1xel7 posts ante 20
M.Lefeuvre03 posts ante 20
Fuki posts ante 20
ollin14 posts ante 20
Bellcherry posts ante 20
Chayanik5900 posts small blind 80
P1xel7 posts big blind 160
Dealt to P1xel7 [2c 4s]
*** PRE-FLOP *** 
Fuki folds
ollin14 folds
Bellcherry folds
M.Lefeuvre03 folds
Chayanik5900 folds
P1xel7 collected 360 from pot
*** SUMMARY ***
Total pot 360 | No rake
Seat 3: P1xel7 (big blind) won 360


Winamax Poker - Tournament "POKER SOCIETY FREEROLL" buyIn: 0€ + 0€ level: 4 - HandId: #3220176348928540814-18-1709151326 - Holdem no limit (20/80/160) - 2024/02/28 20:15:26 UTC
Table: 'POKER SOCIETY FREEROLL(749755732)#0141' 6-max (real money) Seat #2 is the button
Seat 1: M.Lefeuvre03 (21473)
Seat 2: Chayanik5900 (19166)
Seat 3: P1xel7 (14469)
Seat 4: Fuki (31526)
Seat 5: ollin14 (15770)
Seat 6: Bellcherry (37596)
*** ANTE/BLINDS ***
P1xel7 posts ante 20
Fuki posts ante 20
M.Lefeuvre03 posts ante 20
Chayanik5900 posts ante 20
ollin14 posts ante 20
Bellcherry posts ante 20
P1xel7 posts small blind 80
Fuki posts big blind 160
Dealt to P1xel7 [2d Tc]
*** PRE-FLOP *** 
ollin14 folds
Bellcherry folds
M.Lefeuvre03 raises 160 to 320
Chayanik5900 folds
P1xel7 folds
Fuki folds
M.Lefeuvre03 collected 680 from pot
*** SUMMARY ***
Total pot 680 | No rake
Seat 1: M.Lefeuvre03 won 680


Winamax Poker - Tournament "POKER SOCIETY FREEROLL" buyIn: 0€ + 0€ level: 4 - HandId: #3220176348928540814-19-1709151346 - Holdem no limit (20/80/160) - 2024/02/28 20:15:46 UTC
Table: 'POKER SOCIETY FREEROLL(749755732)#0141' 6-max (real money) Seat #3 is the button
Seat 1: M.Lefeuvre03 (21813)
Seat 2: Chayanik5900 (19146)
Seat 3: P1xel7 (14369)
Seat 4: Fuki (31346)
Seat 5: ollin14 (15750)
Seat 6: Bellcherry (37576)
*** ANTE/BLINDS ***
Fuki posts ante 20
ollin14 posts ante 20
M.Lefeuvre03 posts ante 20
Chayanik5900 posts ante 20
P1xel7 posts ante 20
Bellcherry posts ante 20
Fuki posts small blind 80
ollin14 posts big blind 160
Dealt to P1xel7 [8d 4c]
*** PRE-FLOP *** 
Bellcherry folds
M.Lefeuvre03 folds
Chayanik5900 folds
P1xel7 folds
Fuki calls 80
ollin14 checks
*** FLOP *** [6s Ks 6h]
Fuki bets 160
ollin14 calls 160
*** TURN *** [6s Ks 6h][Qh]
Fuki bets 160
ollin14 calls 160
*** RIVER *** [6s Ks 6h Qh][Ts]
Fuki bets 160
ollin14 raises 160 to 320
Fuki raises 394 to 714
ollin14 raises 394 to 1108
Fuki calls 394
*** SHOW DOWN ***
ollin14 shows [8s 4s] (Flush King high)
Fuki shows [Js 9s] (Flush King high)
Fuki collected 3296 from pot
*** SUMMARY ***
Total pot 3296 | No rake
Board: [6s Ks 6h Qh Ts]
Seat 4: Fuki (small blind) showed [Js 9s] and won 3296 with Flush King high
Seat 5: ollin14 (big blind) showed [8s 4s] and lost with Flush King high


Winamax Poker - Tournament "POKER SOCIETY FREEROLL" buyIn: 0€ + 0€ level: 5 - HandId: #3220176348928540814-20-1709151384 - Holdem no limit (25/100/200) - 2024/02/28 20:16:24 UTC
Table: 'POKER SOCIETY FREEROLL(749755732)#0141' 6-max (real money) Seat #4 is the button
Seat 1: M.Lefeuvre03 (21793)
Seat 2: Chayanik5900 (19126)
Seat 3: P1xel7 (14349)
Seat 4: Fuki (33034)
Seat 5: ollin14 (14142)
Seat 6: Bellcherry (37556)
*** ANTE/BLINDS ***
ollin14 posts ante 25
Bellcherry posts ante 25
M.Lefeuvre03 posts ante 25
Chayanik5900 posts ante 25
P1xel7 posts ante 25
Fuki posts ante 25
ollin14 posts small blind 100
Bellcherry posts big blind 200
Dealt to P1xel7 [Qc Kd]
*** PRE-FLOP *** 
M.Lefeuvre03 calls 200
Chayanik5900 folds
P1xel7 raises 600 to 800
Fuki folds
ollin14 calls 700
Bellcherry folds
M.Lefeuvre03 folds
*** FLOP *** [3s As Qh]
ollin14 bets 538
P1xel7 calls 538
*** TURN *** [3s As Qh][4c]
ollin14 bets 807
P1xel7 calls 807
*** RIVER *** [3s As Qh 4c][8s]
ollin14 bets 2420
P1xel7 folds
ollin14 collected 7260 from pot
*** SUMMARY ***
Total pot 7260 | No rake
Board: [3s As Qh 4c 8s]
Seat 5: ollin14 (small blind) won 7260


Winamax Poker - Tournament "POKER SOCIETY FREEROLL" buyIn: 0€ + 0€ level: 5 - HandId: #3220176348928540814-21-1709151463 - Holdem no limit (25/100/200) - 2024/02/28 20:17:43 UTC
Table: 'POKER SOCIETY FREEROLL(749755732)#0141' 6-max (real money) Seat #5 is the button
Seat 1: M.Lefeuvre03 (21568)
Seat 2: Chayanik5900 (19101)
Seat 3: P1xel7 (12179)
Seat 4: Fuki (33009)
Seat 5: ollin14 (16812)
Seat 6: Bellcherry (37331)
*** ANTE/BLINDS ***
Bellcherry posts ante 25
M.Lefeuvre03 posts ante 25
Chayanik5900 posts ante 25
P1xel7 posts ante 25
Fuki posts ante 25
ollin14 posts ante 25
Bellcherry posts small blind 100
M.Lefeuvre03 posts big blind 200
Dealt to P1xel7 [9c 4h]
*** PRE-FLOP *** 
Chayanik5900 folds
P1xel7 folds
Fuki calls 200
ollin14 calls 200
Bellcherry folds
M.Lefeuvre03 checks
*** FLOP *** [5c 4d 7h]
M.Lefeuvre03 checks
Fuki checks
ollin14 checks
*** TURN *** [5c 4d 7h][9h]
M.Lefeuvre03 checks
Fuki checks
ollin14 checks
*** RIVER *** [5c 4d 7h 9h][Th]
M.Lefeuvre03 checks
Fuki checks
ollin14 checks
*** SHOW DOWN ***
M.Lefeuvre03 shows [6h Qd] (High card : Queen)
Fuki shows [2h Ac] (High card : Ace)
ollin14 shows [4c As] (One pair : 4)
ollin14 collected 850 from pot
*** SUMMARY ***
Total pot 850 | No rake
Board: [5c 4d 7h 9h Th]
Seat 1: M.Lefeuvre03 (big blind) showed [6h Qd] and lost with High card : Queen
Seat 4: Fuki showed [2h Ac] and lost with High card : Ace
Seat 5: ollin14 (button) showed [4c As] and won 850 with One pair : 4


Winamax Poker - Tournament "POKER SOCIETY FREEROLL" buyIn: 0€ + 0€ level: 5 - HandId: #3220176348928540814-22-1709151499 - Holdem no limit (25/100/200) - 2024/02/28 20:18:19 UTC
Table: 'POKER SOCIETY FREEROLL(749755732)#0141' 6-max (real money) Seat #6 is the button
Seat 1: M.Lefeuvre03 (21343)
Seat 2: Chayanik5900 (19076)
Seat 3: P1xel7 (12154)
Seat 4: Fuki (32784)
Seat 5: ollin14 (17437)
Seat 6: Bellcherry (37206)
*** ANTE/BLINDS ***
M.Lefeuvre03 posts ante 25
Chayanik5900 posts ante 25
P1xel7 posts ante 25
Fuki posts ante 25
ollin14 posts ante 25
Bellcherry posts ante 25
M.Lefeuvre03 posts small blind 100
Chayanik5900 posts big blind 200
Dealt to P1xel7 [Ad Ts]
*** PRE-FLOP *** 
P1xel7 raises 300 to 500
Fuki folds
ollin14 calls 500
Bellcherry folds
M.Lefeuvre03 folds
Chayanik5900 folds
*** FLOP *** [7c 2d 3d]
P1xel7 bets 600
ollin14 folds
P1xel7 collected 2050 from pot
*** SUMMARY ***
Total pot 2050 | No rake
Board: [7c 2d 3d]
Seat 3: P1xel7 won 2050


Winamax Poker - Tournament "POKER SOCIETY FREEROLL" buyIn: 0€ + 0€ level: 5 - HandId: #3220176348928540814-23-1709151543 - Holdem no limit (25/100/200) - 2024/02/28 20:19:03 UTC
Table: 'POKER SOCIETY FREEROLL(749755732)#0141' 6-max (real money) Seat #1 is the button
Seat 1: M.Lefeuvre03 (21218)
Seat 2: Chayanik5900 (18851)
Seat 3: P1xel7 (13079)
Seat 4: Fuki (32759)
Seat 5: ollin14 (16912)
Seat 6: Bellcherry (37181)
*** ANTE/BLINDS ***
Chayanik5900 posts ante 25
P1xel7 posts ante 25
M.Lefeuvre03 posts ante 25
Fuki posts ante 25
ollin14 posts ante 25
Bellcherry posts ante 25
Chayanik5900 posts small blind 100
P1xel7 posts big blind 200
Dealt to P1xel7 [4c 6c]
*** PRE-FLOP *** 
Fuki folds
ollin14 folds
Bellcherry calls 200
M.Lefeuvre03 calls 200
Chayanik5900 folds
P1xel7 checks
*** FLOP *** [3s 9d Ks]
P1xel7 checks
Bellcherry checks
M.Lefeuvre03 checks
*** TURN *** [3s 9d Ks][Js]
P1xel7 checks
Bellcherry bets 36956 and is all-in
M.Lefeuvre03 folds
P1xel7 folds
Bellcherry collected 37806 from pot
*** SUMMARY ***
Total pot 37806 | No rake
Board: [3s 9d Ks Js]
Seat 6: Bellcherry won 37806


Winamax Poker - Tournament "POKER SOCIETY FREEROLL" buyIn: 0€ + 0€ level: 5 - HandId: #3220176348928540814-24-1709151599 - Holdem no limit (25/100/200) - 2024/02/28 20:19:59 UTC
Table: 'POKER SOCIETY FREEROLL(749755732)#0141' 6-max (real money) Seat #2 is the button
Seat 1: M.Lefeuvre03 (20993)
Seat 2: Chayanik5900 (18726)
Seat 3: P1xel7 (12854)
Seat 4: Fuki (32734)
Seat 5: ollin14 (16887)
Seat 6: Bellcherry (37806)
*** ANTE/BLINDS ***
P1xel7 posts ante 25
Fuki posts ante 25
M.Lefeuvre03 posts ante 25
Chayanik5900 posts ante 25
ollin14 posts ante 25
Bellcherry posts ante 25
P1xel7 posts small blind 100
Fuki posts big blind 200
Dealt to P1xel7 [Ac 2h]
*** PRE-FLOP *** 
ollin14 folds
Bellcherry folds
M.Lefeuvre03 folds
Chayanik5900 folds
P1xel7 raises 400 to 600
Fuki folds
P1xel7 collected 950 from pot
*** SUMMARY ***
Total pot 950 | No rake
Seat 3: P1xel7 (small blind) won 950


Winamax Poker - Tournament "POKER SOCIETY FREEROLL" buyIn: 0€ + 0€ level: 5 - HandId: #3220176348928540814-25-1709151620 - Holdem no limit (25/100/200) - 2024/02/28 20:20:20 UTC
Table: 'POKER SOCIETY FREEROLL(749755732)#0141' 6-max (real money) Seat #3 is the button
Seat 1: M.Lefeuvre03 (20968)
Seat 2: Chayanik5900 (18701)
Seat 3: P1xel7 (13179)
Seat 4: Fuki (32509)
Seat 5: ollin14 (16862)
Seat 6: Bellcherry (37781)
*** ANTE/BLINDS ***
Fuki posts ante 25
ollin14 posts ante 25
M.Lefeuvre03 posts ante 25
Chayanik5900 posts ante 25
P1xel7 posts ante 25
Bellcherry posts ante 25
Fuki posts small blind 100
ollin14 posts big blind 200
Dealt to P1xel7 [3d 5s]
*** PRE-FLOP *** 
Bellcherry folds
M.Lefeuvre03 folds
Chayanik5900 folds
P1xel7 folds
Fuki calls 100
ollin14 checks
*** FLOP *** [Kd 7h 2h]
Fuki bets 200
ollin14 folds
Fuki collected 750 from pot
*** SUMMARY ***
Total pot 750 | No rake
Board: [Kd 7h 2h]
Seat 4: Fuki (small blind) won 750


Winamax Poker - Tournament "POKER SOCIETY FREEROLL" buyIn: 0€ + 0€ level: 6 - HandId: #3220176348928540814-26-1709151642 - Holdem no limit (30/125/250) - 2024/02/28 20:20:42 UTC
Table: 'POKER SOCIETY FREEROLL(749755732)#0141' 6-max (real money) Seat #4 is the button
Seat 1: M.Lefeuvre03 (20943)
Seat 2: Chayanik5900 (18676)
Seat 3: P1xel7 (13154)
Seat 4: Fuki (32834)
Seat 5: ollin14 (16637)
Seat 6: Bellcherry (37756)
*** ANTE/BLINDS ***
ollin14 posts ante 30
Bellcherry posts ante 30
M.Lefeuvre03 posts ante 30
Chayanik5900 posts ante 30
P1xel7 posts ante 30
Fuki posts ante 30
ollin14 posts small blind 125
Bellcherry posts big blind 250
Dealt to P1xel7 [8s Js]
*** PRE-FLOP *** 
M.Lefeuvre03 calls 250
Chayanik5900 folds
P1xel7 raises 625 to 875
Fuki folds
ollin14 folds
Bellcherry folds
M.Lefeuvre03 calls 625
*** FLOP *** [Ad 6h Qd]
M.Lefeuvre03 checks
P1xel7 bets 875
M.Lefeuvre03 calls 875
*** TURN *** [Ad 6h Qd][7d]
M.Lefeuvre03 checks
P1xel7 checks
*** RIVER *** [Ad 6h Qd 7d][As]
M.Lefeuvre03 bets 1419
P1xel7 folds
M.Lefeuvre03 collected 5474 from pot
*** SUMMARY ***
Total pot 5474 | No rake
Board: [Ad 6h Qd 7d As]
Seat 1: M.Lefeuvre03 won 5474


Winamax Poker - Tournament "POKER SOCIETY FREEROLL" buyIn: 0€ + 0€ level: 6 - HandId: #3220176348928540814-27-1709151739 - Holdem no limit (30/125/250) - 2024/02/28 20:22:19 UTC
Table: 'POKER SOCIETY FREEROLL(749755732)#0141' 6-max (real money) Seat #5 is the button
Seat 1: M.Lefeuvre03 (23218)
Seat 2: Chayanik5900 (18646)
Seat 3: P1xel7 (11374)
Seat 4: Fuki (32804)
Seat 5: ollin14 (16482)
Seat 6: Bellcherry (37476)
*** ANTE/BLINDS ***
Bellcherry posts ante 30
M.Lefeuvre03 posts ante 30
Chayanik5900 posts ante 30
P1xel7 posts ante 30
Fuki posts ante 30
ollin14 posts ante 30
Bellcherry posts small blind 125
M.Lefeuvre03 posts big blind 250
Dealt to P1xel7 [2d Qc]
*** PRE-FLOP *** 
Chayanik5900 folds
P1xel7 folds
Fuki raises 250 to 500
ollin14 folds
Bellcherry folds
M.Lefeuvre03 folds
Fuki collected 1055 from pot
*** SUMMARY ***
Total pot 1055 | No rake
Seat 4: Fuki won 1055


Winamax Poker - Tournament "POKER SOCIETY FREEROLL" buyIn: 0€ + 0€ level: 6 - HandId: #3220176348928540814-28-1709151755 - Holdem no limit (30/125/250) - 2024/02/28 20:22:35 UTC
Table: 'POKER SOCIETY FREEROLL(749755732)#0141' 6-max (real money) Seat #6 is the button
Seat 1: M.Lefeuvre03 (22938)
Seat 2: Chayanik5900 (18616)
Seat 3: P1xel7 (11344)
Seat 4: Fuki (33329)
Seat 5: ollin14 (16452)
Seat 6: Bellcherry (37321)
*** ANTE/BLINDS ***
M.Lefeuvre03 posts ante 30
Chayanik5900 posts ante 30
P1xel7 posts ante 30
Fuki posts ante 30
ollin14 posts ante 30
Bellcherry posts ante 30
M.Lefeuvre03 posts small blind 125
Chayanik5900 posts big blind 250
Dealt to P1xel7 [4s Jd]
*** PRE-FLOP *** 
P1xel7 folds
Fuki folds
ollin14 calls 250
Bellcherry calls 250
M.Lefeuvre03 raises 500 to 750
Chayanik5900 folds
ollin14 calls 500
Bellcherry folds
*** FLOP *** [2d Qh 3d]
M.Lefeuvre03 checks
ollin14 checks
*** TURN *** [2d Qh 3d][5c]
M.Lefeuvre03 checks
ollin14 checks
*** RIVER *** [2d Qh 3d 5c][Td]
M.Lefeuvre03 checks
ollin14 checks
*** SHOW DOWN ***
M.Lefeuvre03 shows [Ad Kh] (High card : Ace)
ollin14 shows [Ts 8s] (One pair : Tens)
ollin14 collected 2180 from pot
*** SUMMARY ***
Total pot 2180 | No rake
Board: [2d Qh 3d 5c Td]
Seat 1: M.Lefeuvre03 (small blind) showed [Ad Kh] and lost with High card : Ace
Seat 5: ollin14 showed [Ts 8s] and won 2180 with One pair : Tens


Winamax Poker - Tournament "POKER SOCIETY FREEROLL" buyIn: 0€ + 0€ level: 6 - HandId: #3220176348928540814-29-1709151808 - Holdem no limit (30/125/250) - 2024/02/28 20:23:28 UTC
Table: 'POKER SOCIETY FREEROLL(749755732)#0141' 6-max (real money) Seat #1 is the button
Seat 1: M.Lefeuvre03 (22158)
Seat 2: Chayanik5900 (18336)
Seat 3: P1xel7 (11314)
Seat 4: Fuki (33299)
Seat 5: ollin14 (17852)
Seat 6: Bellcherry (37041)
*** ANTE/BLINDS ***
Chayanik5900 posts ante 30
P1xel7 posts ante 30
M.Lefeuvre03 posts ante 30
Fuki posts ante 30
ollin14 posts ante 30
Bellcherry posts ante 30
Chayanik5900 posts small blind 125
P1xel7 posts big blind 250
Dealt to P1xel7 [7c Jc]
*** PRE-FLOP *** 
Fuki calls 250
ollin14 calls 250
Bellcherry folds
M.Lefeuvre03 calls 250
Chayanik5900 folds
P1xel7 checks
*** FLOP *** [7h Tc 5d]
P1xel7 checks
Fuki checks
ollin14 checks
M.Lefeuvre03 bets 457
P1xel7 calls 457
Fuki calls 457
ollin14 folds
*** TURN *** [7h Tc 5d][5s]
P1xel7 checks
Fuki checks
M.Lefeuvre03 checks
*** RIVER *** [7h Tc 5d 5s][Ah]
P1xel7 checks
Fuki checks
M.Lefeuvre03 checks
*** SHOW DOWN ***
P1xel7 shows [7c Jc] (Two pairs : 7 and 5)
Fuki shows [8h 9c] (One pair : 5)
M.Lefeuvre03 shows [Qd Ts] (Two pairs : Tens and 5)
M.Lefeuvre03 collected 2676 from pot
*** SUMMARY ***
Total pot 2676 | No rake
Board: [7h Tc 5d 5s Ah]
Seat 1: M.Lefeuvre03 (button) showed [Qd Ts] and won 2676 with Two pairs : Tens and 5
Seat 3: P1xel7 (big blind) showed [7c Jc] and lost with Two pairs : 7 and 5
Seat 4: Fuki showed [8h 9c] and lost with One pair : 5


Winamax Poker - Tournament "POKER SOCIETY FREEROLL" buyIn: 0€ + 0€ level: 7 - HandId: #3220176348928540814-30-1709151886 - Holdem no limit (35/150/300) - 2024/02/28 20:24:46 UTC
Table: 'POKER SOCIETY FREEROLL(749755732)#0141' 6-max (real money) Seat #2 is the button
Seat 1: M.Lefeuvre03 (24097)
Seat 2: Chayanik5900 (18181)
Seat 3: P1xel7 (10577)
Seat 4: Fuki (32562)
Seat 5: ollin14 (17572)
Seat 6: Bellcherry (37011)
*** ANTE/BLINDS ***
P1xel7 posts ante 35
Fuki posts ante 35
M.Lefeuvre03 posts ante 35
Chayanik5900 posts ante 35
ollin14 posts ante 35
Bellcherry posts ante 35
P1xel7 posts small blind 150
Fuki posts big blind 300
Dealt to P1xel7 [9d 8c]
*** PRE-FLOP *** 
ollin14 raises 300 to 600
Bellcherry calls 600
M.Lefeuvre03 folds
Chayanik5900 folds
P1xel7 folds
Fuki calls 300
*** FLOP *** [8d 7c 5c]
Fuki checks
ollin14 checks
Bellcherry bets 2160
Fuki folds
ollin14 folds
Bellcherry collected 4320 from pot
*** SUMMARY ***
Total pot 4320 | No rake
Board: [8d 7c 5c]
Seat 6: Bellcherry won 4320


Winamax Poker - Tournament "POKER SOCIETY FREEROLL" buyIn: 0€ + 0€ level: 7 - HandId: #3220176348928540814-31-1709151941 - Holdem no limit (35/150/300) - 2024/02/28 20:25:41 UTC
Table: 'POKER SOCIETY FREEROLL(749755732)#0141' 6-max (real money) Seat #3 is the button
Seat 1: M.Lefeuvre03 (24062)
Seat 2: Chayanik5900 (18146)
Seat 3: P1xel7 (10392)
Seat 4: Fuki (31927)
Seat 5: ollin14 (16937)
Seat 6: Bellcherry (38536)
*** ANTE/BLINDS ***
Fuki posts ante 35
ollin14 posts ante 35
M.Lefeuvre03 posts ante 35
Chayanik5900 posts ante 35
P1xel7 posts ante 35
Bellcherry posts ante 35
Fuki posts small blind 150
ollin14 posts big blind 300
Dealt to P1xel7 [Ks 3h]
*** PRE-FLOP *** 
Bellcherry folds
M.Lefeuvre03 calls 300
Chayanik5900 folds
P1xel7 folds
Fuki raises 450 to 750
ollin14 calls 450
M.Lefeuvre03 calls 450
*** FLOP *** [8s Td 7d]
Fuki bets 861
ollin14 folds
M.Lefeuvre03 folds
Fuki collected 3321 from pot
*** SUMMARY ***
Total pot 3321 | No rake
Board: [8s Td 7d]
Seat 4: Fuki (small blind) won 3321


Winamax Poker - Tournament "POKER SOCIETY FREEROLL" buyIn: 0€ + 0€ level: 7 - HandId: #3220176348928540814-32-1709151969 - Holdem no limit (35/150/300) - 2024/02/28 20:26:09 UTC
Table: 'POKER SOCIETY FREEROLL(749755732)#0141' 6-max (real money) Seat #4 is the button
Seat 1: M.Lefeuvre03 (23277)
Seat 2: Chayanik5900 (18111)
Seat 3: P1xel7 (10357)
Seat 4: Fuki (33602)
Seat 5: ollin14 (16152)
Seat 6: Bellcherry (38501)
*** ANTE/BLINDS ***
ollin14 posts ante 35
Bellcherry posts ante 35
M.Lefeuvre03 posts ante 35
Chayanik5900 posts ante 35
P1xel7 posts ante 35
Fuki posts ante 35
ollin14 posts small blind 150
Bellcherry posts big blind 300
Dealt to P1xel7 [5h Kc]
*** PRE-FLOP *** 
M.Lefeuvre03 raises 450 to 750
Chayanik5900 folds
P1xel7 folds
Fuki folds
ollin14 raises 450 to 1200
Bellcherry folds
M.Lefeuvre03 raises 2910 to 4110
ollin14 calls 2910
*** FLOP *** [Kh 9s Tc]
ollin14 checks
M.Lefeuvre03 bets 8730
ollin14 raises 3277 to 12007 and is all-in
M.Lefeuvre03 calls 3277
*** TURN *** [Kh 9s Tc][7h]
*** RIVER *** [Kh 9s Tc 7h][5c]
*** SHOW DOWN ***
M.Lefeuvre03 shows [Ad Ah] (One pair : Aces)
ollin14 shows [Jc Qs] (Straight King high)
ollin14 collected 32744 from pot
*** SUMMARY ***
Total pot 32744 | No rake
Board: [Kh 9s Tc 7h 5c]
Seat 1: M.Lefeuvre03 showed [Ad Ah] and lost with One pair : Aces
Seat 5: ollin14 (small blind) showed [Jc Qs] and won 32744 with Straight King high


Winamax Poker - Tournament "POKER SOCIETY FREEROLL" buyIn: 0€ + 0€ level: 7 - HandId: #3220176348928540814-33-1709152009 - Holdem no limit (35/150/300) - 2024/02/28 20:26:49 UTC
Table: 'POKER SOCIETY FREEROLL(749755732)#0141' 6-max (real money) Seat #5 is the button
Seat 1: M.Lefeuvre03 (7125)
Seat 2: Chayanik5900 (18076)
Seat 3: P1xel7 (10322)
Seat 4: Fuki (33567)
Seat 5: ollin14 (32744)
Seat 6: Bellcherry (38166)
*** ANTE/BLINDS ***
Bellcherry posts ante 35
M.Lefeuvre03 posts ante 35
Chayanik5900 posts ante 35
P1xel7 posts ante 35
Fuki posts ante 35
ollin14 posts ante 35
Bellcherry posts small blind 150
M.Lefeuvre03 posts big blind 300
Dealt to P1xel7 [3h Kc]
*** PRE-FLOP *** 
Chayanik5900 folds
P1xel7 folds
Fuki folds
ollin14 calls 300
Bellcherry folds
M.Lefeuvre03 raises 6790 to 7090 and is all-in
ollin14 calls 6790
*** FLOP *** [4h Jh 2s]
*** TURN *** [4h Jh 2s][Kd]
*** RIVER *** [4h Jh 2s Kd][As]
*** SHOW DOWN ***
M.Lefeuvre03 shows [Th 3s] (High card : Ace)
ollin14 shows [Ts Kh] (One pair : Kings)
ollin14 collected 14540 from pot
*** SUMMARY ***
Total pot 14540 | No rake
Board: [4h Jh 2s Kd As]
Seat 1: M.Lefeuvre03 (big blind) showed [Th 3s] and lost with High card : Ace
Seat 5: ollin14 (button) showed [Ts Kh] and won 14540 with One pair : Kings


Winamax Poker - Tournament "POKER SOCIETY FREEROLL" buyIn: 0€ + 0€ level: 7 - HandId: #3220176348928540814-34-1709152052 - Holdem no limit (35/150/300) - 2024/02/28 20:27:32 UTC
Table: 'POKER SOCIETY FREEROLL(749755732)#0141' 6-max (real money) Seat #6 is the button
Seat 2: Chayanik5900 (18041)
Seat 3: P1xel7 (10287)
Seat 4: Fuki (33532)
Seat 5: ollin14 (40159)
Seat 6: Bellcherry (37981)
*** ANTE/BLINDS ***
Chayanik5900 posts ante 35
P1xel7 posts ante 35
Fuki posts ante 35
ollin14 posts ante 35
Bellcherry posts ante 35
Chayanik5900 posts big blind 300
Dealt to P1xel7 [Tc Qc]
*** PRE-FLOP *** 
P1xel7 folds
Fuki calls 300
ollin14 raises 600 to 900
Bellcherry folds
Chayanik5900 folds
Fuki calls 600
*** FLOP *** [7d As 5d]
Fuki checks
ollin14 bets 1820
Fuki folds
ollin14 collected 4095 from pot
*** SUMMARY ***
Total pot 4095 | No rake
Board: [7d As 5d]
Seat 5: ollin14 won 4095


Winamax Poker - Tournament "POKER SOCIETY FREEROLL" buyIn: 0€ + 0€ level: 7 - HandId: #3220176348928540814-35-1709152087 - Holdem no limit (35/150/300) - 2024/02/28 20:28:07 UTC
Table: 'POKER SOCIETY FREEROLL(749755732)#0141' 6-max (real money) Seat #1 is the button
Seat 2: Chayanik5900 (17706)
Seat 3: P1xel7 (10252)
Seat 4: Fuki (32597)
Seat 5: ollin14 (41499)
Seat 6: Bellcherry (37946)
*** ANTE/BLINDS ***
Chayanik5900 posts ante 35
P1xel7 posts ante 35
Fuki posts ante 35
ollin14 posts ante 35
Bellcherry posts ante 35
Chayanik5900 posts small blind 150
P1xel7 posts big blind 300
Dealt to P1xel7 [Tc 2s]
*** PRE-FLOP *** 
Fuki folds
ollin14 raises 450 to 750
Bellcherry folds
Chayanik5900 folds
P1xel7 folds
ollin14 collected 1375 from pot
*** SUMMARY ***
Total pot 1375 | No rake
Seat 5: ollin14 won 1375


Winamax Poker - Tournament "POKER SOCIETY FREEROLL" buyIn: 0€ + 0€ level: 8 - HandId: #3220176348928540814-36-1709152109 - Holdem no limit (40/175/350) - 2024/02/28 20:28:29 UTC
Table: 'POKER SOCIETY FREEROLL(749755732)#0141' 6-max (real money) Seat #2 is the button
Seat 2: Chayanik5900 (17521)
Seat 3: P1xel7 (9917)
Seat 4: Fuki (32562)
Seat 5: ollin14 (42089)
Seat 6: Bellcherry (37911)
*** ANTE/BLINDS ***
P1xel7 posts ante 40
Fuki posts ante 40
Chayanik5900 posts ante 40
ollin14 posts ante 40
Bellcherry posts ante 40
P1xel7 posts small blind 175
Fuki posts big blind 350
Dealt to P1xel7 [Td Kh]
*** PRE-FLOP *** 
ollin14 folds
Bellcherry folds
Chayanik5900 folds
P1xel7 raises 700 to 1050
Fuki calls 700
*** FLOP *** [6h 3d 5s]
P1xel7 bets 805
Fuki calls 805
*** TURN *** [6h 3d 5s][Qs]
P1xel7 checks
Fuki checks
*** RIVER *** [6h 3d 5s Qs][8h]
P1xel7 checks
Fuki bets 3910
P1xel7 calls 3910
*** SHOW DOWN ***
P1xel7 shows [Td Kh] (High card : King)
Fuki shows [7d 9d] (Straight 9 high)
Fuki collected 11730 from pot
*** SUMMARY ***
Total pot 11730 | No rake
Board: [6h 3d 5s Qs 8h]
Seat 3: P1xel7 (small blind) showed [Td Kh] and lost with High card : King
Seat 4: Fuki (big blind) showed [7d 9d] and won 11730 with Straight 9 high


Winamax Poker - Tournament "POKER SOCIETY FREEROLL" buyIn: 0€ + 0€ level: 8 - HandId: #3220176348928540814-37-1709152164 - Holdem no limit (40/175/350) - 2024/02/28 20:29:24 UTC
Table: 'POKER SOCIETY FREEROLL(749755732)#0141' 6-max (real money) Seat #3 is the button
Seat 2: Chayanik5900 (17481)
Seat 3: P1xel7 (4112)
Seat 4: Fuki (38487)
Seat 5: ollin14 (42049)
Seat 6: Bellcherry (37871)
*** ANTE/BLINDS ***
Fuki posts ante 40
ollin14 posts ante 40
Chayanik5900 posts ante 40
P1xel7 posts ante 40
Bellcherry posts ante 40
Fuki posts small blind 175
ollin14 posts big blind 350
Dealt to P1xel7 [5d 8h]
*** PRE-FLOP *** 
Bellcherry folds
Chayanik5900 folds
P1xel7 folds
Fuki calls 175
ollin14 checks
*** FLOP *** [As Ac 5s]
Fuki checks
ollin14 checks
*** TURN *** [As Ac 5s][9d]
Fuki checks
ollin14 checks
*** RIVER *** [As Ac 5s 9d][Th]
Fuki checks
ollin14 checks
*** SHOW DOWN ***
ollin14 shows [8c 6d] (One pair : Aces)
Fuki shows [4h Qc] (One pair : Aces)
Fuki collected 900 from pot
*** SUMMARY ***
Total pot 900 | No rake
Board: [As Ac 5s 9d Th]
Seat 4: Fuki (small blind) showed [4h Qc] and won 900 with One pair : Aces
Seat 5: ollin14 (big blind) showed [8c 6d] and lost with One pair : Aces


Winamax Poker - Tournament "POKER SOCIETY FREEROLL" buyIn: 0€ + 0€ level: 8 - HandId: #3220176348928540814-38-1709152212 - Holdem no limit (40/175/350) - 2024/02/28 20:30:12 UTC
Table: 'POKER SOCIETY FREEROLL(749755732)#0141' 6-max (real money) Seat #4 is the button
Seat 2: Chayanik5900 (17441)
Seat 3: P1xel7 (4072)
Seat 4: Fuki (38997)
Seat 5: ollin14 (41659)
Seat 6: Bellcherry (37831)
*** ANTE/BLINDS ***
ollin14 posts ante 40
Bellcherry posts ante 40
Chayanik5900 posts ante 40
P1xel7 posts ante 40
Fuki posts ante 40
ollin14 posts small blind 175
Bellcherry posts big blind 350
Dealt to P1xel7 [9s 3d]
*** PRE-FLOP *** 
Chayanik5900 folds
P1xel7 folds
Fuki calls 350
ollin14 calls 175
Bellcherry checks
*** FLOP *** [8s 6c 2s]
ollin14 checks
Bellcherry checks
Fuki checks
*** TURN *** [8s 6c 2s][Kc]
ollin14 checks
Bellcherry checks
Fuki bets 350
ollin14 folds
Bellcherry calls 350
*** RIVER *** [8s 6c 2s Kc][5s]
Bellcherry checks
Fuki checks
*** SHOW DOWN ***
Fuki shows [Qc 3c] (High card : King)
Bellcherry shows [6d Ah] (One pair : 6)
Bellcherry collected 1950 from pot
*** SUMMARY ***
Total pot 1950 | No rake
Board: [8s 6c 2s Kc 5s]
Seat 4: Fuki (button) showed [Qc 3c] and lost with High card : King
Seat 6: Bellcherry (big blind) showed [6d Ah] and won 1950 with One pair : 6


Winamax Poker - Tournament "POKER SOCIETY FREEROLL" buyIn: 0€ + 0€ level: 8 - HandId: #3220176348928540814-39-1709152290 - Holdem no limit (40/175/350) - 2024/02/28 20:31:30 UTC
Table: 'POKER SOCIETY FREEROLL(749755732)#0141' 6-max (real money) Seat #5 is the button
Seat 1: spin-dryer (17829)
Seat 2: Chayanik5900 (17401)
Seat 3: P1xel7 (4032)
Seat 4: Fuki (38257)
Seat 5: ollin14 (41269)
Seat 6: Bellcherry (39041)
*** ANTE/BLINDS ***
Bellcherry posts ante 40
spin-dryer posts ante 40
Chayanik5900 posts ante 40
P1xel7 posts ante 40
Fuki posts ante 40
ollin14 posts ante 40
Bellcherry posts small blind 175
spin-dryer posts big blind 350
Dealt to P1xel7 [8s 9h]
*** PRE-FLOP *** 
Chayanik5900 folds
P1xel7 folds
Fuki calls 350
ollin14 folds
Bellcherry calls 175
spin-dryer checks
*** FLOP *** [Ac 5d 9c]
Bellcherry checks
spin-dryer checks
Fuki bets 350
Bellcherry calls 350
spin-dryer folds
*** TURN *** [Ac 5d 9c][4c]
Bellcherry checks
Fuki bets 350
Bellcherry calls 350
*** RIVER *** [Ac 5d 9c 4c][Kc]
Bellcherry bets 350
Fuki folds
Bellcherry collected 3040 from pot
*** SUMMARY ***
Total pot 3040 | No rake
Board: [Ac 5d 9c 4c Kc]
Seat 6: Bellcherry (small blind) won 3040


Winamax Poker - Tournament "POKER SOCIETY FREEROLL" buyIn: 0€ + 0€ level: 8 - HandId: #3220176348928540814-40-1709152341 - Holdem no limit (40/175/350) - 2024/02/28 20:32:21 UTC
Table: 'POKER SOCIETY FREEROLL(749755732)#0141' 6-max (real money) Seat #6 is the button
Seat 1: spin-dryer (17439)
Seat 2: Chayanik5900 (17361)
Seat 3: P1xel7 (3992)
Seat 4: Fuki (37167)
Seat 5: ollin14 (41229)
Seat 6: Bellcherry (40641)
*** ANTE/BLINDS ***
spin-dryer posts ante 40
Chayanik5900 posts ante 40
P1xel7 posts ante 40
Fuki posts ante 40
ollin14 posts ante 40
Bellcherry posts ante 40
spin-dryer posts small blind 175
Chayanik5900 posts big blind 350
Dealt to P1xel7 [4d Jd]
*** PRE-FLOP *** 
P1xel7 folds
Fuki calls 350
ollin14 folds
Bellcherry calls 350
spin-dryer calls 175
Chayanik5900 folds
*** FLOP *** [Jh Ah 9s]
spin-dryer checks
Fuki bets 1066
Bellcherry folds
spin-dryer folds
Fuki collected 2706 from pot
*** SUMMARY ***
Total pot 2706 | No rake
Board: [Jh Ah 9s]
Seat 4: Fuki won 2706


Winamax Poker - Tournament "POKER SOCIETY FREEROLL" buyIn: 0€ + 0€ level: 9 - HandId: #3220176348928540814-41-1709152394 - Holdem no limit (50/200/400) - 2024/02/28 20:33:14 UTC
Table: 'POKER SOCIETY FREEROLL(749755732)#0141' 6-max (real money) Seat #1 is the button
Seat 1: spin-dryer (17049)
Seat 2: Chayanik5900 (16971)
Seat 3: P1xel7 (3952)
Seat 4: Fuki (38417)
Seat 5: ollin14 (41189)
Seat 6: Bellcherry (40251)
*** ANTE/BLINDS ***
Chayanik5900 posts ante 50
P1xel7 posts ante 50
spin-dryer posts ante 50
Fuki posts ante 50
ollin14 posts ante 50
Bellcherry posts ante 50
Chayanik5900 posts small blind 200
P1xel7 posts big blind 400
Dealt to P1xel7 [Js 4c]
*** PRE-FLOP *** 
Fuki folds
ollin14 folds
Bellcherry folds
spin-dryer raises 16599 to 16999 and is all-in
Chayanik5900 folds
P1xel7 folds
spin-dryer collected 17899 from pot
*** SUMMARY ***
Total pot 17899 | No rake
Seat 1: spin-dryer (button) won 17899


Winamax Poker - Tournament "POKER SOCIETY FREEROLL" buyIn: 0€ + 0€ level: 9 - HandId: #3220176348928540814-42-1709152420 - Holdem no limit (50/200/400) - 2024/02/28 20:33:40 UTC
Table: 'POKER SOCIETY FREEROLL(749755732)#0141' 6-max (real money) Seat #2 is the button
Seat 1: spin-dryer (17899)
Seat 2: Chayanik5900 (16721)
Seat 3: P1xel7 (3502)
Seat 4: Fuki (38367)
Seat 5: ollin14 (41139)
Seat 6: Bellcherry (40201)
*** ANTE/BLINDS ***
P1xel7 posts ante 50
Fuki posts ante 50
spin-dryer posts ante 50
Chayanik5900 posts ante 50
ollin14 posts ante 50
Bellcherry posts ante 50
P1xel7 posts small blind 200
Fuki posts big blind 400
Dealt to P1xel7 [4d Tc]
*** PRE-FLOP *** 
ollin14 folds
Bellcherry folds
spin-dryer folds
Chayanik5900 folds
P1xel7 folds
Fuki collected 900 from pot
*** SUMMARY ***
Total pot 900 | No rake
Seat 4: Fuki (big blind) won 900


Winamax Poker - Tournament "POKER SOCIETY FREEROLL" buyIn: 0€ + 0€ level: 9 - HandId: #3220176348928540814-43-1709152451 - Holdem no limit (50/200/400) - 2024/02/28 20:34:11 UTC
Table: 'POKER SOCIETY FREEROLL(749755732)#0141' 6-max (real money) Seat #3 is the button
Seat 1: spin-dryer (17849)
Seat 2: Chayanik5900 (16671)
Seat 3: P1xel7 (3252)
Seat 4: Fuki (38817)
Seat 5: ollin14 (41089)
Seat 6: Bellcherry (40151)
*** ANTE/BLINDS ***
Fuki posts ante 50
ollin14 posts ante 50
spin-dryer posts ante 50
Chayanik5900 posts ante 50
P1xel7 posts ante 50
Bellcherry posts ante 50
Fuki posts small blind 200
ollin14 posts big blind 400
Dealt to P1xel7 [4s 4c]
*** PRE-FLOP *** 
Bellcherry folds
spin-dryer raises 600 to 1000
Chayanik5900 folds
P1xel7 raises 2202 to 3202 and is all-in
Fuki folds
ollin14 folds
spin-dryer calls 2202
*** FLOP *** [3d Ks 2h]
*** TURN *** [3d Ks 2h][6d]
*** RIVER *** [3d Ks 2h 6d][8c]
*** SHOW DOWN ***
P1xel7 shows [4s 4c] (One pair : 4)
spin-dryer shows [Js Jd] (One pair : Jacks)
spin-dryer collected 7304 from pot
*** SUMMARY ***
Total pot 7304 | No rake
Board: [3d Ks 2h 6d 8c]
Seat 1: spin-dryer showed [Js Jd] and won 7304 with One pair : Jacks
Seat 3: P1xel7 (button) showed [4s 4c] and lost with One pair : 4


