Winamax Poker - Tournament "Starting Block WiPT - Déglingos" buyIn: 0€ + 0€ level: 1 - HandId: #3253000322955608065-1-1708283023 - Holdem no limit (10/20) - 2024/02/18 19:03:43 UTC
Table: 'Starting Block WiPT - Déglingos(757398159)#0' 6-max (real money) Seat #6 is the button
Seat 1: AvaRiance (500)
Seat 2: P1xel7 (500)
Seat 3: Yaumgui16440 (500)
Seat 4: --Maverick-- (500)
Seat 5: Le_Joker_ (500)
Seat 6: anacondaxxl (500)
*** ANTE/BLINDS ***
AvaRiance posts small blind 10
P1xel7 posts big blind 20
Dealt to P1xel7 [7d Jd]
*** PRE-FLOP *** 
Yaumgui16440 folds
--Maverick-- folds
Le_Joker_ raises 480 to 500 and is all-in
anacondaxxl folds
AvaRiance folds
P1xel7 folds
Le_Joker_ collected 530 from pot
*** SUMMARY ***
Total pot 530 | No rake
Seat 5: Le_Joker_ won 530


Winamax Poker - Tournament "Starting Block WiPT - Déglingos" buyIn: 0€ + 0€ level: 1 - HandId: #3253000322955608065-2-1708283058 - Holdem no limit (10/20) - 2024/02/18 19:04:18 UTC
Table: 'Starting Block WiPT - Déglingos(757398159)#0' 6-max (real money) Seat #1 is the button
Seat 1: AvaRiance (490)
Seat 2: P1xel7 (480)
Seat 3: Yaumgui16440 (500)
Seat 4: --Maverick-- (500)
Seat 5: Le_Joker_ (530)
Seat 6: anacondaxxl (500)
*** ANTE/BLINDS ***
P1xel7 posts small blind 10
Yaumgui16440 posts big blind 20
Dealt to P1xel7 [4d Jh]
*** PRE-FLOP *** 
--Maverick-- calls 20
Le_Joker_ raises 510 to 530 and is all-in
anacondaxxl calls 500 and is all-in
AvaRiance folds
P1xel7 folds
Yaumgui16440 folds
--Maverick-- folds
*** FLOP *** [Qs 8d 8c]
*** TURN *** [Qs 8d 8c][Jd]
*** RIVER *** [Qs 8d 8c Jd][7d]
*** SHOW DOWN ***
Le_Joker_ shows [4c As] (One pair : 8)
anacondaxxl shows [7s 6d] (Two pairs : 8 and 7)
anacondaxxl collected 1050 from main pot
Le_Joker_ collected 30 from side pot 1
*** SUMMARY ***
Total pot 1080 | No rake
Board: [Qs 8d 8c Jd 7d]
Seat 5: Le_Joker_ showed [4c As] and won 30 with One pair : 8
Seat 6: anacondaxxl showed [7s 6d] and won 1050 with Two pairs : 8 and 7


Winamax Poker - Tournament "Starting Block WiPT - Déglingos" buyIn: 0€ + 0€ level: 1 - HandId: #3253000322955608065-3-1708283098 - Holdem no limit (10/20) - 2024/02/18 19:04:58 UTC
Table: 'Starting Block WiPT - Déglingos(757398159)#0' 6-max (real money) Seat #2 is the button
Seat 1: AvaRiance (490)
Seat 2: P1xel7 (470)
Seat 3: Yaumgui16440 (480)
Seat 4: --Maverick-- (480)
Seat 5: Le_Joker_ (30)
Seat 6: anacondaxxl (1050)
*** ANTE/BLINDS ***
Yaumgui16440 posts small blind 10
--Maverick-- posts big blind 20
Dealt to P1xel7 [5s Qh]
*** PRE-FLOP *** 
Le_Joker_ raises 10 to 30 and is all-in
anacondaxxl folds
AvaRiance calls 30
P1xel7 folds
Yaumgui16440 calls 20
--Maverick-- calls 10
*** FLOP *** [3h 5h 9s]
Yaumgui16440 checks
--Maverick-- checks
AvaRiance bets 42
Yaumgui16440 calls 42
--Maverick-- folds
*** TURN *** [3h 5h 9s][Jc]
Yaumgui16440 bets 408 and is all-in
AvaRiance folds
*** RIVER *** [3h 5h 9s Jc][6c]
*** SHOW DOWN ***
Le_Joker_ shows [8h Ks] (High card : King)
Yaumgui16440 shows [Qs 3c] (One pair : 3)
Yaumgui16440 collected 612 from pot
*** SUMMARY ***
Total pot 612 | No rake
Board: [3h 5h 9s Jc 6c]
Seat 3: Yaumgui16440 (small blind) showed [Qs 3c] and won 612 with One pair : 3
Seat 5: Le_Joker_ showed [8h Ks] and lost with High card : King


Winamax Poker - Tournament "Starting Block WiPT - Déglingos" buyIn: 0€ + 0€ level: 2 - HandId: #3253000322955608065-4-1708283184 - Holdem no limit (15/30) - 2024/02/18 19:06:24 UTC
Table: 'Starting Block WiPT - Déglingos(757398159)#0' 6-max (real money) Seat #3 is the button
Seat 1: AvaRiance (418)
Seat 2: P1xel7 (470)
Seat 3: Yaumgui16440 (612)
Seat 4: --Maverick-- (450)
Seat 6: anacondaxxl (1050)
*** ANTE/BLINDS ***
--Maverick-- posts small blind 15
anacondaxxl posts big blind 30
Dealt to P1xel7 [5c Jh]
*** PRE-FLOP *** 
AvaRiance raises 30 to 60
P1xel7 folds
Yaumgui16440 calls 60
--Maverick-- calls 45
anacondaxxl calls 30
*** FLOP *** [7c 5s 3d]
--Maverick-- checks
anacondaxxl checks
AvaRiance checks
Yaumgui16440 checks
*** TURN *** [7c 5s 3d][4d]
--Maverick-- checks
anacondaxxl bets 84
AvaRiance calls 84
Yaumgui16440 calls 84
--Maverick-- folds
*** RIVER *** [7c 5s 3d 4d][Qd]
anacondaxxl checks
AvaRiance checks
Yaumgui16440 checks
*** SHOW DOWN ***
AvaRiance shows [Ac Kc] (High card : Ace)
anacondaxxl shows [2d Kh] (High card : King)
Yaumgui16440 shows [9d 9s] (One pair : 9)
Yaumgui16440 collected 492 from pot
*** SUMMARY ***
Total pot 492 | No rake
Board: [7c 5s 3d 4d Qd]
Seat 1: AvaRiance showed [Ac Kc] and lost with High card : Ace
Seat 3: Yaumgui16440 (button) showed [9d 9s] and won 492 with One pair : 9
Seat 6: anacondaxxl (big blind) showed [2d Kh] and lost with High card : King


Winamax Poker - Tournament "Starting Block WiPT - Déglingos" buyIn: 0€ + 0€ level: 3 - HandId: #3253000322955608065-5-1708283286 - Holdem no limit (20/40) - 2024/02/18 19:08:06 UTC
Table: 'Starting Block WiPT - Déglingos(757398159)#0' 6-max (real money) Seat #4 is the button
Seat 1: AvaRiance (274)
Seat 2: P1xel7 (470)
Seat 3: Yaumgui16440 (960)
Seat 4: --Maverick-- (390)
Seat 6: anacondaxxl (906)
*** ANTE/BLINDS ***
anacondaxxl posts small blind 20
AvaRiance posts big blind 40
Dealt to P1xel7 [7d Kh]
*** PRE-FLOP *** 
P1xel7 folds
Yaumgui16440 folds
--Maverick-- folds
anacondaxxl calls 20
AvaRiance raises 234 to 274 and is all-in
anacondaxxl calls 234
*** FLOP *** [8h Jh 9c]
*** TURN *** [8h Jh 9c][6c]
*** RIVER *** [8h Jh 9c 6c][4h]
*** SHOW DOWN ***
AvaRiance shows [Ac 2s] (High card : Ace)
anacondaxxl shows [6d Th] (One pair : 6)
anacondaxxl collected 548 from pot
*** SUMMARY ***
Total pot 548 | No rake
Board: [8h Jh 9c 6c 4h]
Seat 1: AvaRiance (big blind) showed [Ac 2s] and lost with High card : Ace
Seat 6: anacondaxxl (small blind) showed [6d Th] and won 548 with One pair : 6


Winamax Poker - Tournament "Starting Block WiPT - Déglingos" buyIn: 0€ + 0€ level: 4 - HandId: #3253000322955608065-6-1708283327 - Holdem no limit (30/60) - 2024/02/18 19:08:47 UTC
Table: 'Starting Block WiPT - Déglingos(757398159)#0' 6-max (real money) Seat #6 is the button
Seat 2: P1xel7 (470)
Seat 3: Yaumgui16440 (960)
Seat 4: --Maverick-- (390)
Seat 6: anacondaxxl (1180)
*** ANTE/BLINDS ***
P1xel7 posts big blind 60
Dealt to P1xel7 [4s Kd]
*** PRE-FLOP *** 
Yaumgui16440 calls 60
--Maverick-- folds
anacondaxxl calls 60
P1xel7 checks
*** FLOP *** [6h 3c 9h]
P1xel7 checks
Yaumgui16440 checks
anacondaxxl bets 266
P1xel7 folds
Yaumgui16440 raises 266 to 532
anacondaxxl raises 588 to 1120 and is all-in
Yaumgui16440 calls 368 and is all-in
*** TURN *** [6h 3c 9h][2h]
*** RIVER *** [6h 3c 9h 2h][Kh]
*** SHOW DOWN ***
Yaumgui16440 shows [Ts Ks] (One pair : Kings)
anacondaxxl shows [8h 9c] (Flush King high)
anacondaxxl collected 2200 from pot
*** SUMMARY ***
Total pot 2200 | No rake
Board: [6h 3c 9h 2h Kh]
Seat 3: Yaumgui16440 showed [Ts Ks] and lost with One pair : Kings
Seat 6: anacondaxxl (button) showed [8h 9c] and won 2200 with Flush King high


Winamax Poker - Tournament "Starting Block WiPT - Déglingos" buyIn: 0€ + 0€ level: 5 - HandId: #3253000322955608065-7-1708283390 - Holdem no limit (40/80) - 2024/02/18 19:09:50 UTC
Table: 'Starting Block WiPT - Déglingos(757398159)#0' 6-max (real money) Seat #1 is the button
Seat 2: P1xel7 (410)
Seat 4: --Maverick-- (390)
Seat 6: anacondaxxl (2200)
*** ANTE/BLINDS ***
P1xel7 posts small blind 40
--Maverick-- posts big blind 80
Dealt to P1xel7 [8s Kc]
*** PRE-FLOP *** 
anacondaxxl calls 80
P1xel7 folds
--Maverick-- checks
*** FLOP *** [7h 6d Qd]
--Maverick-- checks
anacondaxxl bets 200
--Maverick-- folds
anacondaxxl collected 400 from pot
*** SUMMARY ***
Total pot 400 | No rake
Board: [7h 6d Qd]
Seat 6: anacondaxxl won 400


Winamax Poker - Tournament "Starting Block WiPT - Déglingos" buyIn: 0€ + 0€ level: 5 - HandId: #3253000322955608065-8-1708283421 - Holdem no limit (40/80) - 2024/02/18 19:10:21 UTC
Table: 'Starting Block WiPT - Déglingos(757398159)#0' 6-max (real money) Seat #2 is the button
Seat 2: P1xel7 (370)
Seat 4: --Maverick-- (310)
Seat 6: anacondaxxl (2320)
*** ANTE/BLINDS ***
--Maverick-- posts small blind 40
anacondaxxl posts big blind 80
Dealt to P1xel7 [8c 9s]
*** PRE-FLOP *** 
P1xel7 folds
--Maverick-- folds
anacondaxxl collected 120 from pot
*** SUMMARY ***
Total pot 120 | No rake
Seat 6: anacondaxxl (big blind) won 120


Winamax Poker - Tournament "Starting Block WiPT - Déglingos" buyIn: 0€ + 0€ level: 5 - HandId: #3253000322955608065-9-1708283440 - Holdem no limit (40/80) - 2024/02/18 19:10:40 UTC
Table: 'Starting Block WiPT - Déglingos(757398159)#0' 6-max (real money) Seat #4 is the button
Seat 2: P1xel7 (370)
Seat 4: --Maverick-- (270)
Seat 6: anacondaxxl (2360)
*** ANTE/BLINDS ***
anacondaxxl posts small blind 40
P1xel7 posts big blind 80
Dealt to P1xel7 [2d 9d]
*** PRE-FLOP *** 
--Maverick-- calls 80
anacondaxxl calls 40
P1xel7 checks
*** FLOP *** [Ad Kh Tc]
anacondaxxl checks
P1xel7 checks
--Maverick-- bets 80
anacondaxxl raises 400 to 480
P1xel7 folds
--Maverick-- calls 110 and is all-in
*** TURN *** [Ad Kh Tc][9h]
*** RIVER *** [Ad Kh Tc 9h][3d]
*** SHOW DOWN ***
--Maverick-- shows [8c Ah] (One pair : Aces)
anacondaxxl shows [Jc Th] (One pair : Tens)
anacondaxxl collected 290 from side pot 1
--Maverick-- collected 620 from main pot
*** SUMMARY ***
Total pot 910 | No rake
Board: [Ad Kh Tc 9h 3d]
Seat 4: --Maverick-- (button) showed [8c Ah] and won 620 with One pair : Aces
Seat 6: anacondaxxl (small blind) showed [Jc Th] and won 290 with One pair : Tens


Winamax Poker - Tournament "Starting Block WiPT - Déglingos" buyIn: 0€ + 0€ level: 6 - HandId: #3253000322955608065-10-1708283500 - Holdem no limit (60/120) - 2024/02/18 19:11:40 UTC
Table: 'Starting Block WiPT - Déglingos(757398159)#0' 6-max (real money) Seat #6 is the button
Seat 2: P1xel7 (290)
Seat 4: --Maverick-- (620)
Seat 6: anacondaxxl (2090)
*** ANTE/BLINDS ***
P1xel7 posts small blind 60
--Maverick-- posts big blind 120
Dealt to P1xel7 [Tc 6s]
*** PRE-FLOP *** 
anacondaxxl calls 120
P1xel7 folds
--Maverick-- checks
*** FLOP *** [2h Ks 7h]
--Maverick-- checks
anacondaxxl checks
*** TURN *** [2h Ks 7h][4c]
--Maverick-- checks
anacondaxxl bets 195
--Maverick-- raises 305 to 500 and is all-in
anacondaxxl folds
--Maverick-- collected 995 from pot
*** SUMMARY ***
Total pot 995 | No rake
Board: [2h Ks 7h 4c]
Seat 4: --Maverick-- (big blind) won 995


Winamax Poker - Tournament "Starting Block WiPT - Déglingos" buyIn: 0€ + 0€ level: 6 - HandId: #3253000322955608065-11-1708283533 - Holdem no limit (60/120) - 2024/02/18 19:12:13 UTC
Table: 'Starting Block WiPT - Déglingos(757398159)#0' 6-max (real money) Seat #2 is the button
Seat 2: P1xel7 (230)
Seat 4: --Maverick-- (995)
Seat 6: anacondaxxl (1775)
*** ANTE/BLINDS ***
--Maverick-- posts small blind 60
anacondaxxl posts big blind 120
Dealt to P1xel7 [Ts 8c]
*** PRE-FLOP *** 
P1xel7 folds
--Maverick-- folds
anacondaxxl collected 180 from pot
*** SUMMARY ***
Total pot 180 | No rake
Seat 6: anacondaxxl (big blind) won 180


Winamax Poker - Tournament "Starting Block WiPT - Déglingos" buyIn: 0€ + 0€ level: 6 - HandId: #3253000322955608065-12-1708283541 - Holdem no limit (60/120) - 2024/02/18 19:12:21 UTC
Table: 'Starting Block WiPT - Déglingos(757398159)#0' 6-max (real money) Seat #4 is the button
Seat 2: P1xel7 (230)
Seat 4: --Maverick-- (935)
Seat 6: anacondaxxl (1835)
*** ANTE/BLINDS ***
anacondaxxl posts small blind 60
P1xel7 posts big blind 120
Dealt to P1xel7 [2c 5h]
*** PRE-FLOP *** 
--Maverick-- raises 240 to 360
anacondaxxl raises 1475 to 1835 and is all-in
P1xel7 folds
--Maverick-- calls 575 and is all-in
*** FLOP *** [5d 6s Qc]
*** TURN *** [5d 6s Qc][Ts]
*** RIVER *** [5d 6s Qc Ts][Ks]
*** SHOW DOWN ***
--Maverick-- shows [Jc Qd] (One pair : Queens)
anacondaxxl shows [7s 5s] (Flush King high)
anacondaxxl collected 2890 from pot
*** SUMMARY ***
Total pot 2890 | No rake
Board: [5d 6s Qc Ts Ks]
Seat 4: --Maverick-- (button) showed [Jc Qd] and lost with One pair : Queens
Seat 6: anacondaxxl (small blind) showed [7s 5s] and won 2890 with Flush King high


Winamax Poker - Tournament "Starting Block WiPT - Déglingos" buyIn: 0€ + 0€ level: 7 - HandId: #3253000322955608065-13-1708283565 - Holdem no limit (10/60/120) - 2024/02/18 19:12:45 UTC
Table: 'Starting Block WiPT - Déglingos(757398159)#0' 6-max (real money) Seat #2 is the button
Seat 2: P1xel7 (110)
Seat 6: anacondaxxl (2890)
*** ANTE/BLINDS ***
P1xel7 posts ante 10
anacondaxxl posts ante 10
P1xel7 posts small blind 60
anacondaxxl posts big blind 120
Dealt to P1xel7 [Ts Jh]
*** PRE-FLOP *** 
P1xel7 calls 40 and is all-in
*** FLOP *** [Js Ah Jd]
*** TURN *** [Js Ah Jd][Ad]
*** RIVER *** [Js Ah Jd Ad][9h]
*** SHOW DOWN ***
P1xel7 shows [Ts Jh] (Full of Jacks and Aces)
anacondaxxl shows [Td 7d] (Two pairs : Aces and Jacks)
anacondaxxl collected 20 from side pot 1
P1xel7 collected 220 from main pot
*** SUMMARY ***
Total pot 240 | No rake
Board: [Js Ah Jd Ad 9h]
Seat 2: P1xel7 (small blind) (button) showed [Ts Jh] and won 220 with Full of Jacks and Aces
Seat 6: anacondaxxl (big blind) showed [Td 7d] and won 20 with Two pairs : Aces and Jacks


Winamax Poker - Tournament "Starting Block WiPT - Déglingos" buyIn: 0€ + 0€ level: 7 - HandId: #3253000322955608065-14-1708283575 - Holdem no limit (10/60/120) - 2024/02/18 19:12:55 UTC
Table: 'Starting Block WiPT - Déglingos(757398159)#0' 6-max (real money) Seat #6 is the button
Seat 2: P1xel7 (220)
Seat 6: anacondaxxl (2780)
*** ANTE/BLINDS ***
anacondaxxl posts ante 10
P1xel7 posts ante 10
anacondaxxl posts small blind 60
P1xel7 posts big blind 120
Dealt to P1xel7 [Ah 8s]
*** PRE-FLOP *** 
anacondaxxl folds
P1xel7 collected 200 from pot
*** SUMMARY ***
Total pot 200 | No rake
Seat 2: P1xel7 (big blind) won 200


Winamax Poker - Tournament "Starting Block WiPT - Déglingos" buyIn: 0€ + 0€ level: 7 - HandId: #3253000322955608065-15-1708283626 - Holdem no limit (10/60/120) - 2024/02/18 19:13:46 UTC
Table: 'Starting Block WiPT - Déglingos(757398159)#0' 6-max (real money) Seat #2 is the button
Seat 2: P1xel7 (290)
Seat 6: anacondaxxl (2710)
*** ANTE/BLINDS ***
P1xel7 posts ante 10
anacondaxxl posts ante 10
P1xel7 posts small blind 60
anacondaxxl posts big blind 120
Dealt to P1xel7 [3c 3h]
*** PRE-FLOP *** 
P1xel7 raises 120 to 240
anacondaxxl folds
P1xel7 collected 380 from pot
*** SUMMARY ***
Total pot 380 | No rake
Seat 2: P1xel7 (small blind) (button) won 380


Winamax Poker - Tournament "Starting Block WiPT - Déglingos" buyIn: 0€ + 0€ level: 7 - HandId: #3253000322955608065-16-1708283631 - Holdem no limit (10/60/120) - 2024/02/18 19:13:51 UTC
Table: 'Starting Block WiPT - Déglingos(757398159)#0' 6-max (real money) Seat #6 is the button
Seat 2: P1xel7 (420)
Seat 6: anacondaxxl (2580)
*** ANTE/BLINDS ***
anacondaxxl posts ante 10
P1xel7 posts ante 10
anacondaxxl posts small blind 60
P1xel7 posts big blind 120
Dealt to P1xel7 [7c 5s]
*** PRE-FLOP *** 
anacondaxxl folds
P1xel7 collected 200 from pot
*** SUMMARY ***
Total pot 200 | No rake
Seat 2: P1xel7 (big blind) won 200


Winamax Poker - Tournament "Starting Block WiPT - Déglingos" buyIn: 0€ + 0€ level: 7 - HandId: #3253000322955608065-17-1708283635 - Holdem no limit (10/60/120) - 2024/02/18 19:13:55 UTC
Table: 'Starting Block WiPT - Déglingos(757398159)#0' 6-max (real money) Seat #2 is the button
Seat 2: P1xel7 (490)
Seat 6: anacondaxxl (2510)
*** ANTE/BLINDS ***
P1xel7 posts ante 10
anacondaxxl posts ante 10
P1xel7 posts small blind 60
anacondaxxl posts big blind 120
Dealt to P1xel7 [Td 3h]
*** PRE-FLOP *** 
P1xel7 raises 120 to 240
anacondaxxl folds
P1xel7 collected 380 from pot
*** SUMMARY ***
Total pot 380 | No rake
Seat 2: P1xel7 (small blind) (button) won 380


Winamax Poker - Tournament "Starting Block WiPT - Déglingos" buyIn: 0€ + 0€ level: 7 - HandId: #3253000322955608065-18-1708283639 - Holdem no limit (10/60/120) - 2024/02/18 19:13:59 UTC
Table: 'Starting Block WiPT - Déglingos(757398159)#0' 6-max (real money) Seat #6 is the button
Seat 2: P1xel7 (620)
Seat 6: anacondaxxl (2380)
*** ANTE/BLINDS ***
anacondaxxl posts ante 10
P1xel7 posts ante 10
anacondaxxl posts small blind 60
P1xel7 posts big blind 120
Dealt to P1xel7 [4c 9c]
*** PRE-FLOP *** 
anacondaxxl folds
P1xel7 collected 200 from pot
*** SUMMARY ***
Total pot 200 | No rake
Seat 2: P1xel7 (big blind) won 200


Winamax Poker - Tournament "Starting Block WiPT - Déglingos" buyIn: 0€ + 0€ level: 7 - HandId: #3253000322955608065-19-1708283643 - Holdem no limit (10/60/120) - 2024/02/18 19:14:03 UTC
Table: 'Starting Block WiPT - Déglingos(757398159)#0' 6-max (real money) Seat #2 is the button
Seat 2: P1xel7 (690)
Seat 6: anacondaxxl (2310)
*** ANTE/BLINDS ***
P1xel7 posts ante 10
anacondaxxl posts ante 10
P1xel7 posts small blind 60
anacondaxxl posts big blind 120
Dealt to P1xel7 [2d 3d]
*** PRE-FLOP *** 
P1xel7 raises 120 to 240
anacondaxxl folds
P1xel7 collected 380 from pot
*** SUMMARY ***
Total pot 380 | No rake
Seat 2: P1xel7 (small blind) (button) won 380


Winamax Poker - Tournament "Starting Block WiPT - Déglingos" buyIn: 0€ + 0€ level: 7 - HandId: #3253000322955608065-20-1708283647 - Holdem no limit (10/60/120) - 2024/02/18 19:14:07 UTC
Table: 'Starting Block WiPT - Déglingos(757398159)#0' 6-max (real money) Seat #6 is the button
Seat 2: P1xel7 (820)
Seat 6: anacondaxxl (2180)
*** ANTE/BLINDS ***
anacondaxxl posts ante 10
P1xel7 posts ante 10
anacondaxxl posts small blind 60
P1xel7 posts big blind 120
Dealt to P1xel7 [Jd As]
*** PRE-FLOP *** 
anacondaxxl folds
P1xel7 collected 200 from pot
*** SUMMARY ***
Total pot 200 | No rake
Seat 2: P1xel7 (big blind) won 200


Winamax Poker - Tournament "Starting Block WiPT - Déglingos" buyIn: 0€ + 0€ level: 7 - HandId: #3253000322955608065-21-1708283651 - Holdem no limit (10/60/120) - 2024/02/18 19:14:11 UTC
Table: 'Starting Block WiPT - Déglingos(757398159)#0' 6-max (real money) Seat #2 is the button
Seat 2: P1xel7 (890)
Seat 6: anacondaxxl (2110)
*** ANTE/BLINDS ***
P1xel7 posts ante 10
anacondaxxl posts ante 10
P1xel7 posts small blind 60
anacondaxxl posts big blind 120
Dealt to P1xel7 [9c 2h]
*** PRE-FLOP *** 
P1xel7 raises 120 to 240
anacondaxxl folds
P1xel7 collected 380 from pot
*** SUMMARY ***
Total pot 380 | No rake
Seat 2: P1xel7 (small blind) (button) won 380


Winamax Poker - Tournament "Starting Block WiPT - Déglingos" buyIn: 0€ + 0€ level: 8 - HandId: #3253000322955608065-22-1708283655 - Holdem no limit (16/80/160) - 2024/02/18 19:14:15 UTC
Table: 'Starting Block WiPT - Déglingos(757398159)#0' 6-max (real money) Seat #6 is the button
Seat 2: P1xel7 (1020)
Seat 6: anacondaxxl (1980)
*** ANTE/BLINDS ***
anacondaxxl posts ante 16
P1xel7 posts ante 16
anacondaxxl posts small blind 80
P1xel7 posts big blind 160
Dealt to P1xel7 [3d Td]
*** PRE-FLOP *** 
anacondaxxl folds
P1xel7 collected 272 from pot
*** SUMMARY ***
Total pot 272 | No rake
Seat 2: P1xel7 (big blind) won 272


Winamax Poker - Tournament "Starting Block WiPT - Déglingos" buyIn: 0€ + 0€ level: 8 - HandId: #3253000322955608065-23-1708283659 - Holdem no limit (16/80/160) - 2024/02/18 19:14:19 UTC
Table: 'Starting Block WiPT - Déglingos(757398159)#0' 6-max (real money) Seat #2 is the button
Seat 2: P1xel7 (1116)
Seat 6: anacondaxxl (1884)
*** ANTE/BLINDS ***
P1xel7 posts ante 16
anacondaxxl posts ante 16
P1xel7 posts small blind 80
anacondaxxl posts big blind 160
Dealt to P1xel7 [3h Th]
*** PRE-FLOP *** 
P1xel7 raises 160 to 320
anacondaxxl folds
P1xel7 collected 512 from pot
*** SUMMARY ***
Total pot 512 | No rake
Seat 2: P1xel7 (small blind) (button) won 512


Winamax Poker - Tournament "Starting Block WiPT - Déglingos" buyIn: 0€ + 0€ level: 8 - HandId: #3253000322955608065-24-1708283663 - Holdem no limit (16/80/160) - 2024/02/18 19:14:23 UTC
Table: 'Starting Block WiPT - Déglingos(757398159)#0' 6-max (real money) Seat #6 is the button
Seat 2: P1xel7 (1292)
Seat 6: anacondaxxl (1708)
*** ANTE/BLINDS ***
anacondaxxl posts ante 16
P1xel7 posts ante 16
anacondaxxl posts small blind 80
P1xel7 posts big blind 160
Dealt to P1xel7 [Jc As]
*** PRE-FLOP *** 
anacondaxxl folds
P1xel7 collected 272 from pot
*** SUMMARY ***
Total pot 272 | No rake
Seat 2: P1xel7 (big blind) won 272


Winamax Poker - Tournament "Starting Block WiPT - Déglingos" buyIn: 0€ + 0€ level: 8 - HandId: #3253000322955608065-25-1708283667 - Holdem no limit (16/80/160) - 2024/02/18 19:14:27 UTC
Table: 'Starting Block WiPT - Déglingos(757398159)#0' 6-max (real money) Seat #2 is the button
Seat 2: P1xel7 (1388)
Seat 6: anacondaxxl (1612)
*** ANTE/BLINDS ***
P1xel7 posts ante 16
anacondaxxl posts ante 16
P1xel7 posts small blind 80
anacondaxxl posts big blind 160
Dealt to P1xel7 [Qh 7h]
*** PRE-FLOP *** 
P1xel7 raises 160 to 320
anacondaxxl folds
P1xel7 collected 512 from pot
*** SUMMARY ***
Total pot 512 | No rake
Seat 2: P1xel7 (small blind) (button) won 512


Winamax Poker - Tournament "Starting Block WiPT - Déglingos" buyIn: 0€ + 0€ level: 8 - HandId: #3253000322955608065-26-1708283671 - Holdem no limit (16/80/160) - 2024/02/18 19:14:31 UTC
Table: 'Starting Block WiPT - Déglingos(757398159)#0' 6-max (real money) Seat #6 is the button
Seat 2: P1xel7 (1564)
Seat 6: anacondaxxl (1436)
*** ANTE/BLINDS ***
anacondaxxl posts ante 16
P1xel7 posts ante 16
anacondaxxl posts small blind 80
P1xel7 posts big blind 160
Dealt to P1xel7 [7d 4s]
*** PRE-FLOP *** 
anacondaxxl folds
P1xel7 collected 272 from pot
*** SUMMARY ***
Total pot 272 | No rake
Seat 2: P1xel7 (big blind) won 272


Winamax Poker - Tournament "Starting Block WiPT - Déglingos" buyIn: 0€ + 0€ level: 8 - HandId: #3253000322955608065-27-1708283675 - Holdem no limit (16/80/160) - 2024/02/18 19:14:35 UTC
Table: 'Starting Block WiPT - Déglingos(757398159)#0' 6-max (real money) Seat #2 is the button
Seat 2: P1xel7 (1660)
Seat 6: anacondaxxl (1340)
*** ANTE/BLINDS ***
P1xel7 posts ante 16
anacondaxxl posts ante 16
P1xel7 posts small blind 80
anacondaxxl posts big blind 160
Dealt to P1xel7 [7s 2h]
*** PRE-FLOP *** 
P1xel7 raises 160 to 320
anacondaxxl folds
P1xel7 collected 512 from pot
*** SUMMARY ***
Total pot 512 | No rake
Seat 2: P1xel7 (small blind) (button) won 512


Winamax Poker - Tournament "Starting Block WiPT - Déglingos" buyIn: 0€ + 0€ level: 8 - HandId: #3253000322955608065-28-1708283679 - Holdem no limit (16/80/160) - 2024/02/18 19:14:39 UTC
Table: 'Starting Block WiPT - Déglingos(757398159)#0' 6-max (real money) Seat #6 is the button
Seat 2: P1xel7 (1836)
Seat 6: anacondaxxl (1164)
*** ANTE/BLINDS ***
anacondaxxl posts ante 16
P1xel7 posts ante 16
anacondaxxl posts small blind 80
P1xel7 posts big blind 160
Dealt to P1xel7 [9s 6h]
*** PRE-FLOP *** 
anacondaxxl folds
P1xel7 collected 272 from pot
*** SUMMARY ***
Total pot 272 | No rake
Seat 2: P1xel7 (big blind) won 272


Winamax Poker - Tournament "Starting Block WiPT - Déglingos" buyIn: 0€ + 0€ level: 8 - HandId: #3253000322955608065-29-1708283683 - Holdem no limit (16/80/160) - 2024/02/18 19:14:43 UTC
Table: 'Starting Block WiPT - Déglingos(757398159)#0' 6-max (real money) Seat #2 is the button
Seat 2: P1xel7 (1932)
Seat 6: anacondaxxl (1068)
*** ANTE/BLINDS ***
P1xel7 posts ante 16
anacondaxxl posts ante 16
P1xel7 posts small blind 80
anacondaxxl posts big blind 160
Dealt to P1xel7 [Jd Qd]
*** PRE-FLOP *** 
P1xel7 raises 160 to 320
anacondaxxl folds
P1xel7 collected 512 from pot
*** SUMMARY ***
Total pot 512 | No rake
Seat 2: P1xel7 (small blind) (button) won 512


Winamax Poker - Tournament "Starting Block WiPT - Déglingos" buyIn: 0€ + 0€ level: 8 - HandId: #3253000322955608065-30-1708283687 - Holdem no limit (16/80/160) - 2024/02/18 19:14:47 UTC
Table: 'Starting Block WiPT - Déglingos(757398159)#0' 6-max (real money) Seat #6 is the button
Seat 2: P1xel7 (2108)
Seat 6: anacondaxxl (892)
*** ANTE/BLINDS ***
anacondaxxl posts ante 16
P1xel7 posts ante 16
anacondaxxl posts small blind 80
P1xel7 posts big blind 160
Dealt to P1xel7 [5h 3c]
*** PRE-FLOP *** 
anacondaxxl folds
P1xel7 collected 272 from pot
*** SUMMARY ***
Total pot 272 | No rake
Seat 2: P1xel7 (big blind) won 272


Winamax Poker - Tournament "Starting Block WiPT - Déglingos" buyIn: 0€ + 0€ level: 8 - HandId: #3253000322955608065-31-1708283691 - Holdem no limit (16/80/160) - 2024/02/18 19:14:51 UTC
Table: 'Starting Block WiPT - Déglingos(757398159)#0' 6-max (real money) Seat #2 is the button
Seat 2: P1xel7 (2204)
Seat 6: anacondaxxl (796)
*** ANTE/BLINDS ***
P1xel7 posts ante 16
anacondaxxl posts ante 16
P1xel7 posts small blind 80
anacondaxxl posts big blind 160
Dealt to P1xel7 [8h 7c]
*** PRE-FLOP *** 
P1xel7 raises 160 to 320
anacondaxxl folds
P1xel7 collected 512 from pot
*** SUMMARY ***
Total pot 512 | No rake
Seat 2: P1xel7 (small blind) (button) won 512


Winamax Poker - Tournament "Starting Block WiPT - Déglingos" buyIn: 0€ + 0€ level: 8 - HandId: #3253000322955608065-32-1708283695 - Holdem no limit (16/80/160) - 2024/02/18 19:14:55 UTC
Table: 'Starting Block WiPT - Déglingos(757398159)#0' 6-max (real money) Seat #6 is the button
Seat 2: P1xel7 (2380)
Seat 6: anacondaxxl (620)
*** ANTE/BLINDS ***
anacondaxxl posts ante 16
P1xel7 posts ante 16
anacondaxxl posts small blind 80
P1xel7 posts big blind 160
Dealt to P1xel7 [9c 5h]
*** PRE-FLOP *** 
anacondaxxl folds
P1xel7 collected 272 from pot
*** SUMMARY ***
Total pot 272 | No rake
Seat 2: P1xel7 (big blind) won 272


Winamax Poker - Tournament "Starting Block WiPT - Déglingos" buyIn: 0€ + 0€ level: 8 - HandId: #3253000322955608065-33-1708283699 - Holdem no limit (16/80/160) - 2024/02/18 19:14:59 UTC
Table: 'Starting Block WiPT - Déglingos(757398159)#0' 6-max (real money) Seat #2 is the button
Seat 2: P1xel7 (2476)
Seat 6: anacondaxxl (524)
*** ANTE/BLINDS ***
P1xel7 posts ante 16
anacondaxxl posts ante 16
P1xel7 posts small blind 80
anacondaxxl posts big blind 160
Dealt to P1xel7 [4c 6c]
*** PRE-FLOP *** 
P1xel7 raises 160 to 320
anacondaxxl folds
P1xel7 collected 512 from pot
*** SUMMARY ***
Total pot 512 | No rake
Seat 2: P1xel7 (small blind) (button) won 512


Winamax Poker - Tournament "Starting Block WiPT - Déglingos" buyIn: 0€ + 0€ level: 8 - HandId: #3253000322955608065-34-1708283704 - Holdem no limit (16/80/160) - 2024/02/18 19:15:04 UTC
Table: 'Starting Block WiPT - Déglingos(757398159)#0' 6-max (real money) Seat #6 is the button
Seat 2: P1xel7 (2652)
Seat 6: anacondaxxl (348)
*** ANTE/BLINDS ***
anacondaxxl posts ante 16
P1xel7 posts ante 16
anacondaxxl posts small blind 80
P1xel7 posts big blind 160
Dealt to P1xel7 [2s 2h]
*** PRE-FLOP *** 
anacondaxxl folds
P1xel7 collected 272 from pot
*** SUMMARY ***
Total pot 272 | No rake
Seat 2: P1xel7 (big blind) won 272


Winamax Poker - Tournament "Starting Block WiPT - Déglingos" buyIn: 0€ + 0€ level: 8 - HandId: #3253000322955608065-35-1708283707 - Holdem no limit (16/80/160) - 2024/02/18 19:15:07 UTC
Table: 'Starting Block WiPT - Déglingos(757398159)#0' 6-max (real money) Seat #2 is the button
Seat 2: P1xel7 (2748)
Seat 6: anacondaxxl (252)
*** ANTE/BLINDS ***
P1xel7 posts ante 16
anacondaxxl posts ante 16
P1xel7 posts small blind 80
anacondaxxl posts big blind 160
Dealt to P1xel7 [7d 4d]
*** PRE-FLOP *** 
P1xel7 raises 160 to 320
anacondaxxl folds
P1xel7 collected 512 from pot
*** SUMMARY ***
Total pot 512 | No rake
Seat 2: P1xel7 (small blind) (button) won 512


Winamax Poker - Tournament "Starting Block WiPT - Déglingos" buyIn: 0€ + 0€ level: 8 - HandId: #3253000322955608065-36-1708283712 - Holdem no limit (16/80/160) - 2024/02/18 19:15:12 UTC
Table: 'Starting Block WiPT - Déglingos(757398159)#0' 6-max (real money) Seat #6 is the button
Seat 2: P1xel7 (2924)
Seat 6: anacondaxxl (76)
*** ANTE/BLINDS ***
anacondaxxl posts ante 16
P1xel7 posts ante 16
anacondaxxl posts small blind 60 and is all-in
P1xel7 posts big blind 160
Dealt to P1xel7 [7c 2h]
*** PRE-FLOP *** 
*** FLOP *** [Ks Kd 2s]
*** TURN *** [Ks Kd 2s][7h]
*** RIVER *** [Ks Kd 2s 7h][Ac]
*** SHOW DOWN ***
P1xel7 shows [7c 2h] (Two pairs : Kings and 7)
anacondaxxl shows [7s 8h] (Two pairs : Kings and 7)
anacondaxxl collected 76 from main pot
P1xel7 collected 176 from side pot 1
*** SUMMARY ***
Total pot 252 | No rake
Board: [Ks Kd 2s 7h Ac]
Seat 2: P1xel7 (big blind) showed [7c 2h] and won 176 with Two pairs : Kings and 7
Seat 6: anacondaxxl (small blind) (button) showed [7s 8h] and won 76 with Two pairs : Kings and 7


Winamax Poker - Tournament "Starting Block WiPT - Déglingos" buyIn: 0€ + 0€ level: 8 - HandId: #3253000322955608065-37-1708283720 - Holdem no limit (16/80/160) - 2024/02/18 19:15:20 UTC
Table: 'Starting Block WiPT - Déglingos(757398159)#0' 6-max (real money) Seat #2 is the button
Seat 2: P1xel7 (2924)
Seat 6: anacondaxxl (76)
*** ANTE/BLINDS ***
P1xel7 posts ante 16
anacondaxxl posts ante 16
P1xel7 posts small blind 80
anacondaxxl posts big blind 60 and is all-in
Dealt to P1xel7 [Qs 8h]
*** PRE-FLOP *** 
*** FLOP *** [Tc Ts 4c]
*** TURN *** [Tc Ts 4c][6h]
*** RIVER *** [Tc Ts 4c 6h][4h]
*** SHOW DOWN ***
P1xel7 shows [Qs 8h] (Two pairs : Tens and 4)
anacondaxxl shows [Kc 5c] (Two pairs : Tens and 4)
anacondaxxl collected 152 from main pot
P1xel7 collected 20 from side pot 1
*** SUMMARY ***
Total pot 172 | No rake
Board: [Tc Ts 4c 6h 4h]
Seat 2: P1xel7 (small blind) (button) showed [Qs 8h] and won 20 with Two pairs : Tens and 4
Seat 6: anacondaxxl (big blind) showed [Kc 5c] and won 152 with Two pairs : Tens and 4


Winamax Poker - Tournament "Starting Block WiPT - Déglingos" buyIn: 0€ + 0€ level: 8 - HandId: #3253000322955608065-38-1708283729 - Holdem no limit (16/80/160) - 2024/02/18 19:15:29 UTC
Table: 'Starting Block WiPT - Déglingos(757398159)#0' 6-max (real money) Seat #6 is the button
Seat 2: P1xel7 (2848)
Seat 6: anacondaxxl (152)
*** ANTE/BLINDS ***
anacondaxxl posts ante 16
P1xel7 posts ante 16
anacondaxxl posts small blind 80
P1xel7 posts big blind 160
Dealt to P1xel7 [9c 6c]
*** PRE-FLOP *** 
anacondaxxl calls 56 and is all-in
*** FLOP *** [7h 8c Ts]
*** TURN *** [7h 8c Ts][9h]
*** RIVER *** [7h 8c Ts 9h][8s]
*** SHOW DOWN ***
anacondaxxl shows [5c 3d] (One pair : 8)
P1xel7 shows [9c 6c] (Straight Ten high)
P1xel7 collected 328 from pot
*** SUMMARY ***
Total pot 328 | No rake
Board: [7h 8c Ts 9h 8s]
Seat 2: P1xel7 (big blind) showed [9c 6c] and won 328 with Straight Ten high
Seat 6: anacondaxxl (small blind) (button) showed [5c 3d] and lost with One pair : 8


