Winamax Poker - Tournament "Starting Block WiPT - Déglingos" buyIn: 0€ + 0€ level: 1 - HandId: #3223554439491092481-1-1706815548 - Holdem no limit (10/20) - 2024/02/01 19:25:48 UTC
Table: 'Starting Block WiPT - Déglingos(750542255)#0' 6-max (real money) Seat #6 is the button
Seat 1: Wawanf (500)
Seat 2: ThonTeriyaki (500)
Seat 3: JC_ZEUS62 (500)
Seat 4: LE-_-Flouz (500)
Seat 5: georgien75 (500)
Seat 6: P1xel7 (500)
*** ANTE/BLINDS ***
Wawanf posts small blind 10
ThonTeriyaki posts big blind 20
Dealt to P1xel7 [7h 8c]
*** PRE-FLOP *** 
JC_ZEUS62 folds
LE-_-Flouz folds
georgien75 calls 20
P1xel7 folds
Wawanf calls 10
ThonTeriyaki checks
*** FLOP *** [Th 4h 4c]
Wawanf bets 480 and is all-in
ThonTeriyaki folds
georgien75 folds
Wawanf collected 540 from pot
*** SUMMARY ***
Total pot 540 | No rake
Board: [Th 4h 4c]
Seat 1: Wawanf (small blind) won 540


Winamax Poker - Tournament "Starting Block WiPT - Déglingos" buyIn: 0€ + 0€ level: 1 - HandId: #3223554439491092481-2-1706815574 - Holdem no limit (10/20) - 2024/02/01 19:26:14 UTC
Table: 'Starting Block WiPT - Déglingos(750542255)#0' 6-max (real money) Seat #1 is the button
Seat 1: Wawanf (540)
Seat 2: ThonTeriyaki (480)
Seat 3: JC_ZEUS62 (500)
Seat 4: LE-_-Flouz (500)
Seat 5: georgien75 (480)
Seat 6: P1xel7 (500)
*** ANTE/BLINDS ***
ThonTeriyaki posts small blind 10
JC_ZEUS62 posts big blind 20
Dealt to P1xel7 [Kd 3s]
*** PRE-FLOP *** 
LE-_-Flouz calls 20
georgien75 folds
P1xel7 folds
Wawanf calls 20
ThonTeriyaki calls 10
JC_ZEUS62 checks
*** FLOP *** [5c 3h 4c]
ThonTeriyaki checks
JC_ZEUS62 checks
LE-_-Flouz checks
Wawanf bets 520 and is all-in
ThonTeriyaki folds
JC_ZEUS62 folds
LE-_-Flouz folds
Wawanf collected 600 from pot
*** SUMMARY ***
Total pot 600 | No rake
Board: [5c 3h 4c]
Seat 1: Wawanf (button) won 600


Winamax Poker - Tournament "Starting Block WiPT - Déglingos" buyIn: 0€ + 0€ level: 1 - HandId: #3223554439491092481-3-1706815629 - Holdem no limit (10/20) - 2024/02/01 19:27:09 UTC
Table: 'Starting Block WiPT - Déglingos(750542255)#0' 6-max (real money) Seat #2 is the button
Seat 1: Wawanf (600)
Seat 2: ThonTeriyaki (460)
Seat 3: JC_ZEUS62 (480)
Seat 4: LE-_-Flouz (480)
Seat 5: georgien75 (480)
Seat 6: P1xel7 (500)
*** ANTE/BLINDS ***
JC_ZEUS62 posts small blind 10
LE-_-Flouz posts big blind 20
Dealt to P1xel7 [Kc 6d]
*** PRE-FLOP *** 
georgien75 folds
P1xel7 folds
Wawanf raises 20 to 40
ThonTeriyaki raises 20 to 60
JC_ZEUS62 folds
LE-_-Flouz calls 40
Wawanf calls 20
*** FLOP *** [9c Qd 8s]
LE-_-Flouz checks
Wawanf bets 540 and is all-in
ThonTeriyaki calls 400 and is all-in
LE-_-Flouz folds
*** TURN *** [9c Qd 8s][2h]
*** RIVER *** [9c Qd 8s 2h][5c]
*** SHOW DOWN ***
Wawanf shows [3s 3c] (One pair : 3)
ThonTeriyaki shows [6s Qc] (One pair : Queens)
ThonTeriyaki collected 990 from main pot
Wawanf collected 140 from side pot 1
*** SUMMARY ***
Total pot 1130 | No rake
Board: [9c Qd 8s 2h 5c]
Seat 1: Wawanf showed [3s 3c] and won 140 with One pair : 3
Seat 2: ThonTeriyaki (button) showed [6s Qc] and won 990 with One pair : Queens


Winamax Poker - Tournament "Starting Block WiPT - Déglingos" buyIn: 0€ + 0€ level: 2 - HandId: #3223554439491092481-4-1706815695 - Holdem no limit (15/30) - 2024/02/01 19:28:15 UTC
Table: 'Starting Block WiPT - Déglingos(750542255)#0' 6-max (real money) Seat #3 is the button
Seat 1: Wawanf (140)
Seat 2: ThonTeriyaki (990)
Seat 3: JC_ZEUS62 (470)
Seat 4: LE-_-Flouz (420)
Seat 5: georgien75 (480)
Seat 6: P1xel7 (500)
*** ANTE/BLINDS ***
LE-_-Flouz posts small blind 15
georgien75 posts big blind 30
Dealt to P1xel7 [9h 2h]
*** PRE-FLOP *** 
P1xel7 folds
Wawanf calls 30
ThonTeriyaki folds
JC_ZEUS62 calls 30
LE-_-Flouz calls 15
georgien75 checks
*** FLOP *** [5s Th Kh]
LE-_-Flouz checks
georgien75 checks
Wawanf checks
JC_ZEUS62 bets 78
LE-_-Flouz folds
georgien75 raises 372 to 450 and is all-in
Wawanf calls 110 and is all-in
JC_ZEUS62 calls 362 and is all-in
*** TURN *** [5s Th Kh][2d]
*** RIVER *** [5s Th Kh 2d][7s]
*** SHOW DOWN ***
Wawanf shows [7d 8h] (One pair : 7)
JC_ZEUS62 shows [Kd 9s] (One pair : Kings)
georgien75 shows [Tc 4d] (One pair : Tens)
georgien75 collected 10 from side pot 1
JC_ZEUS62 collected 1110 from main pot
*** SUMMARY ***
Total pot 1120 | No rake
Board: [5s Th Kh 2d 7s]
Seat 1: Wawanf showed [7d 8h] and lost with One pair : 7
Seat 3: JC_ZEUS62 (button) showed [Kd 9s] and won 1110 with One pair : Kings
Seat 5: georgien75 (big blind) showed [Tc 4d] and won 10 with One pair : Tens


Winamax Poker - Tournament "Starting Block WiPT - Déglingos" buyIn: 0€ + 0€ level: 3 - HandId: #3223554439491092481-5-1706815773 - Holdem no limit (20/40) - 2024/02/01 19:29:33 UTC
Table: 'Starting Block WiPT - Déglingos(750542255)#0' 6-max (real money) Seat #4 is the button
Seat 2: ThonTeriyaki (990)
Seat 3: JC_ZEUS62 (1110)
Seat 4: LE-_-Flouz (390)
Seat 5: georgien75 (10)
Seat 6: P1xel7 (500)
*** ANTE/BLINDS ***
georgien75 posts small blind 10 and is all-in
P1xel7 posts big blind 40
Dealt to P1xel7 [8c Jc]
*** PRE-FLOP *** 
ThonTeriyaki folds
JC_ZEUS62 folds
LE-_-Flouz calls 40
P1xel7 checks
*** FLOP *** [Ts 2c 9h]
P1xel7 checks
LE-_-Flouz checks
*** TURN *** [Ts 2c 9h][5c]
P1xel7 bets 45
LE-_-Flouz raises 305 to 350 and is all-in
P1xel7 calls 305
*** RIVER *** [Ts 2c 9h 5c][Qh]
*** SHOW DOWN ***
LE-_-Flouz shows [2d 5d] (Two pairs : 5 and 2)
georgien75 shows [3d Jh] (High card : Queen)
P1xel7 shows [8c Jc] (Straight Queen high)
P1xel7 collected 790 from pot
*** SUMMARY ***
Total pot 790 | No rake
Board: [Ts 2c 9h 5c Qh]
Seat 4: LE-_-Flouz (button) showed [2d 5d] and lost with Two pairs : 5 and 2
Seat 5: georgien75 (small blind) showed [3d Jh] and lost with High card : Queen
Seat 6: P1xel7 (big blind) showed [8c Jc] and won 790 with Straight Queen high


Winamax Poker - Tournament "Starting Block WiPT - Déglingos" buyIn: 0€ + 0€ level: 4 - HandId: #3223554439491092481-6-1706815847 - Holdem no limit (30/60) - 2024/02/01 19:30:47 UTC
Table: 'Starting Block WiPT - Déglingos(750542255)#0' 6-max (real money) Seat #5 is the button
Seat 2: ThonTeriyaki (990)
Seat 3: JC_ZEUS62 (1110)
Seat 6: P1xel7 (900)
*** ANTE/BLINDS ***
P1xel7 posts small blind 30
ThonTeriyaki posts big blind 60
Dealt to P1xel7 [2c 4s]
*** PRE-FLOP *** 
JC_ZEUS62 folds
P1xel7 folds
ThonTeriyaki collected 90 from pot
*** SUMMARY ***
Total pot 90 | No rake
Seat 2: ThonTeriyaki (big blind) won 90


Winamax Poker - Tournament "Starting Block WiPT - Déglingos" buyIn: 0€ + 0€ level: 4 - HandId: #3223554439491092481-7-1706815858 - Holdem no limit (30/60) - 2024/02/01 19:30:58 UTC
Table: 'Starting Block WiPT - Déglingos(750542255)#0' 6-max (real money) Seat #6 is the button
Seat 2: ThonTeriyaki (1020)
Seat 3: JC_ZEUS62 (1110)
Seat 6: P1xel7 (870)
*** ANTE/BLINDS ***
ThonTeriyaki posts small blind 30
JC_ZEUS62 posts big blind 60
Dealt to P1xel7 [Jh Qc]
*** PRE-FLOP *** 
P1xel7 raises 75 to 135
ThonTeriyaki calls 105
JC_ZEUS62 folds
*** FLOP *** [4h Ts 2d]
ThonTeriyaki checks
P1xel7 bets 116
ThonTeriyaki calls 116
*** TURN *** [4h Ts 2d][Qd]
ThonTeriyaki checks
P1xel7 bets 141
ThonTeriyaki folds
P1xel7 collected 703 from pot
*** SUMMARY ***
Total pot 703 | No rake
Board: [4h Ts 2d Qd]
Seat 6: P1xel7 (button) won 703


Winamax Poker - Tournament "Starting Block WiPT - Déglingos" buyIn: 0€ + 0€ level: 4 - HandId: #3223554439491092481-8-1706815879 - Holdem no limit (30/60) - 2024/02/01 19:31:19 UTC
Table: 'Starting Block WiPT - Déglingos(750542255)#0' 6-max (real money) Seat #2 is the button
Seat 2: ThonTeriyaki (769)
Seat 3: JC_ZEUS62 (1050)
Seat 6: P1xel7 (1181)
*** ANTE/BLINDS ***
JC_ZEUS62 posts small blind 30
P1xel7 posts big blind 60
Dealt to P1xel7 [Ks 5s]
*** PRE-FLOP *** 
ThonTeriyaki raises 60 to 120
JC_ZEUS62 folds
P1xel7 calls 60
*** FLOP *** [Qs As 5h]
P1xel7 checks
ThonTeriyaki bets 216
P1xel7 raises 845 to 1061 and is all-in
ThonTeriyaki calls 433 and is all-in
*** TURN *** [Qs As 5h][6s]
*** RIVER *** [Qs As 5h 6s][3d]
*** SHOW DOWN ***
ThonTeriyaki shows [8h 9c] (High card : Ace)
P1xel7 shows [Ks 5s] (Flush Ace high)
P1xel7 collected 1980 from pot
*** SUMMARY ***
Total pot 1980 | No rake
Board: [Qs As 5h 6s 3d]
Seat 2: ThonTeriyaki (button) showed [8h 9c] and lost with High card : Ace
Seat 6: P1xel7 (big blind) showed [Ks 5s] and won 1980 with Flush Ace high


Winamax Poker - Tournament "Starting Block WiPT - Déglingos" buyIn: 0€ + 0€ level: 4 - HandId: #3223554439491092481-9-1706815903 - Holdem no limit (30/60) - 2024/02/01 19:31:43 UTC
Table: 'Starting Block WiPT - Déglingos(750542255)#0' 6-max (real money) Seat #6 is the button
Seat 3: JC_ZEUS62 (1020)
Seat 6: P1xel7 (1980)
*** ANTE/BLINDS ***
P1xel7 posts small blind 30
JC_ZEUS62 posts big blind 60
Dealt to P1xel7 [5s Kh]
*** PRE-FLOP *** 
P1xel7 raises 1920 to 1980 and is all-in
JC_ZEUS62 folds
P1xel7 collected 2040 from pot
*** SUMMARY ***
Total pot 2040 | No rake
Seat 6: P1xel7 (small blind) (button) won 2040


Winamax Poker - Tournament "Starting Block WiPT - Déglingos" buyIn: 0€ + 0€ level: 5 - HandId: #3223554439491092481-10-1706815919 - Holdem no limit (40/80) - 2024/02/01 19:31:59 UTC
Table: 'Starting Block WiPT - Déglingos(750542255)#0' 6-max (real money) Seat #3 is the button
Seat 3: JC_ZEUS62 (960)
Seat 6: P1xel7 (2040)
*** ANTE/BLINDS ***
JC_ZEUS62 posts small blind 40
P1xel7 posts big blind 80
Dealt to P1xel7 [8c 5d]
*** PRE-FLOP *** 
JC_ZEUS62 calls 40
P1xel7 raises 120 to 200
JC_ZEUS62 calls 120
*** FLOP *** [4s 7d 3h]
P1xel7 bets 100
JC_ZEUS62 raises 660 to 760 and is all-in
P1xel7 folds
JC_ZEUS62 collected 1260 from pot
*** SUMMARY ***
Total pot 1260 | No rake
Board: [4s 7d 3h]
Seat 3: JC_ZEUS62 (small blind) (button) won 1260


Winamax Poker - Tournament "Starting Block WiPT - Déglingos" buyIn: 0€ + 0€ level: 5 - HandId: #3223554439491092481-11-1706815947 - Holdem no limit (40/80) - 2024/02/01 19:32:27 UTC
Table: 'Starting Block WiPT - Déglingos(750542255)#0' 6-max (real money) Seat #6 is the button
Seat 3: JC_ZEUS62 (1260)
Seat 6: P1xel7 (1740)
*** ANTE/BLINDS ***
P1xel7 posts small blind 40
JC_ZEUS62 posts big blind 80
Dealt to P1xel7 [8s 7h]
*** PRE-FLOP *** 
P1xel7 raises 80 to 160
JC_ZEUS62 folds
P1xel7 collected 240 from pot
*** SUMMARY ***
Total pot 240 | No rake
Seat 6: P1xel7 (small blind) (button) won 240


Winamax Poker - Tournament "Starting Block WiPT - Déglingos" buyIn: 0€ + 0€ level: 5 - HandId: #3223554439491092481-12-1706815958 - Holdem no limit (40/80) - 2024/02/01 19:32:38 UTC
Table: 'Starting Block WiPT - Déglingos(750542255)#0' 6-max (real money) Seat #3 is the button
Seat 3: JC_ZEUS62 (1180)
Seat 6: P1xel7 (1820)
*** ANTE/BLINDS ***
JC_ZEUS62 posts small blind 40
P1xel7 posts big blind 80
Dealt to P1xel7 [Jc 3h]
*** PRE-FLOP *** 
JC_ZEUS62 folds
P1xel7 collected 120 from pot
*** SUMMARY ***
Total pot 120 | No rake
Seat 6: P1xel7 (big blind) won 120


Winamax Poker - Tournament "Starting Block WiPT - Déglingos" buyIn: 0€ + 0€ level: 5 - HandId: #3223554439491092481-13-1706815967 - Holdem no limit (40/80) - 2024/02/01 19:32:47 UTC
Table: 'Starting Block WiPT - Déglingos(750542255)#0' 6-max (real money) Seat #6 is the button
Seat 3: JC_ZEUS62 (1140)
Seat 6: P1xel7 (1860)
*** ANTE/BLINDS ***
P1xel7 posts small blind 40
JC_ZEUS62 posts big blind 80
Dealt to P1xel7 [Kh Ac]
*** PRE-FLOP *** 
P1xel7 raises 80 to 160
JC_ZEUS62 folds
P1xel7 collected 240 from pot
*** SUMMARY ***
Total pot 240 | No rake
Seat 6: P1xel7 (small blind) (button) won 240


Winamax Poker - Tournament "Starting Block WiPT - Déglingos" buyIn: 0€ + 0€ level: 5 - HandId: #3223554439491092481-14-1706815978 - Holdem no limit (40/80) - 2024/02/01 19:32:58 UTC
Table: 'Starting Block WiPT - Déglingos(750542255)#0' 6-max (real money) Seat #3 is the button
Seat 3: JC_ZEUS62 (1060)
Seat 6: P1xel7 (1940)
*** ANTE/BLINDS ***
JC_ZEUS62 posts small blind 40
P1xel7 posts big blind 80
Dealt to P1xel7 [Qc Kh]
*** PRE-FLOP *** 
JC_ZEUS62 calls 40
P1xel7 raises 100 to 180
JC_ZEUS62 calls 100
*** FLOP *** [Td 9s 5s]
P1xel7 bets 90
JC_ZEUS62 folds
P1xel7 collected 450 from pot
*** SUMMARY ***
Total pot 450 | No rake
Board: [Td 9s 5s]
Seat 6: P1xel7 (big blind) won 450


Winamax Poker - Tournament "Starting Block WiPT - Déglingos" buyIn: 0€ + 0€ level: 5 - HandId: #3223554439491092481-15-1706815995 - Holdem no limit (40/80) - 2024/02/01 19:33:15 UTC
Table: 'Starting Block WiPT - Déglingos(750542255)#0' 6-max (real money) Seat #6 is the button
Seat 3: JC_ZEUS62 (880)
Seat 6: P1xel7 (2120)
*** ANTE/BLINDS ***
P1xel7 posts small blind 40
JC_ZEUS62 posts big blind 80
Dealt to P1xel7 [Jd 3d]
*** PRE-FLOP *** 
P1xel7 raises 2040 to 2120 and is all-in
JC_ZEUS62 folds
P1xel7 collected 2200 from pot
*** SUMMARY ***
Total pot 2200 | No rake
Seat 6: P1xel7 (small blind) (button) won 2200


Winamax Poker - Tournament "Starting Block WiPT - Déglingos" buyIn: 0€ + 0€ level: 6 - HandId: #3223554439491092481-16-1706816005 - Holdem no limit (60/120) - 2024/02/01 19:33:25 UTC
Table: 'Starting Block WiPT - Déglingos(750542255)#0' 6-max (real money) Seat #3 is the button
Seat 3: JC_ZEUS62 (800)
Seat 6: P1xel7 (2200)
*** ANTE/BLINDS ***
JC_ZEUS62 posts small blind 60
P1xel7 posts big blind 120
Dealt to P1xel7 [6c 3c]
*** PRE-FLOP *** 
JC_ZEUS62 folds
P1xel7 collected 180 from pot
*** SUMMARY ***
Total pot 180 | No rake
Seat 6: P1xel7 (big blind) won 180


Winamax Poker - Tournament "Starting Block WiPT - Déglingos" buyIn: 0€ + 0€ level: 6 - HandId: #3223554439491092481-17-1706816011 - Holdem no limit (60/120) - 2024/02/01 19:33:31 UTC
Table: 'Starting Block WiPT - Déglingos(750542255)#0' 6-max (real money) Seat #6 is the button
Seat 3: JC_ZEUS62 (740)
Seat 6: P1xel7 (2260)
*** ANTE/BLINDS ***
P1xel7 posts small blind 60
JC_ZEUS62 posts big blind 120
Dealt to P1xel7 [Ad 5s]
*** PRE-FLOP *** 
P1xel7 raises 2140 to 2260 and is all-in
JC_ZEUS62 folds
P1xel7 collected 2380 from pot
*** SUMMARY ***
Total pot 2380 | No rake
Seat 6: P1xel7 (small blind) (button) won 2380


Winamax Poker - Tournament "Starting Block WiPT - Déglingos" buyIn: 0€ + 0€ level: 6 - HandId: #3223554439491092481-18-1706816021 - Holdem no limit (60/120) - 2024/02/01 19:33:41 UTC
Table: 'Starting Block WiPT - Déglingos(750542255)#0' 6-max (real money) Seat #3 is the button
Seat 3: JC_ZEUS62 (620)
Seat 6: P1xel7 (2380)
*** ANTE/BLINDS ***
JC_ZEUS62 posts small blind 60
P1xel7 posts big blind 120
Dealt to P1xel7 [8d 9c]
*** PRE-FLOP *** 
JC_ZEUS62 calls 60
P1xel7 raises 2260 to 2380 and is all-in
JC_ZEUS62 calls 500 and is all-in
*** FLOP *** [2d 9d 4c]
*** TURN *** [2d 9d 4c][5c]
*** RIVER *** [2d 9d 4c 5c][8c]
*** SHOW DOWN ***
JC_ZEUS62 shows [Th Kd] (High card : King)
P1xel7 shows [8d 9c] (Two pairs : 9 and 8)
P1xel7 collected 3000 from pot
*** SUMMARY ***
Total pot 3000 | No rake
Board: [2d 9d 4c 5c 8c]
Seat 3: JC_ZEUS62 (small blind) (button) showed [Th Kd] and lost with High card : King
Seat 6: P1xel7 (big blind) showed [8d 9c] and won 3000 with Two pairs : 9 and 8


