Winamax Poker - Tournament "MYSTERY KO" buyIn: 1.80€ + 0.20€ level: 5 - HandId: #3173533287561822396-31-1706816075 - Holdem no limit (50/200/400) - 2024/02/01 19:34:35 UTC
Table: 'MYSTERY KO(738895798)#0187' 6-max (real money) Seat #2 is the button
Seat 1: FurySun (72828)
Seat 2: Mrpink84 (41801)
Seat 4: El__F3nomeno (57652)
Seat 5: P1xel7 (20000)
Seat 6: wallem44 (54754)
*** ANTE/BLINDS ***
El__F3nomeno posts ante 50
FurySun posts ante 50
Mrpink84 posts ante 50
P1xel7 posts ante 50
wallem44 posts ante 50
El__F3nomeno posts big blind 400
Dealt to P1xel7 [Ad Tc]
*** PRE-FLOP *** 
P1xel7 raises 480 to 880
wallem44 folds
FurySun folds
Mrpink84 calls 880
El__F3nomeno calls 480
*** FLOP *** [6s 5s 3d]
El__F3nomeno checks
P1xel7 checks
Mrpink84 bets 1012
El__F3nomeno folds
P1xel7 calls 1012
*** TURN *** [6s 5s 3d][3s]
P1xel7 checks
Mrpink84 bets 2457
P1xel7 folds
Mrpink84 collected 7371 from pot
*** SUMMARY ***
Total pot 7371 | No rake
Board: [6s 5s 3d 3s]
Seat 2: Mrpink84 (button) won 7371


Winamax Poker - Tournament "MYSTERY KO" buyIn: 1.80€ + 0.20€ level: 5 - HandId: #3173533287561822396-32-1706816159 - Holdem no limit (50/200/400) - 2024/02/01 19:35:59 UTC
Table: 'MYSTERY KO(738895798)#0187' 6-max (real money) Seat #3 is the button
Seat 1: FurySun (72778)
Seat 2: Mrpink84 (44773)
Seat 3: G.Lacazette (20000)
Seat 4: El__F3nomeno (56722)
Seat 5: P1xel7 (18058)
Seat 6: wallem44 (54704)
*** ANTE/BLINDS ***
El__F3nomeno posts ante 50
P1xel7 posts ante 50
FurySun posts ante 50
Mrpink84 posts ante 50
wallem44 posts ante 50
El__F3nomeno posts small blind 200
P1xel7 posts big blind 400
Dealt to P1xel7 [Ah As]
*** PRE-FLOP *** 
wallem44 folds
FurySun raises 400 to 800
Mrpink84 folds
El__F3nomeno folds
P1xel7 calls 400
*** FLOP *** [Kh 8d Kd]
P1xel7 checks
FurySun bets 676
P1xel7 calls 676
*** TURN *** [Kh 8d Kd][7h]
P1xel7 checks
FurySun bets 2996
P1xel7 calls 2996
*** RIVER *** [Kh 8d Kd 7h][8c]
P1xel7 checks
FurySun bets 68256 and is all-in
P1xel7 folds
FurySun collected 77650 from pot
*** SUMMARY ***
Total pot 77650 | No rake
Board: [Kh 8d Kd 7h 8c]
Seat 1: FurySun won 77650


Winamax Poker - Tournament "MYSTERY KO" buyIn: 1.80€ + 0.20€ level: 5 - HandId: #3173533287561822396-33-1706816224 - Holdem no limit (50/200/400) - 2024/02/01 19:37:04 UTC
Table: 'MYSTERY KO(738895798)#0187' 6-max (real money) Seat #4 is the button
Seat 1: FurySun (77650)
Seat 2: Mrpink84 (44723)
Seat 3: G.Lacazette (20000)
Seat 4: El__F3nomeno (56472)
Seat 5: P1xel7 (13536)
Seat 6: wallem44 (54654)
*** ANTE/BLINDS ***
P1xel7 posts ante 50
wallem44 posts ante 50
FurySun posts ante 50
Mrpink84 posts ante 50
G.Lacazette posts ante 50
El__F3nomeno posts ante 50
P1xel7 posts small blind 200
wallem44 posts big blind 400
Dealt to P1xel7 [Td 5c]
*** PRE-FLOP *** 
FurySun folds
Mrpink84 folds
G.Lacazette raises 480 to 880
El__F3nomeno folds
P1xel7 folds
wallem44 calls 480
*** FLOP *** [4d Kh 5h]
wallem44 checks
G.Lacazette bets 746
wallem44 folds
G.Lacazette collected 3006 from pot
*** SUMMARY ***
Total pot 3006 | No rake
Board: [4d Kh 5h]
Seat 3: G.Lacazette won 3006


Winamax Poker - Tournament "MYSTERY KO" buyIn: 1.80€ + 0.20€ level: 5 - HandId: #3173533287561822396-34-1706816272 - Holdem no limit (50/200/400) - 2024/02/01 19:37:52 UTC
Table: 'MYSTERY KO(738895798)#0187' 6-max (real money) Seat #5 is the button
Seat 1: FurySun (77600)
Seat 2: Mrpink84 (44673)
Seat 3: G.Lacazette (21330)
Seat 4: El__F3nomeno (56422)
Seat 5: P1xel7 (13286)
Seat 6: wallem44 (53724)
*** ANTE/BLINDS ***
wallem44 posts ante 50
FurySun posts ante 50
Mrpink84 posts ante 50
G.Lacazette posts ante 50
El__F3nomeno posts ante 50
P1xel7 posts ante 50
wallem44 posts small blind 200
FurySun posts big blind 400
Dealt to P1xel7 [Kh Ks]
*** PRE-FLOP *** 
Mrpink84 folds
G.Lacazette folds
El__F3nomeno folds
P1xel7 raises 600 to 1000
wallem44 folds
FurySun calls 600
*** FLOP *** [5h 9d 2d]
FurySun checks
P1xel7 bets 875
FurySun calls 875
*** TURN *** [5h 9d 2d][6s]
FurySun checks
P1xel7 bets 1063
FurySun raises 1937 to 3000
P1xel7 calls 1937
*** RIVER *** [5h 9d 2d 6s][4c]
FurySun bets 9020
P1xel7 calls 8361 and is all-in
*** SHOW DOWN ***
P1xel7 shows [Kh Ks] (One pair : Kings)
FurySun shows [2s 4s] (Two pairs : 4 and 2)
FurySun collected 27631 from pot
*** SUMMARY ***
Total pot 27631 | No rake
Board: [5h 9d 2d 6s 4c]
Seat 1: FurySun (big blind) showed [2s 4s] and won 27631 with Two pairs : 4 and 2
Seat 5: P1xel7 (button) showed [Kh Ks] and lost with One pair : Kings


Winamax Poker - Tournament "MYSTERY KO" buyIn: 1.80€ + 0.20€ level: 6 - HandId: #3173533287561822245-64-1706816380 - Holdem no limit (60/250/500) - 2024/02/01 19:39:40 UTC
Table: 'MYSTERY KO(738895798)#0036' 6-max (real money) Seat #3 is the button
Seat 1: Fabio Panini (19030)
Seat 2: BEESHOOP28 (31114)
Seat 3: Pilou1909 (53209)
Seat 4: TAgAS (10670)
Seat 5: P1xel7 (20000)
Seat 6: Hix (65416)
*** ANTE/BLINDS ***
TAgAS posts ante 60
P1xel7 posts ante 60
Fabio Panini posts ante 60
BEESHOOP28 posts ante 60
Pilou1909 posts ante 60
Hix posts ante 60
TAgAS posts small blind 250
P1xel7 posts big blind 500
Dealt to P1xel7 [7s 3c]
*** PRE-FLOP *** 
Hix folds
Fabio Panini folds
BEESHOOP28 folds
Pilou1909 folds
TAgAS folds
P1xel7 collected 1110 from pot
*** SUMMARY ***
Total pot 1110 | No rake
Seat 5: P1xel7 (big blind) won 1110


Winamax Poker - Tournament "MYSTERY KO" buyIn: 1.80€ + 0.20€ level: 6 - HandId: #3173533287561822245-65-1706816395 - Holdem no limit (60/250/500) - 2024/02/01 19:39:55 UTC
Table: 'MYSTERY KO(738895798)#0036' 6-max (real money) Seat #4 is the button
Seat 1: Fabio Panini (18970)
Seat 2: BEESHOOP28 (31054)
Seat 3: Pilou1909 (53149)
Seat 4: TAgAS (10360)
Seat 5: P1xel7 (20550)
Seat 6: Hix (65356)
*** ANTE/BLINDS ***
P1xel7 posts ante 60
Hix posts ante 60
Fabio Panini posts ante 60
BEESHOOP28 posts ante 60
Pilou1909 posts ante 60
TAgAS posts ante 60
P1xel7 posts small blind 250
Hix posts big blind 500
Dealt to P1xel7 [6s 9d]
*** PRE-FLOP *** 
Fabio Panini folds
BEESHOOP28 raises 500 to 1000
Pilou1909 folds
TAgAS folds
P1xel7 folds
Hix calls 500
*** FLOP *** [Kd Jc Kh]
Hix checks
BEESHOOP28 bets 1305
Hix folds
BEESHOOP28 shows [Ad As] (Two pairs : Aces and Kings)
BEESHOOP28 collected 3915 from pot
*** SUMMARY ***
Total pot 3915 | No rake
Board: [Kd Jc Kh]
Seat 2: BEESHOOP28 showed [Ad As] and won 3915 with Two pairs : Aces and Kings


Winamax Poker - Tournament "MYSTERY KO" buyIn: 1.80€ + 0.20€ level: 6 - HandId: #3173533287561822245-66-1706816423 - Holdem no limit (60/250/500) - 2024/02/01 19:40:23 UTC
Table: 'MYSTERY KO(738895798)#0036' 6-max (real money) Seat #5 is the button
Seat 1: Fabio Panini (18910)
Seat 2: BEESHOOP28 (32604)
Seat 3: Pilou1909 (53089)
Seat 4: TAgAS (10300)
Seat 5: P1xel7 (20240)
Seat 6: Hix (64296)
*** ANTE/BLINDS ***
Hix posts ante 60
Fabio Panini posts ante 60
BEESHOOP28 posts ante 60
Pilou1909 posts ante 60
TAgAS posts ante 60
P1xel7 posts ante 60
Hix posts small blind 250
Fabio Panini posts big blind 500
Dealt to P1xel7 [Qh Jh]
*** PRE-FLOP *** 
BEESHOOP28 folds
Pilou1909 folds
TAgAS raises 500 to 1000
P1xel7 calls 1000
Hix calls 750
Fabio Panini folds
*** FLOP *** [6s 4d 4s]
Hix checks
TAgAS checks
P1xel7 checks
*** TURN *** [6s 4d 4s][7c]
Hix checks
TAgAS bets 4500
P1xel7 folds
Hix folds
TAgAS collected 8360 from pot
*** SUMMARY ***
Total pot 8360 | No rake
Board: [6s 4d 4s 7c]
Seat 4: TAgAS won 8360


Winamax Poker - Tournament "MYSTERY KO" buyIn: 1.80€ + 0.20€ level: 6 - HandId: #3173533287561822245-67-1706816509 - Holdem no limit (60/250/500) - 2024/02/01 19:41:49 UTC
Table: 'MYSTERY KO(738895798)#0036' 6-max (real money) Seat #6 is the button
Seat 1: Fabio Panini (18350)
Seat 2: BEESHOOP28 (32544)
Seat 3: Pilou1909 (53029)
Seat 4: TAgAS (13100)
Seat 5: P1xel7 (19180)
Seat 6: Hix (63236)
*** ANTE/BLINDS ***
Fabio Panini posts ante 60
BEESHOOP28 posts ante 60
Pilou1909 posts ante 60
TAgAS posts ante 60
P1xel7 posts ante 60
Hix posts ante 60
Fabio Panini posts small blind 250
BEESHOOP28 posts big blind 500
Dealt to P1xel7 [2s 4s]
*** PRE-FLOP *** 
Pilou1909 folds
TAgAS folds
P1xel7 folds
Hix raises 500 to 1000
Fabio Panini folds
BEESHOOP28 calls 500
*** FLOP *** [9d 2c 6h]
BEESHOOP28 checks
Hix bets 914
BEESHOOP28 calls 914
*** TURN *** [9d 2c 6h][Td]
BEESHOOP28 bets 2219
Hix calls 2219
*** RIVER *** [9d 2c 6h Td][Qs]
BEESHOOP28 checks
Hix checks
*** SHOW DOWN ***
BEESHOOP28 shows [Ks 5d] (High card : King)
Hix shows [8c 9s] (One pair : 9)
Hix collected 8876 from pot
*** SUMMARY ***
Total pot 8876 | No rake
Board: [9d 2c 6h Td Qs]
Seat 2: BEESHOOP28 (big blind) showed [Ks 5d] and lost with High card : King
Seat 6: Hix (button) showed [8c 9s] and won 8876 with One pair : 9


Winamax Poker - Tournament "MYSTERY KO" buyIn: 1.80€ + 0.20€ level: 6 - HandId: #3173533287561822245-68-1706816564 - Holdem no limit (60/250/500) - 2024/02/01 19:42:44 UTC
Table: 'MYSTERY KO(738895798)#0036' 6-max (real money) Seat #1 is the button
Seat 1: Fabio Panini (18040)
Seat 2: BEESHOOP28 (28351)
Seat 3: Pilou1909 (52969)
Seat 4: TAgAS (13040)
Seat 5: P1xel7 (19120)
Seat 6: Hix (67919)
*** ANTE/BLINDS ***
BEESHOOP28 posts ante 60
Pilou1909 posts ante 60
Fabio Panini posts ante 60
TAgAS posts ante 60
P1xel7 posts ante 60
Hix posts ante 60
BEESHOOP28 posts small blind 250
Pilou1909 posts big blind 500
Dealt to P1xel7 [9d 7c]
*** PRE-FLOP *** 
TAgAS folds
P1xel7 folds
Hix raises 500 to 1000
Fabio Panini folds
BEESHOOP28 raises 2860 to 3860
Pilou1909 folds
Hix calls 2860
*** FLOP *** [Qs 3h Td]
BEESHOOP28 bets 4290
Hix folds
BEESHOOP28 collected 12870 from pot
*** SUMMARY ***
Total pot 12870 | No rake
Board: [Qs 3h Td]
Seat 2: BEESHOOP28 (small blind) won 12870


Winamax Poker - Tournament "MYSTERY KO" buyIn: 1.80€ + 0.20€ level: 6 - HandId: #3173533287561822245-69-1706816604 - Holdem no limit (60/250/500) - 2024/02/01 19:43:24 UTC
Table: 'MYSTERY KO(738895798)#0036' 6-max (real money) Seat #2 is the button
Seat 1: Fabio Panini (17980)
Seat 2: BEESHOOP28 (33011)
Seat 3: Pilou1909 (52409)
Seat 4: TAgAS (12980)
Seat 5: P1xel7 (19060)
Seat 6: Hix (63999)
*** ANTE/BLINDS ***
Pilou1909 posts ante 60
TAgAS posts ante 60
Fabio Panini posts ante 60
BEESHOOP28 posts ante 60
P1xel7 posts ante 60
Hix posts ante 60
Pilou1909 posts small blind 250
TAgAS posts big blind 500
Dealt to P1xel7 [7h 6s]
*** PRE-FLOP *** 
P1xel7 folds
Hix raises 500 to 1000
Fabio Panini folds
BEESHOOP28 calls 1000
Pilou1909 folds
TAgAS calls 500
*** FLOP *** [Jh 3d Kh]
TAgAS checks
Hix bets 1264
BEESHOOP28 folds
TAgAS folds
Hix collected 4874 from pot
*** SUMMARY ***
Total pot 4874 | No rake
Board: [Jh 3d Kh]
Seat 6: Hix won 4874


Winamax Poker - Tournament "MYSTERY KO" buyIn: 1.80€ + 0.20€ level: 6 - HandId: #3173533287561822245-70-1706816678 - Holdem no limit (60/250/500) - 2024/02/01 19:44:38 UTC
Table: 'MYSTERY KO(738895798)#0036' 6-max (real money) Seat #3 is the button
Seat 1: Fabio Panini (17920)
Seat 2: BEESHOOP28 (31951)
Seat 3: Pilou1909 (52099)
Seat 4: TAgAS (11920)
Seat 5: P1xel7 (19000)
Seat 6: Hix (66549)
*** ANTE/BLINDS ***
TAgAS posts ante 60
P1xel7 posts ante 60
Fabio Panini posts ante 60
BEESHOOP28 posts ante 60
Pilou1909 posts ante 60
Hix posts ante 60
TAgAS posts small blind 250
P1xel7 posts big blind 500
Dealt to P1xel7 [8c Jh]
*** PRE-FLOP *** 
Hix folds
Fabio Panini raises 500 to 1000
BEESHOOP28 folds
Pilou1909 folds
TAgAS folds
P1xel7 folds
Fabio Panini collected 2110 from pot
*** SUMMARY ***
Total pot 2110 | No rake
Seat 1: Fabio Panini won 2110


Winamax Poker - Tournament "MYSTERY KO" buyIn: 1.80€ + 0.20€ level: 6 - HandId: #3173533287561822245-71-1706816701 - Holdem no limit (60/250/500) - 2024/02/01 19:45:01 UTC
Table: 'MYSTERY KO(738895798)#0036' 6-max (real money) Seat #4 is the button
Seat 1: Fabio Panini (18970)
Seat 2: BEESHOOP28 (31891)
Seat 3: Pilou1909 (52039)
Seat 4: TAgAS (11610)
Seat 5: P1xel7 (18440)
Seat 6: Hix (66489)
*** ANTE/BLINDS ***
P1xel7 posts ante 60
Hix posts ante 60
Fabio Panini posts ante 60
BEESHOOP28 posts ante 60
Pilou1909 posts ante 60
TAgAS posts ante 60
P1xel7 posts small blind 250
Hix posts big blind 500
Dealt to P1xel7 [2h 5d]
*** PRE-FLOP *** 
Fabio Panini folds
BEESHOOP28 raises 500 to 1000
Pilou1909 folds
TAgAS calls 1000
P1xel7 folds
Hix calls 500
*** FLOP *** [8d As 5h]
Hix checks
BEESHOOP28 bets 1805
TAgAS folds
Hix folds
BEESHOOP28 collected 5415 from pot
*** SUMMARY ***
Total pot 5415 | No rake
Board: [8d As 5h]
Seat 2: BEESHOOP28 won 5415


Winamax Poker - Tournament "MYSTERY KO" buyIn: 1.80€ + 0.20€ level: 6 - HandId: #3173533287561822245-72-1706816759 - Holdem no limit (60/250/500) - 2024/02/01 19:45:59 UTC
Table: 'MYSTERY KO(738895798)#0036' 6-max (real money) Seat #5 is the button
Seat 1: Fabio Panini (18910)
Seat 2: BEESHOOP28 (34441)
Seat 3: Pilou1909 (51979)
Seat 4: TAgAS (10550)
Seat 5: P1xel7 (18130)
Seat 6: Hix (65429)
*** ANTE/BLINDS ***
Hix posts ante 60
Fabio Panini posts ante 60
BEESHOOP28 posts ante 60
Pilou1909 posts ante 60
TAgAS posts ante 60
P1xel7 posts ante 60
Hix posts small blind 250
Fabio Panini posts big blind 500
Dealt to P1xel7 [Th Ac]
*** PRE-FLOP *** 
BEESHOOP28 folds
Pilou1909 folds
TAgAS folds
P1xel7 raises 750 to 1250
Hix folds
Fabio Panini calls 750
*** FLOP *** [3s 7d Ks]
Fabio Panini checks
P1xel7 bets 1089
Fabio Panini folds
P1xel7 collected 4199 from pot
*** SUMMARY ***
Total pot 4199 | No rake
Board: [3s 7d Ks]
Seat 5: P1xel7 (button) won 4199


Winamax Poker - Tournament "MYSTERY KO" buyIn: 1.80€ + 0.20€ level: 7 - HandId: #3173533287561822245-73-1706816835 - Holdem no limit (70/300/600) - 2024/02/01 19:47:15 UTC
Table: 'MYSTERY KO(738895798)#0036' 6-max (real money) Seat #6 is the button
Seat 1: Fabio Panini (17600)
Seat 2: BEESHOOP28 (34381)
Seat 3: Pilou1909 (51919)
Seat 4: TAgAS (10490)
Seat 5: P1xel7 (19930)
Seat 6: Hix (65119)
*** ANTE/BLINDS ***
Fabio Panini posts ante 70
BEESHOOP28 posts ante 70
Pilou1909 posts ante 70
TAgAS posts ante 70
P1xel7 posts ante 70
Hix posts ante 70
Fabio Panini posts small blind 300
BEESHOOP28 posts big blind 600
Dealt to P1xel7 [3d Qh]
*** PRE-FLOP *** 
Pilou1909 raises 900 to 1500
TAgAS folds
P1xel7 folds
Hix folds
Fabio Panini folds
BEESHOOP28 folds
Pilou1909 collected 2820 from pot
*** SUMMARY ***
Total pot 2820 | No rake
Seat 3: Pilou1909 won 2820


Winamax Poker - Tournament "MYSTERY KO" buyIn: 1.80€ + 0.20€ level: 7 - HandId: #3173533287561822245-74-1706816860 - Holdem no limit (70/300/600) - 2024/02/01 19:47:40 UTC
Table: 'MYSTERY KO(738895798)#0036' 6-max (real money) Seat #1 is the button
Seat 1: Fabio Panini (17230)
Seat 2: BEESHOOP28 (33711)
Seat 3: Pilou1909 (53169)
Seat 4: TAgAS (10420)
Seat 5: P1xel7 (19860)
Seat 6: Hix (65049)
*** ANTE/BLINDS ***
BEESHOOP28 posts ante 70
Pilou1909 posts ante 70
Fabio Panini posts ante 70
TAgAS posts ante 70
P1xel7 posts ante 70
Hix posts ante 70
BEESHOOP28 posts small blind 300
Pilou1909 posts big blind 600
Dealt to P1xel7 [2s Ac]
*** PRE-FLOP *** 
TAgAS raises 600 to 1200
P1xel7 folds
Hix folds
Fabio Panini folds
BEESHOOP28 calls 900
Pilou1909 folds
*** FLOP *** [Qd Tc 7d]
BEESHOOP28 bets 1710
TAgAS calls 1710
*** TURN *** [Qd Tc 7d][7h]
BEESHOOP28 bets 3420
TAgAS folds
BEESHOOP28 collected 10260 from pot
*** SUMMARY ***
Total pot 10260 | No rake
Board: [Qd Tc 7d 7h]
Seat 2: BEESHOOP28 (small blind) won 10260


Winamax Poker - Tournament "MYSTERY KO" buyIn: 1.80€ + 0.20€ level: 7 - HandId: #3173533287561822245-75-1706816918 - Holdem no limit (70/300/600) - 2024/02/01 19:48:38 UTC
Table: 'MYSTERY KO(738895798)#0036' 6-max (real money) Seat #2 is the button
Seat 1: Fabio Panini (17160)
Seat 2: BEESHOOP28 (37571)
Seat 3: Pilou1909 (52499)
Seat 4: TAgAS (7440)
Seat 5: P1xel7 (19790)
Seat 6: Hix (64979)
*** ANTE/BLINDS ***
Pilou1909 posts ante 70
TAgAS posts ante 70
Fabio Panini posts ante 70
BEESHOOP28 posts ante 70
P1xel7 posts ante 70
Hix posts ante 70
Pilou1909 posts small blind 300
TAgAS posts big blind 600
Dealt to P1xel7 [Qc 8s]
*** PRE-FLOP *** 
P1xel7 folds
Hix folds
Fabio Panini folds
BEESHOOP28 folds
Pilou1909 raises 51829 to 52429 and is all-in
TAgAS folds
Pilou1909 collected 53449 from pot
*** SUMMARY ***
Total pot 53449 | No rake
Seat 3: Pilou1909 (small blind) won 53449


Winamax Poker - Tournament "MYSTERY KO" buyIn: 1.80€ + 0.20€ level: 7 - HandId: #3173533287561822245-76-1706816949 - Holdem no limit (70/300/600) - 2024/02/01 19:49:09 UTC
Table: 'MYSTERY KO(738895798)#0036' 6-max (real money) Seat #3 is the button
Seat 1: Fabio Panini (17090)
Seat 2: BEESHOOP28 (37501)
Seat 3: Pilou1909 (53449)
Seat 4: TAgAS (6770)
Seat 5: P1xel7 (19720)
Seat 6: Hix (64909)
*** ANTE/BLINDS ***
TAgAS posts ante 70
P1xel7 posts ante 70
Fabio Panini posts ante 70
BEESHOOP28 posts ante 70
Pilou1909 posts ante 70
Hix posts ante 70
TAgAS posts small blind 300
P1xel7 posts big blind 600
Dealt to P1xel7 [Jc Qc]
*** PRE-FLOP *** 
Hix folds
Fabio Panini folds
BEESHOOP28 raises 600 to 1200
Pilou1909 calls 1200
TAgAS folds
P1xel7 calls 600
*** FLOP *** [Kc 9s 7d]
P1xel7 checks
BEESHOOP28 bets 2160
Pilou1909 folds
P1xel7 calls 2160
*** TURN *** [Kc 9s 7d][3s]
P1xel7 checks
BEESHOOP28 bets 4320
P1xel7 folds
BEESHOOP28 shows [Ah Ad] (One pair : Aces)
BEESHOOP28 collected 12960 from pot
*** SUMMARY ***
Total pot 12960 | No rake
Board: [Kc 9s 7d 3s]
Seat 2: BEESHOOP28 showed [Ah Ad] and won 12960 with One pair : Aces


Winamax Poker - Tournament "MYSTERY KO" buyIn: 1.80€ + 0.20€ level: 7 - HandId: #3173533287561822245-77-1706817007 - Holdem no limit (70/300/600) - 2024/02/01 19:50:07 UTC
Table: 'MYSTERY KO(738895798)#0036' 6-max (real money) Seat #4 is the button
Seat 1: Fabio Panini (17020)
Seat 2: BEESHOOP28 (42711)
Seat 3: Pilou1909 (52179)
Seat 4: TAgAS (6400)
Seat 5: P1xel7 (16290)
Seat 6: Hix (64839)
*** ANTE/BLINDS ***
P1xel7 posts ante 70
Hix posts ante 70
Fabio Panini posts ante 70
BEESHOOP28 posts ante 70
Pilou1909 posts ante 70
TAgAS posts ante 70
P1xel7 posts small blind 300
Hix posts big blind 600
Dealt to P1xel7 [Td Kc]
*** PRE-FLOP *** 
Fabio Panini folds
BEESHOOP28 folds
Pilou1909 folds
TAgAS folds
P1xel7 raises 720 to 1320
Hix calls 720
*** FLOP *** [7c Ts Qs]
P1xel7 bets 1071
Hix folds
P1xel7 collected 4131 from pot
*** SUMMARY ***
Total pot 4131 | No rake
Board: [7c Ts Qs]
Seat 5: P1xel7 (small blind) won 4131


Winamax Poker - Tournament "MYSTERY KO" buyIn: 1.80€ + 0.20€ level: 7 - HandId: #3173533287561822245-78-1706817039 - Holdem no limit (70/300/600) - 2024/02/01 19:50:39 UTC
Table: 'MYSTERY KO(738895798)#0036' 6-max (real money) Seat #5 is the button
Seat 1: Fabio Panini (16950)
Seat 2: BEESHOOP28 (42641)
Seat 3: Pilou1909 (52109)
Seat 4: TAgAS (6330)
Seat 5: P1xel7 (17960)
Seat 6: Hix (63449)
*** ANTE/BLINDS ***
Hix posts ante 70
Fabio Panini posts ante 70
BEESHOOP28 posts ante 70
Pilou1909 posts ante 70
TAgAS posts ante 70
P1xel7 posts ante 70
Hix posts small blind 300
Fabio Panini posts big blind 600
Dealt to P1xel7 [Kc 3c]
*** PRE-FLOP *** 
BEESHOOP28 folds
Pilou1909 folds
TAgAS folds
P1xel7 folds
Hix folds
Fabio Panini collected 1320 from pot
*** SUMMARY ***
Total pot 1320 | No rake
Seat 1: Fabio Panini (big blind) won 1320


Winamax Poker - Tournament "MYSTERY KO" buyIn: 1.80€ + 0.20€ level: 7 - HandId: #3173533287561822245-79-1706817066 - Holdem no limit (70/300/600) - 2024/02/01 19:51:06 UTC
Table: 'MYSTERY KO(738895798)#0036' 6-max (real money) Seat #6 is the button
Seat 1: Fabio Panini (17600)
Seat 2: BEESHOOP28 (42571)
Seat 3: Pilou1909 (52039)
Seat 4: TAgAS (6260)
Seat 5: P1xel7 (17890)
Seat 6: Hix (63079)
*** ANTE/BLINDS ***
Fabio Panini posts ante 70
BEESHOOP28 posts ante 70
Pilou1909 posts ante 70
TAgAS posts ante 70
P1xel7 posts ante 70
Hix posts ante 70
Fabio Panini posts small blind 300
BEESHOOP28 posts big blind 600
Dealt to P1xel7 [Jh 3h]
*** PRE-FLOP *** 
Pilou1909 raises 600 to 1200
TAgAS folds
P1xel7 folds
Hix raises 2400 to 3600
Fabio Panini folds
BEESHOOP28 folds
Pilou1909 folds
Hix collected 6120 from pot
*** SUMMARY ***
Total pot 6120 | No rake
Seat 6: Hix (button) won 6120


Winamax Poker - Tournament "MYSTERY KO" buyIn: 1.80€ + 0.20€ level: 7 - HandId: #3173533287561822245-80-1706817094 - Holdem no limit (70/300/600) - 2024/02/01 19:51:34 UTC
Table: 'MYSTERY KO(738895798)#0036' 6-max (real money) Seat #1 is the button
Seat 1: Fabio Panini (17230)
Seat 2: BEESHOOP28 (41901)
Seat 3: Pilou1909 (50769)
Seat 4: TAgAS (6190)
Seat 5: P1xel7 (17820)
Seat 6: Hix (65529)
*** ANTE/BLINDS ***
BEESHOOP28 posts ante 70
Pilou1909 posts ante 70
Fabio Panini posts ante 70
TAgAS posts ante 70
P1xel7 posts ante 70
Hix posts ante 70
BEESHOOP28 posts small blind 300
Pilou1909 posts big blind 600
Dealt to P1xel7 [7h 4s]
*** PRE-FLOP *** 
TAgAS folds
P1xel7 folds
Hix folds
Fabio Panini raises 600 to 1200
BEESHOOP28 calls 900
Pilou1909 calls 600
*** FLOP *** [Kh 3c Ad]
BEESHOOP28 bets 2010
Pilou1909 folds
Fabio Panini folds
BEESHOOP28 collected 6030 from pot
*** SUMMARY ***
Total pot 6030 | No rake
Board: [Kh 3c Ad]
Seat 2: BEESHOOP28 (small blind) won 6030


Winamax Poker - Tournament "MYSTERY KO" buyIn: 1.80€ + 0.20€ level: 7 - HandId: #3173533287561822245-81-1706817123 - Holdem no limit (70/300/600) - 2024/02/01 19:52:03 UTC
Table: 'MYSTERY KO(738895798)#0036' 6-max (real money) Seat #2 is the button
Seat 1: Fabio Panini (15960)
Seat 2: BEESHOOP28 (44651)
Seat 3: Pilou1909 (49499)
Seat 4: TAgAS (6120)
Seat 5: P1xel7 (17750)
Seat 6: Hix (65459)
*** ANTE/BLINDS ***
Pilou1909 posts ante 70
TAgAS posts ante 70
Fabio Panini posts ante 70
BEESHOOP28 posts ante 70
P1xel7 posts ante 70
Hix posts ante 70
Pilou1909 posts small blind 300
TAgAS posts big blind 600
Dealt to P1xel7 [8c Th]
*** PRE-FLOP *** 
P1xel7 folds
Hix folds
Fabio Panini raises 600 to 1200
BEESHOOP28 folds
Pilou1909 folds
TAgAS folds
Fabio Panini collected 2520 from pot
*** SUMMARY ***
Total pot 2520 | No rake
Seat 1: Fabio Panini won 2520


Winamax Poker - Tournament "MYSTERY KO" buyIn: 1.80€ + 0.20€ level: 7 - HandId: #3173533287561822245-82-1706817135 - Holdem no limit (70/300/600) - 2024/02/01 19:52:15 UTC
Table: 'MYSTERY KO(738895798)#0036' 6-max (real money) Seat #3 is the button
Seat 1: Fabio Panini (17210)
Seat 2: BEESHOOP28 (44581)
Seat 3: Pilou1909 (49129)
Seat 4: TAgAS (5450)
Seat 5: P1xel7 (17680)
Seat 6: Hix (65389)
*** ANTE/BLINDS ***
TAgAS posts ante 70
P1xel7 posts ante 70
Fabio Panini posts ante 70
BEESHOOP28 posts ante 70
Pilou1909 posts ante 70
Hix posts ante 70
TAgAS posts small blind 300
P1xel7 posts big blind 600
Dealt to P1xel7 [Qd Ac]
*** PRE-FLOP *** 
Hix folds
Fabio Panini folds
BEESHOOP28 folds
Pilou1909 folds
TAgAS folds
P1xel7 collected 1320 from pot
*** SUMMARY ***
Total pot 1320 | No rake
Seat 5: P1xel7 (big blind) won 1320


Winamax Poker - Tournament "MYSTERY KO" buyIn: 1.80€ + 0.20€ level: 7 - HandId: #3173533287561822245-83-1706817159 - Holdem no limit (70/300/600) - 2024/02/01 19:52:39 UTC
Table: 'MYSTERY KO(738895798)#0036' 6-max (real money) Seat #4 is the button
Seat 1: Fabio Panini (17140)
Seat 2: BEESHOOP28 (44511)
Seat 3: Pilou1909 (49059)
Seat 4: TAgAS (5080)
Seat 5: P1xel7 (18330)
Seat 6: Hix (65319)
*** ANTE/BLINDS ***
P1xel7 posts ante 70
Hix posts ante 70
Fabio Panini posts ante 70
BEESHOOP28 posts ante 70
Pilou1909 posts ante 70
TAgAS posts ante 70
P1xel7 posts small blind 300
Hix posts big blind 600
Dealt to P1xel7 [Td 9s]
*** PRE-FLOP *** 
Fabio Panini raises 600 to 1200
BEESHOOP28 calls 1200
Pilou1909 folds
TAgAS folds
P1xel7 folds
Hix calls 600
*** FLOP *** [4c Ts Qs]
Hix checks
Fabio Panini bets 1512
BEESHOOP28 raises 1512 to 3024
Hix folds
Fabio Panini calls 1512
*** TURN *** [4c Ts Qs][Ad]
Fabio Panini checks
BEESHOOP28 checks
*** RIVER *** [4c Ts Qs Ad][5s]
Fabio Panini bets 3629
BEESHOOP28 folds
Fabio Panini collected 13997 from pot
*** SUMMARY ***
Total pot 13997 | No rake
Board: [4c Ts Qs Ad 5s]
Seat 1: Fabio Panini won 13997


Winamax Poker - Tournament "MYSTERY KO" buyIn: 1.80€ + 0.20€ level: 8 - HandId: #3173533287561822245-84-1706817222 - Holdem no limit (80/350/700) - 2024/02/01 19:53:42 UTC
Table: 'MYSTERY KO(738895798)#0036' 6-max (real money) Seat #5 is the button
Seat 1: Fabio Panini (23214)
Seat 2: BEESHOOP28 (40217)
Seat 3: Pilou1909 (48989)
Seat 4: TAgAS (5010)
Seat 5: P1xel7 (17960)
Seat 6: Hix (64049)
*** ANTE/BLINDS ***
Hix posts ante 80
Fabio Panini posts ante 80
BEESHOOP28 posts ante 80
Pilou1909 posts ante 80
TAgAS posts ante 80
P1xel7 posts ante 80
Hix posts small blind 350
Fabio Panini posts big blind 700
Dealt to P1xel7 [2s 6s]
*** PRE-FLOP *** 
BEESHOOP28 calls 700
Pilou1909 folds
TAgAS folds
P1xel7 folds
Hix folds
Fabio Panini checks
*** FLOP *** [Th 3h 8d]
Fabio Panini checks
BEESHOOP28 bets 1115
Fabio Panini folds
BEESHOOP28 collected 3345 from pot
*** SUMMARY ***
Total pot 3345 | No rake
Board: [Th 3h 8d]
Seat 2: BEESHOOP28 won 3345


Winamax Poker - Tournament "MYSTERY KO" buyIn: 1.80€ + 0.20€ level: 8 - HandId: #3173533287561822245-85-1706817259 - Holdem no limit (80/350/700) - 2024/02/01 19:54:19 UTC
Table: 'MYSTERY KO(738895798)#0036' 6-max (real money) Seat #6 is the button
Seat 1: Fabio Panini (22434)
Seat 2: BEESHOOP28 (41667)
Seat 3: Pilou1909 (48909)
Seat 4: TAgAS (4930)
Seat 5: P1xel7 (17880)
Seat 6: Hix (63619)
*** ANTE/BLINDS ***
Fabio Panini posts ante 80
BEESHOOP28 posts ante 80
Pilou1909 posts ante 80
TAgAS posts ante 80
P1xel7 posts ante 80
Hix posts ante 80
Fabio Panini posts small blind 350
BEESHOOP28 posts big blind 700
Dealt to P1xel7 [Qh 3s]
*** PRE-FLOP *** 
Pilou1909 folds
TAgAS folds
P1xel7 folds
Hix raises 700 to 1400
Fabio Panini folds
BEESHOOP28 calls 700
*** FLOP *** [9h 7c 8d]
BEESHOOP28 bets 1815
Hix raises 2723 to 4538
BEESHOOP28 calls 2723
*** TURN *** [9h 7c 8d][6s]
BEESHOOP28 bets 6353
Hix calls 6353
*** RIVER *** [9h 7c 8d 6s][Tc]
BEESHOOP28 bets 12706
Hix calls 12706
*** SHOW DOWN ***
BEESHOOP28 shows [6d 7s] (Straight Ten high)
Hix shows [9d 7d] (Straight Ten high)
Hix collected 25412 from pot
BEESHOOP28 collected 25412 from pot
*** SUMMARY ***
Total pot 50824 | No rake
Board: [9h 7c 8d 6s Tc]
Seat 2: BEESHOOP28 (big blind) showed [6d 7s] and won 25412 with Straight Ten high
Seat 6: Hix (button) showed [9d 7d] and won 25412 with Straight Ten high


Winamax Poker - Tournament "MYSTERY KO" buyIn: 1.80€ + 0.20€ level: 8 - HandId: #3173533287561822245-86-1706817660 - Holdem no limit (80/350/700) - 2024/02/01 20:01:00 UTC
Table: 'MYSTERY KO(738895798)#0036' 6-max (real money) Seat #1 is the button
Seat 1: Fabio Panini (22004)
Seat 2: BEESHOOP28 (42002)
Seat 3: Pilou1909 (48829)
Seat 4: TAgAS (4850)
Seat 5: P1xel7 (17800)
Seat 6: Hix (63954)
*** ANTE/BLINDS ***
BEESHOOP28 posts ante 80
Pilou1909 posts ante 80
Fabio Panini posts ante 80
TAgAS posts ante 80
P1xel7 posts ante 80
Hix posts ante 80
BEESHOOP28 posts small blind 350
Pilou1909 posts big blind 700
Dealt to P1xel7 [Qc Th]
*** PRE-FLOP *** 
TAgAS folds
P1xel7 raises 700 to 1400
Hix raises 4330 to 5730
Fabio Panini folds
BEESHOOP28 folds
Pilou1909 folds
P1xel7 folds
Hix collected 8660 from pot
*** SUMMARY ***
Total pot 8660 | No rake
Seat 6: Hix won 8660


Winamax Poker - Tournament "MYSTERY KO" buyIn: 1.80€ + 0.20€ level: 8 - HandId: #3173533287561822245-87-1706817716 - Holdem no limit (80/350/700) - 2024/02/01 20:01:56 UTC
Table: 'MYSTERY KO(738895798)#0036' 6-max (real money) Seat #2 is the button
Seat 1: Fabio Panini (21924)
Seat 2: BEESHOOP28 (41572)
Seat 3: Pilou1909 (48049)
Seat 4: TAgAS (4770)
Seat 5: P1xel7 (16320)
Seat 6: Hix (66804)
*** ANTE/BLINDS ***
Pilou1909 posts ante 80
TAgAS posts ante 80
Fabio Panini posts ante 80
BEESHOOP28 posts ante 80
P1xel7 posts ante 80
Hix posts ante 80
Pilou1909 posts small blind 350
TAgAS posts big blind 700
Dealt to P1xel7 [7s 2c]
*** PRE-FLOP *** 
P1xel7 folds
Hix folds
Fabio Panini raises 700 to 1400
BEESHOOP28 folds
Pilou1909 folds
TAgAS raises 3290 to 4690 and is all-in
Fabio Panini calls 3290
*** FLOP *** [2s Ts 5s]
*** TURN *** [2s Ts 5s][Qh]
*** RIVER *** [2s Ts 5s Qh][2h]
*** SHOW DOWN ***
Fabio Panini shows [Js Ah] (One pair : 2)
TAgAS shows [3d 3c] (Two pairs : 3 and 2)
TAgAS collected 10210 from pot
*** SUMMARY ***
Total pot 10210 | No rake
Board: [2s Ts 5s Qh 2h]
Seat 1: Fabio Panini showed [Js Ah] and lost with One pair : 2
Seat 4: TAgAS (big blind) showed [3d 3c] and won 10210 with Two pairs : 3 and 2


Winamax Poker - Tournament "MYSTERY KO" buyIn: 1.80€ + 0.20€ level: 8 - HandId: #3173533287561822245-88-1706817754 - Holdem no limit (80/350/700) - 2024/02/01 20:02:34 UTC
Table: 'MYSTERY KO(738895798)#0036' 6-max (real money) Seat #3 is the button
Seat 1: Fabio Panini (17154)
Seat 2: BEESHOOP28 (41492)
Seat 3: Pilou1909 (47619)
Seat 4: TAgAS (10210)
Seat 5: P1xel7 (16240)
Seat 6: Hix (66724)
*** ANTE/BLINDS ***
TAgAS posts ante 80
P1xel7 posts ante 80
Fabio Panini posts ante 80
BEESHOOP28 posts ante 80
Pilou1909 posts ante 80
Hix posts ante 80
TAgAS posts small blind 350
P1xel7 posts big blind 700
Dealt to P1xel7 [2d 7d]
*** PRE-FLOP *** 
Hix folds
Fabio Panini folds
BEESHOOP28 folds
Pilou1909 folds
TAgAS raises 9430 to 10130 and is all-in
P1xel7 folds
TAgAS collected 11310 from pot
*** SUMMARY ***
Total pot 11310 | No rake
Seat 4: TAgAS (small blind) won 11310


Winamax Poker - Tournament "MYSTERY KO" buyIn: 1.80€ + 0.20€ level: 8 - HandId: #3173533287561822245-89-1706817772 - Holdem no limit (80/350/700) - 2024/02/01 20:02:52 UTC
Table: 'MYSTERY KO(738895798)#0036' 6-max (real money) Seat #4 is the button
Seat 1: Fabio Panini (17074)
Seat 2: BEESHOOP28 (41412)
Seat 3: Pilou1909 (47539)
Seat 4: TAgAS (11310)
Seat 5: P1xel7 (15460)
Seat 6: Hix (66644)
*** ANTE/BLINDS ***
P1xel7 posts ante 80
Hix posts ante 80
Fabio Panini posts ante 80
BEESHOOP28 posts ante 80
Pilou1909 posts ante 80
TAgAS posts ante 80
P1xel7 posts small blind 350
Hix posts big blind 700
Dealt to P1xel7 [7d Kd]
*** PRE-FLOP *** 
Fabio Panini folds
BEESHOOP28 calls 700
Pilou1909 folds
TAgAS folds
P1xel7 raises 2800 to 3500
Hix folds
BEESHOOP28 folds
P1xel7 collected 5380 from pot
*** SUMMARY ***
Total pot 5380 | No rake
Seat 5: P1xel7 (small blind) won 5380


Winamax Poker - Tournament "MYSTERY KO" buyIn: 1.80€ + 0.20€ level: 8 - HandId: #3173533287561822245-90-1706817822 - Holdem no limit (80/350/700) - 2024/02/01 20:03:42 UTC
Table: 'MYSTERY KO(738895798)#0036' 6-max (real money) Seat #5 is the button
Seat 1: Fabio Panini (16994)
Seat 2: BEESHOOP28 (40632)
Seat 3: Pilou1909 (47459)
Seat 4: TAgAS (11230)
Seat 5: P1xel7 (17260)
Seat 6: Hix (65864)
*** ANTE/BLINDS ***
Hix posts ante 80
Fabio Panini posts ante 80
BEESHOOP28 posts ante 80
Pilou1909 posts ante 80
TAgAS posts ante 80
P1xel7 posts ante 80
Hix posts small blind 350
Fabio Panini posts big blind 700
Dealt to P1xel7 [Qs 9c]
*** PRE-FLOP *** 
BEESHOOP28 raises 700 to 1400
Pilou1909 folds
TAgAS folds
P1xel7 folds
Hix folds
Fabio Panini folds
BEESHOOP28 collected 2930 from pot
*** SUMMARY ***
Total pot 2930 | No rake
Seat 2: BEESHOOP28 won 2930


Winamax Poker - Tournament "MYSTERY KO" buyIn: 1.80€ + 0.20€ level: 8 - HandId: #3173533287561822245-91-1706817858 - Holdem no limit (80/350/700) - 2024/02/01 20:04:18 UTC
Table: 'MYSTERY KO(738895798)#0036' 6-max (real money) Seat #6 is the button
Seat 1: Fabio Panini (16214)
Seat 2: BEESHOOP28 (42082)
Seat 3: Pilou1909 (47379)
Seat 4: TAgAS (11150)
Seat 5: P1xel7 (17180)
Seat 6: Hix (65434)
*** ANTE/BLINDS ***
Fabio Panini posts ante 80
BEESHOOP28 posts ante 80
Pilou1909 posts ante 80
TAgAS posts ante 80
P1xel7 posts ante 80
Hix posts ante 80
Fabio Panini posts small blind 350
BEESHOOP28 posts big blind 700
Dealt to P1xel7 [Jc Ah]
*** PRE-FLOP *** 
Pilou1909 folds
TAgAS raises 700 to 1400
P1xel7 raises 15700 to 17100 and is all-in
Hix folds
Fabio Panini folds
BEESHOOP28 folds
TAgAS folds
P1xel7 collected 20030 from pot
*** SUMMARY ***
Total pot 20030 | No rake
Seat 5: P1xel7 won 20030


Winamax Poker - Tournament "MYSTERY KO" buyIn: 1.80€ + 0.20€ level: 8 - HandId: #3173533287561822245-92-1706817884 - Holdem no limit (80/350/700) - 2024/02/01 20:04:44 UTC
Table: 'MYSTERY KO(738895798)#0036' 6-max (real money) Seat #1 is the button
Seat 1: Fabio Panini (15784)
Seat 2: BEESHOOP28 (41302)
Seat 3: Pilou1909 (47299)
Seat 4: TAgAS (9670)
Seat 5: P1xel7 (20030)
Seat 6: Hix (65354)
*** ANTE/BLINDS ***
BEESHOOP28 posts ante 80
Pilou1909 posts ante 80
Fabio Panini posts ante 80
TAgAS posts ante 80
P1xel7 posts ante 80
Hix posts ante 80
BEESHOOP28 posts small blind 350
Pilou1909 posts big blind 700
Dealt to P1xel7 [Ks Kd]
*** PRE-FLOP *** 
TAgAS folds
P1xel7 raises 700 to 1400
Hix folds
Fabio Panini folds
BEESHOOP28 calls 1050
Pilou1909 calls 700
*** FLOP *** [Qs 5d Jc]
BEESHOOP28 bets 2340
Pilou1909 calls 2340
P1xel7 raises 4680 to 7020
BEESHOOP28 folds
Pilou1909 folds
P1xel7 collected 16380 from pot
*** SUMMARY ***
Total pot 16380 | No rake
Board: [Qs 5d Jc]
Seat 5: P1xel7 won 16380


Winamax Poker - Tournament "MYSTERY KO" buyIn: 1.80€ + 0.20€ level: 8 - HandId: #3173533287561822245-93-1706817955 - Holdem no limit (80/350/700) - 2024/02/01 20:05:55 UTC
Table: 'MYSTERY KO(738895798)#0036' 6-max (real money) Seat #2 is the button
Seat 1: Fabio Panini (15704)
Seat 2: BEESHOOP28 (37482)
Seat 3: Pilou1909 (43479)
Seat 4: TAgAS (9590)
Seat 5: P1xel7 (27910)
Seat 6: Hix (65274)
*** ANTE/BLINDS ***
Pilou1909 posts ante 80
TAgAS posts ante 80
Fabio Panini posts ante 80
BEESHOOP28 posts ante 80
P1xel7 posts ante 80
Hix posts ante 80
Pilou1909 posts small blind 350
TAgAS posts big blind 700
Dealt to P1xel7 [4c Qd]
*** PRE-FLOP *** 
P1xel7 folds
Hix folds
Fabio Panini raises 700 to 1400
BEESHOOP28 folds
Pilou1909 calls 1050
TAgAS folds
*** FLOP *** [Jc 5s Jh]
Pilou1909 checks
Fabio Panini checks
*** TURN *** [Jc 5s Jh][8c]
Pilou1909 checks
Fabio Panini checks
*** RIVER *** [Jc 5s Jh 8c][5c]
Pilou1909 checks
Fabio Panini checks
*** SHOW DOWN ***
Pilou1909 shows [3d 3c] (Two pairs : Jacks and 5)
Fabio Panini shows [Ks Td] (Two pairs : Jacks and 5)
Fabio Panini collected 3980 from pot
*** SUMMARY ***
Total pot 3980 | No rake
Board: [Jc 5s Jh 8c 5c]
Seat 1: Fabio Panini showed [Ks Td] and won 3980 with Two pairs : Jacks and 5
Seat 3: Pilou1909 (small blind) showed [3d 3c] and lost with Two pairs : Jacks and 5


Winamax Poker - Tournament "MYSTERY KO" buyIn: 1.80€ + 0.20€ level: 9 - HandId: #3173533287561822245-94-1706817994 - Holdem no limit (100/400/800) - 2024/02/01 20:06:34 UTC
Table: 'MYSTERY KO(738895798)#0036' 6-max (real money) Seat #3 is the button
Seat 1: Fabio Panini (18204)
Seat 2: BEESHOOP28 (37402)
Seat 3: Pilou1909 (41999)
Seat 4: TAgAS (8810)
Seat 5: P1xel7 (27830)
Seat 6: Hix (65194)
*** ANTE/BLINDS ***
TAgAS posts ante 100
P1xel7 posts ante 100
Fabio Panini posts ante 100
BEESHOOP28 posts ante 100
Pilou1909 posts ante 100
Hix posts ante 100
TAgAS posts small blind 400
P1xel7 posts big blind 800
Dealt to P1xel7 [Js Ac]
*** PRE-FLOP *** 
Hix raises 800 to 1600
Fabio Panini folds
BEESHOOP28 folds
Pilou1909 folds
TAgAS calls 1200
P1xel7 calls 800
*** FLOP *** [Ah Jc Ks]
TAgAS checks
P1xel7 checks
Hix bets 1890
TAgAS calls 1890
P1xel7 raises 2646 to 4536
Hix folds
TAgAS folds
P1xel7 collected 13716 from pot
*** SUMMARY ***
Total pot 13716 | No rake
Board: [Ah Jc Ks]
Seat 5: P1xel7 (big blind) won 13716


Winamax Poker - Tournament "MYSTERY KO" buyIn: 1.80€ + 0.20€ level: 9 - HandId: #3173533287561822245-95-1706818050 - Holdem no limit (100/400/800) - 2024/02/01 20:07:30 UTC
Table: 'MYSTERY KO(738895798)#0036' 6-max (real money) Seat #4 is the button
Seat 1: Fabio Panini (18104)
Seat 2: BEESHOOP28 (37302)
Seat 3: Pilou1909 (41899)
Seat 4: TAgAS (5220)
Seat 5: P1xel7 (35310)
Seat 6: Hix (61604)
*** ANTE/BLINDS ***
P1xel7 posts ante 100
Hix posts ante 100
Fabio Panini posts ante 100
BEESHOOP28 posts ante 100
Pilou1909 posts ante 100
TAgAS posts ante 100
P1xel7 posts small blind 400
Hix posts big blind 800
Dealt to P1xel7 [Kd 5d]
*** PRE-FLOP *** 
Fabio Panini folds
BEESHOOP28 raises 800 to 1600
Pilou1909 raises 4000 to 5600
TAgAS folds
P1xel7 folds
Hix folds
BEESHOOP28 calls 4000
*** FLOP *** [6d 5h 8c]
BEESHOOP28 checks
Pilou1909 bets 3250
BEESHOOP28 raises 8125 to 11375
Pilou1909 calls 8125
*** TURN *** [6d 5h 8c][Jd]
BEESHOOP28 bets 20227 and is all-in
Pilou1909 calls 20227
*** RIVER *** [6d 5h 8c Jd][Jh]
*** SHOW DOWN ***
Pilou1909 shows [Ah Ad] (Two pairs : Aces and Jacks)
BEESHOOP28 shows [Qs Js] (Trips of Jacks)
BEESHOOP28 collected 76204 from pot
*** SUMMARY ***
Total pot 76204 | No rake
Board: [6d 5h 8c Jd Jh]
Seat 2: BEESHOOP28 showed [Qs Js] and won 76204 with Trips of Jacks
Seat 3: Pilou1909 showed [Ah Ad] and lost with Two pairs : Aces and Jacks


Winamax Poker - Tournament "MYSTERY KO" buyIn: 1.80€ + 0.20€ level: 9 - HandId: #3173533287561822245-96-1706818104 - Holdem no limit (100/400/800) - 2024/02/01 20:08:24 UTC
Table: 'MYSTERY KO(738895798)#0036' 6-max (real money) Seat #5 is the button
Seat 1: Fabio Panini (18004)
Seat 2: BEESHOOP28 (76204)
Seat 3: Pilou1909 (4597)
Seat 4: TAgAS (5120)
Seat 5: P1xel7 (34810)
Seat 6: Hix (60704)
*** ANTE/BLINDS ***
Hix posts ante 100
Fabio Panini posts ante 100
BEESHOOP28 posts ante 100
Pilou1909 posts ante 100
TAgAS posts ante 100
P1xel7 posts ante 100
Hix posts small blind 400
Fabio Panini posts big blind 800
Dealt to P1xel7 [8h Ac]
*** PRE-FLOP *** 
BEESHOOP28 raises 800 to 1600
Pilou1909 folds
TAgAS folds
P1xel7 folds
Hix raises 3200 to 4800
Fabio Panini folds
BEESHOOP28 calls 3200
*** FLOP *** [8d 3s 8c]
Hix bets 7150
BEESHOOP28 folds
Hix collected 18150 from pot
*** SUMMARY ***
Total pot 18150 | No rake
Board: [8d 3s 8c]
Seat 6: Hix (small blind) won 18150


Winamax Poker - Tournament "MYSTERY KO" buyIn: 1.80€ + 0.20€ level: 9 - HandId: #3173533287561822245-97-1706818138 - Holdem no limit (100/400/800) - 2024/02/01 20:08:58 UTC
Table: 'MYSTERY KO(738895798)#0036' 6-max (real money) Seat #6 is the button
Seat 1: Fabio Panini (17104)
Seat 2: BEESHOOP28 (71304)
Seat 3: Pilou1909 (4497)
Seat 4: TAgAS (5020)
Seat 5: P1xel7 (34710)
Seat 6: Hix (66804)
*** ANTE/BLINDS ***
Fabio Panini posts ante 100
BEESHOOP28 posts ante 100
Pilou1909 posts ante 100
TAgAS posts ante 100
P1xel7 posts ante 100
Hix posts ante 100
Fabio Panini posts small blind 400
BEESHOOP28 posts big blind 800
Dealt to P1xel7 [6c 5d]
*** PRE-FLOP *** 
Pilou1909 folds
TAgAS folds
P1xel7 folds
Hix raises 800 to 1600
Fabio Panini folds
BEESHOOP28 folds
Hix collected 3400 from pot
*** SUMMARY ***
Total pot 3400 | No rake
Seat 6: Hix (button) won 3400


Winamax Poker - Tournament "MYSTERY KO" buyIn: 1.80€ + 0.20€ level: 9 - HandId: #3173533287561822245-98-1706818162 - Holdem no limit (100/400/800) - 2024/02/01 20:09:22 UTC
Table: 'MYSTERY KO(738895798)#0036' 6-max (real money) Seat #1 is the button
Seat 1: Fabio Panini (16604)
Seat 2: BEESHOOP28 (70404)
Seat 3: Pilou1909 (4397)
Seat 4: TAgAS (4920)
Seat 5: P1xel7 (34610)
Seat 6: Hix (68504)
*** ANTE/BLINDS ***
BEESHOOP28 posts ante 100
Pilou1909 posts ante 100
Fabio Panini posts ante 100
TAgAS posts ante 100
P1xel7 posts ante 100
Hix posts ante 100
BEESHOOP28 posts small blind 400
Pilou1909 posts big blind 800
Dealt to P1xel7 [Qc Kd]
*** PRE-FLOP *** 
TAgAS raises 4020 to 4820 and is all-in
P1xel7 folds
Hix folds
Fabio Panini folds
BEESHOOP28 calls 4420
Pilou1909 folds
*** FLOP *** [8c Jh Qh]
*** TURN *** [8c Jh Qh][9c]
*** RIVER *** [8c Jh Qh 9c][Qs]
*** SHOW DOWN ***
BEESHOOP28 shows [Ac 5d] (One pair : Queens)
TAgAS shows [Ad 9h] (Two pairs : Queens and 9)
TAgAS collected 11040 from pot
*** SUMMARY ***
Total pot 11040 | No rake
Board: [8c Jh Qh 9c Qs]
Seat 2: BEESHOOP28 (small blind) showed [Ac 5d] and lost with One pair : Queens
Seat 4: TAgAS showed [Ad 9h] and won 11040 with Two pairs : Queens and 9


Winamax Poker - Tournament "MYSTERY KO" buyIn: 1.80€ + 0.20€ level: 9 - HandId: #3173533287561822245-99-1706818192 - Holdem no limit (100/400/800) - 2024/02/01 20:09:52 UTC
Table: 'MYSTERY KO(738895798)#0036' 6-max (real money) Seat #2 is the button
Seat 1: Fabio Panini (16504)
Seat 2: BEESHOOP28 (65484)
Seat 3: Pilou1909 (3497)
Seat 4: TAgAS (11040)
Seat 5: P1xel7 (34510)
Seat 6: Hix (68404)
*** ANTE/BLINDS ***
Pilou1909 posts ante 100
TAgAS posts ante 100
Fabio Panini posts ante 100
BEESHOOP28 posts ante 100
P1xel7 posts ante 100
Hix posts ante 100
Pilou1909 posts small blind 400
TAgAS posts big blind 800
Dealt to P1xel7 [3d 6c]
*** PRE-FLOP *** 
P1xel7 folds
Hix raises 1200 to 2000
Fabio Panini folds
BEESHOOP28 raises 5800 to 7800
Pilou1909 folds
TAgAS folds
Hix raises 60504 to 68304 and is all-in
BEESHOOP28 folds
Hix collected 77904 from pot
*** SUMMARY ***
Total pot 77904 | No rake
Seat 6: Hix won 77904


Winamax Poker - Tournament "MYSTERY KO" buyIn: 1.80€ + 0.20€ level: 9 - HandId: #3173533287561822245-100-1706818240 - Holdem no limit (100/400/800) - 2024/02/01 20:10:40 UTC
Table: 'MYSTERY KO(738895798)#0036' 6-max (real money) Seat #3 is the button
Seat 1: Fabio Panini (16404)
Seat 2: BEESHOOP28 (57584)
Seat 3: Pilou1909 (2997)
Seat 4: TAgAS (10140)
Seat 5: P1xel7 (34410)
Seat 6: Hix (77904)
*** ANTE/BLINDS ***
TAgAS posts ante 100
P1xel7 posts ante 100
Fabio Panini posts ante 100
BEESHOOP28 posts ante 100
Pilou1909 posts ante 100
Hix posts ante 100
TAgAS posts small blind 400
P1xel7 posts big blind 800
Dealt to P1xel7 [Ad Jh]
*** PRE-FLOP *** 
Hix folds
Fabio Panini folds
BEESHOOP28 folds
Pilou1909 folds
TAgAS folds
P1xel7 collected 1800 from pot
*** SUMMARY ***
Total pot 1800 | No rake
Seat 5: P1xel7 (big blind) won 1800


Winamax Poker - Tournament "MYSTERY KO" buyIn: 1.80€ + 0.20€ level: 9 - HandId: #3173533287561822245-101-1706818261 - Holdem no limit (100/400/800) - 2024/02/01 20:11:01 UTC
Table: 'MYSTERY KO(738895798)#0036' 6-max (real money) Seat #4 is the button
Seat 1: Fabio Panini (16304)
Seat 2: BEESHOOP28 (57484)
Seat 3: Pilou1909 (2897)
Seat 4: TAgAS (9640)
Seat 5: P1xel7 (35310)
Seat 6: Hix (77804)
*** ANTE/BLINDS ***
P1xel7 posts ante 100
Hix posts ante 100
Fabio Panini posts ante 100
BEESHOOP28 posts ante 100
Pilou1909 posts ante 100
TAgAS posts ante 100
P1xel7 posts small blind 400
Hix posts big blind 800
Dealt to P1xel7 [Qh Qc]
*** PRE-FLOP *** 
Fabio Panini folds
BEESHOOP28 raises 800 to 1600
Pilou1909 folds
TAgAS folds
P1xel7 raises 4600 to 6200
Hix folds
BEESHOOP28 calls 4600
*** FLOP *** [9d 2d Jc]
P1xel7 bets 6900
BEESHOOP28 calls 6900
*** TURN *** [9d 2d Jc][4d]
P1xel7 bets 9660
BEESHOOP28 raises 18630 to 28290
P1xel7 calls 12450 and is all-in
*** RIVER *** [9d 2d Jc 4d][4s]
*** SHOW DOWN ***
BEESHOOP28 shows [Js Ah] (Two pairs : Jacks and 4)
P1xel7 shows [Qh Qc] (Two pairs : Queens and 4)
P1xel7 collected 71820 from main pot
BEESHOOP28 collected 6180 from side pot 1
*** SUMMARY ***
Total pot 78000 | No rake
Board: [9d 2d Jc 4d 4s]
Seat 2: BEESHOOP28 showed [Js Ah] and won 6180 with Two pairs : Jacks and 4
Seat 5: P1xel7 (small blind) showed [Qh Qc] and won 71820 with Two pairs : Queens and 4


Winamax Poker - Tournament "MYSTERY KO" buyIn: 1.80€ + 0.20€ level: 9 - HandId: #3173533287561822245-102-1706818310 - Holdem no limit (100/400/800) - 2024/02/01 20:11:50 UTC
Table: 'MYSTERY KO(738895798)#0036' 6-max (real money) Seat #5 is the button
Seat 1: Fabio Panini (16204)
Seat 2: BEESHOOP28 (22174)
Seat 3: Pilou1909 (2797)
Seat 4: TAgAS (9540)
Seat 5: P1xel7 (71820)
Seat 6: Hix (76904)
*** ANTE/BLINDS ***
Hix posts ante 100
Fabio Panini posts ante 100
BEESHOOP28 posts ante 100
Pilou1909 posts ante 100
TAgAS posts ante 100
P1xel7 posts ante 100
Hix posts small blind 400
Fabio Panini posts big blind 800
Dealt to P1xel7 [6h Td]
*** PRE-FLOP *** 
BEESHOOP28 folds
Pilou1909 folds
TAgAS folds
P1xel7 folds
Hix calls 400
Fabio Panini raises 15304 to 16104 and is all-in
Hix folds
Fabio Panini collected 17504 from pot
*** SUMMARY ***
Total pot 17504 | No rake
Seat 1: Fabio Panini (big blind) won 17504


Winamax Poker - Tournament "MYSTERY KO" buyIn: 1.80€ + 0.20€ level: 9 - HandId: #3173533287561822245-103-1706818336 - Holdem no limit (100/400/800) - 2024/02/01 20:12:16 UTC
Table: 'MYSTERY KO(738895798)#0036' 6-max (real money) Seat #6 is the button
Seat 1: Fabio Panini (17504)
Seat 2: BEESHOOP28 (22074)
Seat 3: Pilou1909 (2697)
Seat 4: TAgAS (9440)
Seat 5: P1xel7 (71720)
Seat 6: Hix (76004)
*** ANTE/BLINDS ***
Fabio Panini posts ante 100
BEESHOOP28 posts ante 100
Pilou1909 posts ante 100
TAgAS posts ante 100
P1xel7 posts ante 100
Hix posts ante 100
Fabio Panini posts small blind 400
BEESHOOP28 posts big blind 800
Dealt to P1xel7 [Th 9c]
*** PRE-FLOP *** 
Pilou1909 folds
TAgAS raises 800 to 1600
P1xel7 folds
Hix folds
Fabio Panini folds
BEESHOOP28 calls 800
*** FLOP *** [Ts 8s Td]
BEESHOOP28 checks
TAgAS bets 7740 and is all-in
BEESHOOP28 folds
TAgAS collected 11940 from pot
*** SUMMARY ***
Total pot 11940 | No rake
Board: [Ts 8s Td]
Seat 4: TAgAS won 11940


Winamax Poker - Tournament "MYSTERY KO" buyIn: 1.80€ + 0.20€ level: 9 - HandId: #3173533287561822245-104-1706818379 - Holdem no limit (100/400/800) - 2024/02/01 20:12:59 UTC
Table: 'MYSTERY KO(738895798)#0036' 6-max (real money) Seat #1 is the button
Seat 1: Fabio Panini (17004)
Seat 2: BEESHOOP28 (20374)
Seat 3: Pilou1909 (2597)
Seat 4: TAgAS (11940)
Seat 5: P1xel7 (71620)
Seat 6: Hix (75904)
*** ANTE/BLINDS ***
BEESHOOP28 posts ante 100
Pilou1909 posts ante 100
Fabio Panini posts ante 100
TAgAS posts ante 100
P1xel7 posts ante 100
Hix posts ante 100
BEESHOOP28 posts small blind 400
Pilou1909 posts big blind 800
Dealt to P1xel7 [7h 2h]
*** PRE-FLOP *** 
TAgAS raises 800 to 1600
P1xel7 folds
Hix folds
Fabio Panini folds
BEESHOOP28 raises 18674 to 20274 and is all-in
Pilou1909 folds
TAgAS calls 10240 and is all-in
*** FLOP *** [Js Jd 6c]
*** TURN *** [Js Jd 6c][Ks]
*** RIVER *** [Js Jd 6c Ks][5s]
*** SHOW DOWN ***
BEESHOOP28 shows [2d 2c] (Two pairs : Jacks and 2)
TAgAS shows [Qd Kc] (Two pairs : Kings and Jacks)
TAgAS collected 25080 from main pot
BEESHOOP28 collected 8434 from side pot 1
*** SUMMARY ***
Total pot 33514 | No rake
Board: [Js Jd 6c Ks 5s]
Seat 2: BEESHOOP28 (small blind) showed [2d 2c] and won 8434 with Two pairs : Jacks and 2
Seat 4: TAgAS showed [Qd Kc] and won 25080 with Two pairs : Kings and Jacks


Winamax Poker - Tournament "MYSTERY KO" buyIn: 1.80€ + 0.20€ level: 10 - HandId: #3173533287561822245-105-1706818401 - Holdem no limit (120/500/1000) - 2024/02/01 20:13:21 UTC
Table: 'MYSTERY KO(738895798)#0036' 6-max (real money) Seat #2 is the button
Seat 1: Fabio Panini (16904)
Seat 2: BEESHOOP28 (8434)
Seat 3: Pilou1909 (1697)
Seat 4: TAgAS (25080)
Seat 5: P1xel7 (71520)
Seat 6: Hix (75804)
*** ANTE/BLINDS ***
Pilou1909 posts ante 120
TAgAS posts ante 120
Fabio Panini posts ante 120
BEESHOOP28 posts ante 120
P1xel7 posts ante 120
Hix posts ante 120
Pilou1909 posts small blind 500
TAgAS posts big blind 1000
Dealt to P1xel7 [4c 4d]
*** PRE-FLOP *** 
P1xel7 raises 1500 to 2500
Hix folds
Fabio Panini folds
BEESHOOP28 folds
Pilou1909 folds
TAgAS calls 1500
*** FLOP *** [7c 3s 9d]
TAgAS checks
P1xel7 bets 2177
TAgAS folds
P1xel7 collected 8397 from pot
*** SUMMARY ***
Total pot 8397 | No rake
Board: [7c 3s 9d]
Seat 5: P1xel7 won 8397


Winamax Poker - Tournament "MYSTERY KO" buyIn: 1.80€ + 0.20€ level: 10 - HandId: #3173533287561822245-106-1706818441 - Holdem no limit (120/500/1000) - 2024/02/01 20:14:01 UTC
Table: 'MYSTERY KO(738895798)#0036' 6-max (real money) Seat #3 is the button
Seat 1: Fabio Panini (16784)
Seat 2: BEESHOOP28 (8314)
Seat 3: Pilou1909 (1077)
Seat 4: TAgAS (22460)
Seat 5: P1xel7 (75120)
Seat 6: Hix (75684)
*** ANTE/BLINDS ***
TAgAS posts ante 120
P1xel7 posts ante 120
Fabio Panini posts ante 120
BEESHOOP28 posts ante 120
Pilou1909 posts ante 120
Hix posts ante 120
TAgAS posts small blind 500
P1xel7 posts big blind 1000
Dealt to P1xel7 [Ts 5d]
*** PRE-FLOP *** 
Hix raises 1000 to 2000
Fabio Panini folds
BEESHOOP28 folds
Pilou1909 folds
TAgAS raises 1000 to 3000
P1xel7 folds
Hix calls 1000
*** FLOP *** [Qc 6c 8s]
TAgAS checks
Hix bets 2702
TAgAS folds
Hix collected 10422 from pot
*** SUMMARY ***
Total pot 10422 | No rake
Board: [Qc 6c 8s]
Seat 6: Hix won 10422


Winamax Poker - Tournament "MYSTERY KO" buyIn: 1.80€ + 0.20€ level: 10 - HandId: #3173533287561822245-107-1706818473 - Holdem no limit (120/500/1000) - 2024/02/01 20:14:33 UTC
Table: 'MYSTERY KO(738895798)#0036' 6-max (real money) Seat #4 is the button
Seat 1: Fabio Panini (16664)
Seat 2: BEESHOOP28 (8194)
Seat 3: Pilou1909 (957)
Seat 4: TAgAS (19340)
Seat 5: P1xel7 (74000)
Seat 6: Hix (80284)
*** ANTE/BLINDS ***
P1xel7 posts ante 120
Hix posts ante 120
Fabio Panini posts ante 120
BEESHOOP28 posts ante 120
Pilou1909 posts ante 120
TAgAS posts ante 120
P1xel7 posts small blind 500
Hix posts big blind 1000
Dealt to P1xel7 [7c Jc]
*** PRE-FLOP *** 
Fabio Panini folds
BEESHOOP28 folds
Pilou1909 calls 837 and is all-in
TAgAS raises 18220 to 19220 and is all-in
P1xel7 folds
Hix folds
*** FLOP *** [Jd 7s 4h]
*** TURN *** [Jd 7s 4h][Ah]
*** RIVER *** [Jd 7s 4h Ah][Js]
*** SHOW DOWN ***
Pilou1909 shows [Kh 4s] (Two pairs : Jacks and 4)
TAgAS shows [Ad Td] (Two pairs : Aces and Jacks)
TAgAS collected 22277 from pot
*** SUMMARY ***
Total pot 22277 | No rake
Board: [Jd 7s 4h Ah Js]
Seat 3: Pilou1909 showed [Kh 4s] and lost with Two pairs : Jacks and 4
Seat 4: TAgAS (button) showed [Ad Td] and won 22277 with Two pairs : Aces and Jacks


Winamax Poker - Tournament "MYSTERY KO" buyIn: 1.80€ + 0.20€ level: 10 - HandId: #3173533287561822245-108-1706818509 - Holdem no limit (120/500/1000) - 2024/02/01 20:15:09 UTC
Table: 'MYSTERY KO(738895798)#0036' 6-max (real money) Seat #5 is the button
Seat 1: Fabio Panini (16544)
Seat 2: BEESHOOP28 (8074)
Seat 4: TAgAS (22277)
Seat 5: P1xel7 (73380)
Seat 6: Hix (79164)
*** ANTE/BLINDS ***
Hix posts ante 120
Fabio Panini posts ante 120
BEESHOOP28 posts ante 120
TAgAS posts ante 120
P1xel7 posts ante 120
Hix posts small blind 500
Fabio Panini posts big blind 1000
Dealt to P1xel7 [8s 5d]
*** PRE-FLOP *** 
BEESHOOP28 raises 6954 to 7954 and is all-in
TAgAS folds
P1xel7 folds
Hix folds
Fabio Panini folds
BEESHOOP28 collected 10054 from pot
*** SUMMARY ***
Total pot 10054 | No rake
Seat 2: BEESHOOP28 won 10054


Winamax Poker - Tournament "MYSTERY KO" buyIn: 1.80€ + 0.20€ level: 10 - HandId: #3173533287561822245-109-1706818527 - Holdem no limit (120/500/1000) - 2024/02/01 20:15:27 UTC
Table: 'MYSTERY KO(738895798)#0036' 6-max (real money) Seat #6 is the button
Seat 1: Fabio Panini (15424)
Seat 2: BEESHOOP28 (10054)
Seat 4: TAgAS (22157)
Seat 5: P1xel7 (73260)
Seat 6: Hix (78544)
*** ANTE/BLINDS ***
Fabio Panini posts ante 120
BEESHOOP28 posts ante 120
TAgAS posts ante 120
P1xel7 posts ante 120
Hix posts ante 120
Fabio Panini posts small blind 500
BEESHOOP28 posts big blind 1000
Dealt to P1xel7 [Jh 7d]
*** PRE-FLOP *** 
TAgAS folds
P1xel7 folds
Hix folds
Fabio Panini raises 14304 to 15304 and is all-in
BEESHOOP28 folds
Fabio Panini collected 16904 from pot
*** SUMMARY ***
Total pot 16904 | No rake
Seat 1: Fabio Panini (small blind) won 16904


Winamax Poker - Tournament "MYSTERY KO" buyIn: 1.80€ + 0.20€ level: 10 - HandId: #3173533287561822245-110-1706818543 - Holdem no limit (120/500/1000) - 2024/02/01 20:15:43 UTC
Table: 'MYSTERY KO(738895798)#0036' 6-max (real money) Seat #1 is the button
Seat 1: Fabio Panini (16904)
Seat 2: BEESHOOP28 (8934)
Seat 4: TAgAS (22037)
Seat 5: P1xel7 (73140)
Seat 6: Hix (78424)
*** ANTE/BLINDS ***
BEESHOOP28 posts ante 120
TAgAS posts ante 120
Fabio Panini posts ante 120
P1xel7 posts ante 120
Hix posts ante 120
BEESHOOP28 posts small blind 500
TAgAS posts big blind 1000
Dealt to P1xel7 [Kc Qh]
*** PRE-FLOP *** 
P1xel7 raises 1500 to 2500
Hix folds
Fabio Panini folds
BEESHOOP28 raises 6314 to 8814 and is all-in
TAgAS raises 13103 to 21917 and is all-in
P1xel7 calls 19417
*** FLOP *** [9s Qc 8c]
*** TURN *** [9s Qc 8c][5c]
*** RIVER *** [9s Qc 8c 5c][8s]
*** SHOW DOWN ***
BEESHOOP28 shows [7h 7c] (Two pairs : 8 and 7)
P1xel7 shows [Kc Qh] (Two pairs : Queens and 8)
TAgAS shows [Kh Ks] (Two pairs : Kings and 8)
TAgAS collected 53248 from pot
*** SUMMARY ***
Total pot 53248 | No rake
Board: [9s Qc 8c 5c 8s]
Seat 2: BEESHOOP28 (small blind) showed [7h 7c] and lost with Two pairs : 8 and 7
Seat 4: TAgAS (big blind) showed [Kh Ks] and won 53248 with Two pairs : Kings and 8
Seat 5: P1xel7 showed [Kc Qh] and lost with Two pairs : Queens and 8


Winamax Poker - Tournament "MYSTERY KO" buyIn: 1.80€ + 0.20€ level: 10 - HandId: #3173533287561822245-111-1706818611 - Holdem no limit (120/500/1000) - 2024/02/01 20:16:51 UTC
Table: 'MYSTERY KO(738895798)#0036' 6-max (real money) Seat #2 is the button
Seat 1: Fabio Panini (16784)
Seat 3: Xanawak68 (20000)
Seat 4: TAgAS (53248)
Seat 5: P1xel7 (51103)
Seat 6: Hix (78304)
*** ANTE/BLINDS ***
TAgAS posts ante 120
P1xel7 posts ante 120
Fabio Panini posts ante 120
Hix posts ante 120
TAgAS posts small blind 500
P1xel7 posts big blind 1000
Dealt to P1xel7 [9d 3h]
*** PRE-FLOP *** 
Hix raises 1000 to 2000
Fabio Panini folds
TAgAS folds
P1xel7 folds
Hix collected 3980 from pot
*** SUMMARY ***
Total pot 3980 | No rake
Seat 6: Hix won 3980


Winamax Poker - Tournament "MYSTERY KO" buyIn: 1.80€ + 0.20€ level: 10 - HandId: #3173533287561822245-112-1706818626 - Holdem no limit (120/500/1000) - 2024/02/01 20:17:06 UTC
Table: 'MYSTERY KO(738895798)#0036' 6-max (real money) Seat #4 is the button
Seat 1: Fabio Panini (16664)
Seat 2: Noraaaj (20000)
Seat 3: Xanawak68 (20000)
Seat 4: TAgAS (52628)
Seat 5: P1xel7 (49983)
Seat 6: Hix (80164)
*** ANTE/BLINDS ***
P1xel7 posts ante 120
Hix posts ante 120
Fabio Panini posts ante 120
Noraaaj posts ante 120
Xanawak68 posts ante 120
TAgAS posts ante 120
P1xel7 posts small blind 500
Hix posts big blind 1000
Dealt to P1xel7 [Td Ks]
*** PRE-FLOP *** 
Fabio Panini folds
Noraaaj folds
Xanawak68 folds
TAgAS folds
P1xel7 folds
Hix collected 2220 from pot
*** SUMMARY ***
Total pot 2220 | No rake
Seat 6: Hix (big blind) won 2220


Winamax Poker - Tournament "MYSTERY KO" buyIn: 1.80€ + 0.20€ level: 10 - HandId: #3173533287561822245-113-1706818671 - Holdem no limit (120/500/1000) - 2024/02/01 20:17:51 UTC
Table: 'MYSTERY KO(738895798)#0036' 6-max (real money) Seat #5 is the button
Seat 1: Fabio Panini (16544)
Seat 2: Noraaaj (19880)
Seat 3: Xanawak68 (19880)
Seat 4: TAgAS (52508)
Seat 5: P1xel7 (49363)
Seat 6: Hix (81264)
*** ANTE/BLINDS ***
Hix posts ante 120
Fabio Panini posts ante 120
Noraaaj posts ante 120
Xanawak68 posts ante 120
TAgAS posts ante 120
P1xel7 posts ante 120
Hix posts small blind 500
Fabio Panini posts big blind 1000
Dealt to P1xel7 [2h Ad]
*** PRE-FLOP *** 
Noraaaj folds
Xanawak68 calls 1000
TAgAS folds
P1xel7 folds
Hix folds
Fabio Panini checks
*** FLOP *** [6h 2d 7c]
Fabio Panini checks
Xanawak68 checks
*** TURN *** [6h 2d 7c][3c]
Fabio Panini checks
Xanawak68 checks
*** RIVER *** [6h 2d 7c 3c][4c]
Fabio Panini checks
Xanawak68 checks
*** SHOW DOWN ***
Fabio Panini shows [Th 2c] (One pair : 2)
Xanawak68 shows [6s Qs] (One pair : 6)
Xanawak68 collected 3220 from pot
*** SUMMARY ***
Total pot 3220 | No rake
Board: [6h 2d 7c 3c 4c]
Seat 1: Fabio Panini (big blind) showed [Th 2c] and lost with One pair : 2
Seat 3: Xanawak68 showed [6s Qs] and won 3220 with One pair : 6


Winamax Poker - Tournament "MYSTERY KO" buyIn: 1.80€ + 0.20€ level: 10 - HandId: #3173533287561822245-114-1706818723 - Holdem no limit (120/500/1000) - 2024/02/01 20:18:43 UTC
Table: 'MYSTERY KO(738895798)#0036' 6-max (real money) Seat #6 is the button
Seat 1: Fabio Panini (15424)
Seat 2: Noraaaj (19760)
Seat 3: Xanawak68 (21980)
Seat 4: TAgAS (52388)
Seat 5: P1xel7 (49243)
Seat 6: Hix (80644)
*** ANTE/BLINDS ***
Fabio Panini posts ante 120
Noraaaj posts ante 120
Xanawak68 posts ante 120
TAgAS posts ante 120
P1xel7 posts ante 120
Hix posts ante 120
Fabio Panini posts small blind 500
Noraaaj posts big blind 1000
Dealt to P1xel7 [9s 8d]
*** PRE-FLOP *** 
Xanawak68 calls 1000
TAgAS raises 1300 to 2300
P1xel7 folds
Hix calls 2300
Fabio Panini folds
Noraaaj folds
Xanawak68 calls 1300
*** FLOP *** [2c Jc 5s]
Xanawak68 checks
TAgAS checks
Hix bets 4560
Xanawak68 folds
TAgAS folds
Hix collected 13680 from pot
*** SUMMARY ***
Total pot 13680 | No rake
Board: [2c Jc 5s]
Seat 6: Hix (button) won 13680


Winamax Poker - Tournament "MYSTERY KO" buyIn: 1.80€ + 0.20€ level: 10 - HandId: #3173533287561822245-115-1706818798 - Holdem no limit (120/500/1000) - 2024/02/01 20:19:58 UTC
Table: 'MYSTERY KO(738895798)#0036' 6-max (real money) Seat #1 is the button
Seat 1: Fabio Panini (14804)
Seat 2: Noraaaj (18640)
Seat 3: Xanawak68 (19560)
Seat 4: TAgAS (49968)
Seat 5: P1xel7 (49123)
Seat 6: Hix (87344)
*** ANTE/BLINDS ***
Noraaaj posts ante 120
Xanawak68 posts ante 120
Fabio Panini posts ante 120
TAgAS posts ante 120
P1xel7 posts ante 120
Hix posts ante 120
Noraaaj posts small blind 500
Xanawak68 posts big blind 1000
Dealt to P1xel7 [8c 4c]
*** PRE-FLOP *** 
TAgAS folds
P1xel7 folds
Hix folds
Fabio Panini folds
Noraaaj calls 500
Xanawak68 checks
*** FLOP *** [Kd Jh 7c]
Noraaaj checks
Xanawak68 bets 1768
Noraaaj raises 4651 to 6419
Xanawak68 folds
Noraaaj collected 10907 from pot
*** SUMMARY ***
Total pot 10907 | No rake
Board: [Kd Jh 7c]
Seat 2: Noraaaj (small blind) won 10907


Winamax Poker - Tournament "MYSTERY KO" buyIn: 1.80€ + 0.20€ level: 11 - HandId: #3173533287561822245-116-1706818861 - Holdem no limit (140/600/1200) - 2024/02/01 20:21:01 UTC
Table: 'MYSTERY KO(738895798)#0036' 6-max (real money) Seat #2 is the button
Seat 1: Fabio Panini (14684)
Seat 2: Noraaaj (22008)
Seat 3: Xanawak68 (16672)
Seat 4: TAgAS (49848)
Seat 5: P1xel7 (49003)
Seat 6: Hix (87224)
*** ANTE/BLINDS ***
Xanawak68 posts ante 140
TAgAS posts ante 140
Fabio Panini posts ante 140
Noraaaj posts ante 140
P1xel7 posts ante 140
Hix posts ante 140
Xanawak68 posts small blind 600
TAgAS posts big blind 1200
Dealt to P1xel7 [Qd As]
*** PRE-FLOP *** 
P1xel7 raises 1440 to 2640
Hix folds
Fabio Panini folds
Noraaaj folds
Xanawak68 folds
TAgAS calls 1440
*** FLOP *** [Jh 2c 9h]
TAgAS checks
P1xel7 checks
*** TURN *** [Jh 2c 9h][Ac]
TAgAS checks
P1xel7 bets 2352
TAgAS folds
P1xel7 collected 9072 from pot
*** SUMMARY ***
Total pot 9072 | No rake
Board: [Jh 2c 9h Ac]
Seat 5: P1xel7 won 9072


Winamax Poker - Tournament "MYSTERY KO" buyIn: 1.80€ + 0.20€ level: 11 - HandId: #3173533287561822245-117-1706818926 - Holdem no limit (140/600/1200) - 2024/02/01 20:22:06 UTC
Table: 'MYSTERY KO(738895798)#0036' 6-max (real money) Seat #3 is the button
Seat 1: Fabio Panini (14544)
Seat 2: Noraaaj (21868)
Seat 3: Xanawak68 (15932)
Seat 4: TAgAS (47068)
Seat 5: P1xel7 (52943)
Seat 6: Hix (87084)
*** ANTE/BLINDS ***
TAgAS posts ante 140
P1xel7 posts ante 140
Fabio Panini posts ante 140
Noraaaj posts ante 140
Xanawak68 posts ante 140
Hix posts ante 140
TAgAS posts small blind 600
P1xel7 posts big blind 1200
Dealt to P1xel7 [9c Jd]
*** PRE-FLOP *** 
Hix folds
Fabio Panini folds
Noraaaj folds
Xanawak68 calls 1200
TAgAS folds
P1xel7 checks
*** FLOP *** [Js 9s 2c]
P1xel7 checks
Xanawak68 bets 3072
P1xel7 calls 3072
*** TURN *** [Js 9s 2c][8s]
P1xel7 checks
Xanawak68 checks
*** RIVER *** [Js 9s 2c 8s][Qs]
P1xel7 checks
Xanawak68 checks
*** SHOW DOWN ***
P1xel7 shows [9c Jd] (Two pairs : Jacks and 9)
Xanawak68 shows [7s Ad] (Flush Queen high)
Xanawak68 collected 9984 from pot
*** SUMMARY ***
Total pot 9984 | No rake
Board: [Js 9s 2c 8s Qs]
Seat 3: Xanawak68 (button) showed [7s Ad] and won 9984 with Flush Queen high
Seat 5: P1xel7 (big blind) showed [9c Jd] and lost with Two pairs : Jacks and 9


Winamax Poker - Tournament "MYSTERY KO" buyIn: 1.80€ + 0.20€ level: 11 - HandId: #3173533287561822245-118-1706818981 - Holdem no limit (140/600/1200) - 2024/02/01 20:23:01 UTC
Table: 'MYSTERY KO(738895798)#0036' 6-max (real money) Seat #4 is the button
Seat 1: Fabio Panini (14404)
Seat 2: Noraaaj (21728)
Seat 3: Xanawak68 (21504)
Seat 4: TAgAS (46328)
Seat 5: P1xel7 (48531)
Seat 6: Hix (86944)
*** ANTE/BLINDS ***
P1xel7 posts ante 140
Hix posts ante 140
Fabio Panini posts ante 140
Noraaaj posts ante 140
Xanawak68 posts ante 140
TAgAS posts ante 140
P1xel7 posts small blind 600
Hix posts big blind 1200
Dealt to P1xel7 [9c 6h]
*** PRE-FLOP *** 
Fabio Panini folds
Noraaaj raises 1200 to 2400
Xanawak68 raises 18964 to 21364 and is all-in
TAgAS folds
P1xel7 folds
Hix folds
Noraaaj folds
Xanawak68 collected 26404 from pot
*** SUMMARY ***
Total pot 26404 | No rake
Seat 3: Xanawak68 won 26404


Winamax Poker - Tournament "MYSTERY KO" buyIn: 1.80€ + 0.20€ level: 11 - HandId: #3173533287561822245-119-1706819014 - Holdem no limit (140/600/1200) - 2024/02/01 20:23:34 UTC
Table: 'MYSTERY KO(738895798)#0036' 6-max (real money) Seat #5 is the button
Seat 1: Fabio Panini (14264)
Seat 2: Noraaaj (19188)
Seat 3: Xanawak68 (26404)
Seat 4: TAgAS (46188)
Seat 5: P1xel7 (47791)
Seat 6: Hix (85604)
*** ANTE/BLINDS ***
Hix posts ante 140
Fabio Panini posts ante 140
Noraaaj posts ante 140
Xanawak68 posts ante 140
TAgAS posts ante 140
P1xel7 posts ante 140
Hix posts small blind 600
Fabio Panini posts big blind 1200
Dealt to P1xel7 [9s 9d]
*** PRE-FLOP *** 
Noraaaj folds
Xanawak68 folds
TAgAS folds
P1xel7 raises 1800 to 3000
Hix folds
Fabio Panini folds
P1xel7 collected 5640 from pot
*** SUMMARY ***
Total pot 5640 | No rake
Seat 5: P1xel7 (button) won 5640


Winamax Poker - Tournament "MYSTERY KO" buyIn: 1.80€ + 0.20€ level: 11 - HandId: #3173533287561822245-120-1706819028 - Holdem no limit (140/600/1200) - 2024/02/01 20:23:48 UTC
Table: 'MYSTERY KO(738895798)#0036' 6-max (real money) Seat #6 is the button
Seat 1: Fabio Panini (12924)
Seat 2: Noraaaj (19048)
Seat 3: Xanawak68 (26264)
Seat 4: TAgAS (46048)
Seat 5: P1xel7 (50291)
Seat 6: Hix (84864)
*** ANTE/BLINDS ***
Fabio Panini posts ante 140
Noraaaj posts ante 140
Xanawak68 posts ante 140
TAgAS posts ante 140
P1xel7 posts ante 140
Hix posts ante 140
Fabio Panini posts small blind 600
Noraaaj posts big blind 1200
Dealt to P1xel7 [Td Qc]
*** PRE-FLOP *** 
Xanawak68 folds
TAgAS folds
P1xel7 folds
Hix folds
Fabio Panini folds
Noraaaj collected 2640 from pot
*** SUMMARY ***
Total pot 2640 | No rake
Seat 2: Noraaaj (big blind) won 2640


Winamax Poker - Tournament "MYSTERY KO" buyIn: 1.80€ + 0.20€ level: 11 - HandId: #3173533287561822245-121-1706819054 - Holdem no limit (140/600/1200) - 2024/02/01 20:24:14 UTC
Table: 'MYSTERY KO(738895798)#0036' 6-max (real money) Seat #1 is the button
Seat 1: Fabio Panini (12184)
Seat 2: Noraaaj (20348)
Seat 3: Xanawak68 (26124)
Seat 4: TAgAS (45908)
Seat 5: P1xel7 (50151)
Seat 6: Hix (84724)
*** ANTE/BLINDS ***
Noraaaj posts ante 140
Xanawak68 posts ante 140
Fabio Panini posts ante 140
TAgAS posts ante 140
P1xel7 posts ante 140
Hix posts ante 140
Noraaaj posts small blind 600
Xanawak68 posts big blind 1200
Dealt to P1xel7 [6c 7s]
*** PRE-FLOP *** 
TAgAS raises 1800 to 3000
P1xel7 folds
Hix folds
Fabio Panini folds
Noraaaj folds
Xanawak68 raises 22984 to 25984 and is all-in
TAgAS calls 22984
*** FLOP *** [4d 7h 7d]
*** TURN *** [4d 7h 7d][4s]
*** RIVER *** [4d 7h 7d 4s][Kc]
*** SHOW DOWN ***
Xanawak68 shows [As Js] (Two pairs : 7 and 4)
TAgAS shows [Qd Qc] (Two pairs : Queens and 7)
TAgAS collected 53408 from pot
*** SUMMARY ***
Total pot 53408 | No rake
Board: [4d 7h 7d 4s Kc]
Seat 3: Xanawak68 (big blind) showed [As Js] and lost with Two pairs : 7 and 4
Seat 4: TAgAS showed [Qd Qc] and won 53408 with Two pairs : Queens and 7


Winamax Poker - Tournament "MYSTERY KO" buyIn: 1.80€ + 0.20€ level: 11 - HandId: #3173533287561822245-122-1706819084 - Holdem no limit (140/600/1200) - 2024/02/01 20:24:44 UTC
Table: 'MYSTERY KO(738895798)#0036' 6-max (real money) Seat #2 is the button
Seat 1: Fabio Panini (12044)
Seat 2: Noraaaj (19608)
Seat 4: TAgAS (73192)
Seat 5: P1xel7 (50011)
Seat 6: Hix (84584)
*** ANTE/BLINDS ***
TAgAS posts ante 140
Fabio Panini posts ante 140
Noraaaj posts ante 140
P1xel7 posts ante 140
Hix posts ante 140
TAgAS posts big blind 1200
Dealt to P1xel7 [4s Tc]
*** PRE-FLOP *** 
P1xel7 folds
Hix folds
Fabio Panini raises 10704 to 11904 and is all-in
Noraaaj folds
TAgAS folds
Fabio Panini collected 13804 from pot
*** SUMMARY ***
Total pot 13804 | No rake
Seat 1: Fabio Panini won 13804


Winamax Poker - Tournament "MYSTERY KO" buyIn: 1.80€ + 0.20€ level: 11 - HandId: #3173533287561822245-123-1706819115 - Holdem no limit (140/600/1200) - 2024/02/01 20:25:15 UTC
Table: 'MYSTERY KO(738895798)#0036' 6-max (real money) Seat #3 is the button
Seat 1: Fabio Panini (13804)
Seat 2: Noraaaj (19468)
Seat 4: TAgAS (71852)
Seat 5: P1xel7 (49871)
Seat 6: Hix (84444)
*** ANTE/BLINDS ***
TAgAS posts ante 140
P1xel7 posts ante 140
Fabio Panini posts ante 140
Noraaaj posts ante 140
Hix posts ante 140
TAgAS posts small blind 600
P1xel7 posts big blind 1200
Dealt to P1xel7 [6h As]
*** PRE-FLOP *** 
Hix folds
Fabio Panini folds
Noraaaj folds
TAgAS folds
P1xel7 collected 2500 from pot
*** SUMMARY ***
Total pot 2500 | No rake
Seat 5: P1xel7 (big blind) won 2500


Winamax Poker - Tournament "MYSTERY KO" buyIn: 1.80€ + 0.20€ level: 11 - HandId: #3173533287561822245-124-1706819132 - Holdem no limit (140/600/1200) - 2024/02/01 20:25:32 UTC
Table: 'MYSTERY KO(738895798)#0036' 6-max (real money) Seat #4 is the button
Seat 1: Fabio Panini (13664)
Seat 2: Noraaaj (19328)
Seat 4: TAgAS (71112)
Seat 5: P1xel7 (51031)
Seat 6: Hix (84304)
*** ANTE/BLINDS ***
P1xel7 posts ante 140
Hix posts ante 140
Fabio Panini posts ante 140
Noraaaj posts ante 140
TAgAS posts ante 140
P1xel7 posts small blind 600
Hix posts big blind 1200
Dealt to P1xel7 [Jh Kh]
*** PRE-FLOP *** 
Fabio Panini folds
Noraaaj raises 1200 to 2400
TAgAS folds
P1xel7 calls 1800
Hix calls 1200
*** FLOP *** [As Ts Qc]
P1xel7 checks
Hix checks
Noraaaj checks
*** TURN *** [As Ts Qc][7c]
P1xel7 bets 1975
Hix raises 2864 to 4839
Noraaaj raises 11949 to 16788 and is all-in
P1xel7 calls 14813
Hix folds
*** RIVER *** [As Ts Qc 7c][9h]
*** SHOW DOWN ***
Noraaaj shows [Jc 8c] (Straight Queen high)
P1xel7 shows [Jh Kh] (Straight Ace high)
P1xel7 collected 46315 from pot
*** SUMMARY ***
Total pot 46315 | No rake
Board: [As Ts Qc 7c 9h]
Seat 2: Noraaaj showed [Jc 8c] and lost with Straight Queen high
Seat 5: P1xel7 (small blind) showed [Jh Kh] and won 46315 with Straight Ace high


Winamax Poker - Tournament "MYSTERY KO" buyIn: 1.80€ + 0.20€ level: 11 - HandId: #3173533287561822245-125-1706819208 - Holdem no limit (140/600/1200) - 2024/02/01 20:26:48 UTC
Table: 'MYSTERY KO(738895798)#0036' 6-max (real money) Seat #5 is the button
Seat 1: Fabio Panini (13524)
Seat 3: lluisff (33090)
Seat 4: TAgAS (70972)
Seat 5: P1xel7 (78018)
Seat 6: Hix (76925)
*** ANTE/BLINDS ***
Hix posts ante 140
Fabio Panini posts ante 140
lluisff posts ante 140
TAgAS posts ante 140
P1xel7 posts ante 140
Hix posts small blind 600
Fabio Panini posts big blind 1200
Dealt to P1xel7 [Ks 8d]
*** PRE-FLOP *** 
lluisff folds
TAgAS folds
P1xel7 folds
Hix calls 600
Fabio Panini raises 12184 to 13384 and is all-in
Hix folds
Fabio Panini collected 15284 from pot
*** SUMMARY ***
Total pot 15284 | No rake
Seat 1: Fabio Panini (big blind) won 15284


Winamax Poker - Tournament "MYSTERY KO" buyIn: 1.80€ + 0.20€ level: 12 - HandId: #3173533287561822245-126-1706819228 - Holdem no limit (160/700/1400) - 2024/02/01 20:27:08 UTC
Table: 'MYSTERY KO(738895798)#0036' 6-max (real money) Seat #6 is the button
Seat 1: Fabio Panini (15284)
Seat 3: lluisff (32950)
Seat 4: TAgAS (70832)
Seat 5: P1xel7 (77878)
Seat 6: Hix (75585)
*** ANTE/BLINDS ***
Fabio Panini posts ante 160
lluisff posts ante 160
TAgAS posts ante 160
P1xel7 posts ante 160
Hix posts ante 160
Fabio Panini posts small blind 700
lluisff posts big blind 1400
Dealt to P1xel7 [Ac 7s]
*** PRE-FLOP *** 
TAgAS folds
P1xel7 folds
Hix folds
Fabio Panini calls 700
lluisff checks
*** FLOP *** [Jc 3h Ks]
Fabio Panini checks
lluisff checks
*** TURN *** [Jc 3h Ks][Js]
Fabio Panini bets 1400
lluisff folds
Fabio Panini collected 5000 from pot
*** SUMMARY ***
Total pot 5000 | No rake
Board: [Jc 3h Ks Js]
Seat 1: Fabio Panini (small blind) won 5000


Winamax Poker - Tournament "MYSTERY KO" buyIn: 1.80€ + 0.20€ level: 12 - HandId: #3173533287561822245-127-1706819249 - Holdem no limit (160/700/1400) - 2024/02/01 20:27:29 UTC
Table: 'MYSTERY KO(738895798)#0036' 6-max (real money) Seat #1 is the button
Seat 1: Fabio Panini (17324)
Seat 3: lluisff (31390)
Seat 4: TAgAS (70672)
Seat 5: P1xel7 (77718)
Seat 6: Hix (75425)
*** ANTE/BLINDS ***
lluisff posts ante 160
TAgAS posts ante 160
Fabio Panini posts ante 160
P1xel7 posts ante 160
Hix posts ante 160
lluisff posts small blind 700
TAgAS posts big blind 1400
Dealt to P1xel7 [Js Kh]
*** PRE-FLOP *** 
P1xel7 raises 2100 to 3500
Hix calls 3500
Fabio Panini folds
lluisff folds
TAgAS folds
*** FLOP *** [Qs 8c Qd]
P1xel7 bets 3465
Hix calls 3465
*** TURN *** [Qs 8c Qd][5h]
P1xel7 bets 5891
Hix folds
P1xel7 collected 22721 from pot
*** SUMMARY ***
Total pot 22721 | No rake
Board: [Qs 8c Qd 5h]
Seat 5: P1xel7 won 22721


Winamax Poker - Tournament "MYSTERY KO" buyIn: 1.80€ + 0.20€ level: 12 - HandId: #3173533287561822245-128-1706819297 - Holdem no limit (160/700/1400) - 2024/02/01 20:28:17 UTC
Table: 'MYSTERY KO(738895798)#0036' 6-max (real money) Seat #3 is the button
Seat 1: Fabio Panini (17164)
Seat 2: Triz au mic (38196)
Seat 3: lluisff (30530)
Seat 4: TAgAS (69112)
Seat 5: P1xel7 (87423)
Seat 6: Hix (68300)
*** ANTE/BLINDS ***
TAgAS posts ante 160
P1xel7 posts ante 160
Fabio Panini posts ante 160
Triz au mic posts ante 160
lluisff posts ante 160
Hix posts ante 160
TAgAS posts small blind 700
P1xel7 posts big blind 1400
Dealt to P1xel7 [Jh 7h]
*** PRE-FLOP *** 
Hix folds
Fabio Panini folds
Triz au mic folds
lluisff folds
TAgAS calls 700
P1xel7 checks
*** FLOP *** [Qd 8c 8s]
TAgAS bets 1400
P1xel7 folds
TAgAS collected 5160 from pot
*** SUMMARY ***
Total pot 5160 | No rake
Board: [Qd 8c 8s]
Seat 4: TAgAS (small blind) won 5160


Winamax Poker - Tournament "MYSTERY KO" buyIn: 1.80€ + 0.20€ level: 12 - HandId: #3173533287561822245-129-1706819329 - Holdem no limit (160/700/1400) - 2024/02/01 20:28:49 UTC
Table: 'MYSTERY KO(738895798)#0036' 6-max (real money) Seat #4 is the button
Seat 1: Fabio Panini (17004)
Seat 2: Triz au mic (38036)
Seat 3: lluisff (30370)
Seat 4: TAgAS (71312)
Seat 5: P1xel7 (85863)
Seat 6: Hix (68140)
*** ANTE/BLINDS ***
P1xel7 posts ante 160
Hix posts ante 160
Fabio Panini posts ante 160
Triz au mic posts ante 160
lluisff posts ante 160
TAgAS posts ante 160
P1xel7 posts small blind 700
Hix posts big blind 1400
Dealt to P1xel7 [5h 5s]
*** PRE-FLOP *** 
Fabio Panini folds
Triz au mic raises 1400 to 2800
lluisff folds
TAgAS folds
P1xel7 folds
Hix calls 1400
*** FLOP *** [2c 4h Ks]
Hix checks
Triz au mic bets 2541
Hix calls 2541
*** TURN *** [2c 4h Ks][Jd]
Hix checks
Triz au mic bets 5020
Hix folds
Triz au mic collected 17362 from pot
*** SUMMARY ***
Total pot 17362 | No rake
Board: [2c 4h Ks Jd]
Seat 2: Triz au mic won 17362


Winamax Poker - Tournament "MYSTERY KO" buyIn: 1.80€ + 0.20€ level: 12 - HandId: #3173533287561822245-130-1706819385 - Holdem no limit (160/700/1400) - 2024/02/01 20:29:45 UTC
Table: 'MYSTERY KO(738895798)#0036' 6-max (real money) Seat #5 is the button
Seat 1: Fabio Panini (16844)
Seat 2: Triz au mic (44877)
Seat 3: lluisff (30210)
Seat 4: TAgAS (71152)
Seat 5: P1xel7 (85003)
Seat 6: Hix (62639)
*** ANTE/BLINDS ***
Hix posts ante 160
Fabio Panini posts ante 160
Triz au mic posts ante 160
lluisff posts ante 160
TAgAS posts ante 160
P1xel7 posts ante 160
Hix posts small blind 700
Fabio Panini posts big blind 1400
Dealt to P1xel7 [7s 9c]
*** PRE-FLOP *** 
Triz au mic folds
lluisff folds
TAgAS folds
P1xel7 folds
Hix folds
Fabio Panini collected 3060 from pot
*** SUMMARY ***
Total pot 3060 | No rake
Seat 1: Fabio Panini (big blind) won 3060


Winamax Poker - Tournament "MYSTERY KO" buyIn: 1.80€ + 0.20€ level: 12 - HandId: #3173533287561822245-131-1706819397 - Holdem no limit (160/700/1400) - 2024/02/01 20:29:57 UTC
Table: 'MYSTERY KO(738895798)#0036' 6-max (real money) Seat #6 is the button
Seat 1: Fabio Panini (18344)
Seat 2: Triz au mic (44717)
Seat 3: lluisff (30050)
Seat 4: TAgAS (70992)
Seat 5: P1xel7 (84843)
Seat 6: Hix (61779)
*** ANTE/BLINDS ***
Fabio Panini posts ante 160
Triz au mic posts ante 160
lluisff posts ante 160
TAgAS posts ante 160
P1xel7 posts ante 160
Hix posts ante 160
Fabio Panini posts small blind 700
Triz au mic posts big blind 1400
Dealt to P1xel7 [Ah 4c]
*** PRE-FLOP *** 
lluisff raises 1400 to 2800
TAgAS calls 2800
P1xel7 folds
Hix folds
Fabio Panini folds
Triz au mic folds
*** FLOP *** [7h Qs 3d]
lluisff checks
TAgAS checks
*** TURN *** [7h Qs 3d][5h]
lluisff bets 5889
TAgAS folds
lluisff collected 14549 from pot
*** SUMMARY ***
Total pot 14549 | No rake
Board: [7h Qs 3d 5h]
Seat 3: lluisff won 14549


Winamax Poker - Tournament "MYSTERY KO" buyIn: 1.80€ + 0.20€ level: 12 - HandId: #3173533287561822245-132-1706819425 - Holdem no limit (160/700/1400) - 2024/02/01 20:30:25 UTC
Table: 'MYSTERY KO(738895798)#0036' 6-max (real money) Seat #1 is the button
Seat 1: Fabio Panini (17484)
Seat 2: Triz au mic (43157)
Seat 3: lluisff (35750)
Seat 4: TAgAS (68032)
Seat 5: P1xel7 (84683)
Seat 6: Hix (61619)
*** ANTE/BLINDS ***
Triz au mic posts ante 160
lluisff posts ante 160
Fabio Panini posts ante 160
TAgAS posts ante 160
P1xel7 posts ante 160
Hix posts ante 160
Triz au mic posts small blind 700
lluisff posts big blind 1400
Dealt to P1xel7 [7s Kd]
*** PRE-FLOP *** 
TAgAS folds
P1xel7 folds
Hix folds
Fabio Panini raises 15924 to 17324 and is all-in
Triz au mic folds
lluisff folds
Fabio Panini collected 20384 from pot
*** SUMMARY ***
Total pot 20384 | No rake
Seat 1: Fabio Panini (button) won 20384


Winamax Poker - Tournament "MYSTERY KO" buyIn: 1.80€ + 0.20€ level: 12 - HandId: #3173533287561822245-133-1706819440 - Holdem no limit (160/700/1400) - 2024/02/01 20:30:40 UTC
Table: 'MYSTERY KO(738895798)#0036' 6-max (real money) Seat #2 is the button
Seat 1: Fabio Panini (20384)
Seat 2: Triz au mic (42297)
Seat 3: lluisff (34190)
Seat 4: TAgAS (67872)
Seat 5: P1xel7 (84523)
Seat 6: Hix (61459)
*** ANTE/BLINDS ***
lluisff posts ante 160
TAgAS posts ante 160
Fabio Panini posts ante 160
Triz au mic posts ante 160
P1xel7 posts ante 160
Hix posts ante 160
lluisff posts small blind 700
TAgAS posts big blind 1400
Dealt to P1xel7 [2c 4h]
*** PRE-FLOP *** 
P1xel7 folds
Hix folds
Fabio Panini folds
Triz au mic folds
lluisff calls 700
TAgAS checks
*** FLOP *** [5s 8d 5d]
lluisff checks
TAgAS checks
*** TURN *** [5s 8d 5d][8s]
lluisff checks
TAgAS checks
*** RIVER *** [5s 8d 5d 8s][7d]
lluisff checks
TAgAS checks
*** SHOW DOWN ***
TAgAS shows [6h 2h] (Two pairs : 8 and 5)
lluisff shows [Jd 2s] (Two pairs : 8 and 5)
lluisff collected 3760 from pot
*** SUMMARY ***
Total pot 3760 | No rake
Board: [5s 8d 5d 8s 7d]
Seat 3: lluisff (small blind) showed [Jd 2s] and won 3760 with Two pairs : 8 and 5
Seat 4: TAgAS (big blind) showed [6h 2h] and lost with Two pairs : 8 and 5


Winamax Poker - Tournament "MYSTERY KO" buyIn: 1.80€ + 0.20€ level: 12 - HandId: #3173533287561822245-134-1706819476 - Holdem no limit (160/700/1400) - 2024/02/01 20:31:16 UTC
Table: 'MYSTERY KO(738895798)#0036' 6-max (real money) Seat #3 is the button
Seat 1: Fabio Panini (20224)
Seat 2: Triz au mic (42137)
Seat 3: lluisff (36390)
Seat 4: TAgAS (66312)
Seat 5: P1xel7 (84363)
Seat 6: Hix (61299)
*** ANTE/BLINDS ***
TAgAS posts ante 160
P1xel7 posts ante 160
Fabio Panini posts ante 160
Triz au mic posts ante 160
lluisff posts ante 160
Hix posts ante 160
TAgAS posts small blind 700
P1xel7 posts big blind 1400
Dealt to P1xel7 [8h Qs]
*** PRE-FLOP *** 
Hix raises 1400 to 2800
Fabio Panini folds
Triz au mic folds
lluisff folds
TAgAS folds
P1xel7 folds
Hix collected 5860 from pot
*** SUMMARY ***
Total pot 5860 | No rake
Seat 6: Hix won 5860


Winamax Poker - Tournament "MYSTERY KO" buyIn: 1.80€ + 0.20€ level: 12 - HandId: #3173533287561822245-135-1706819491 - Holdem no limit (160/700/1400) - 2024/02/01 20:31:31 UTC
Table: 'MYSTERY KO(738895798)#0036' 6-max (real money) Seat #4 is the button
Seat 1: Fabio Panini (20064)
Seat 2: Triz au mic (41977)
Seat 3: lluisff (36230)
Seat 4: TAgAS (65452)
Seat 5: P1xel7 (82803)
Seat 6: Hix (64199)
*** ANTE/BLINDS ***
P1xel7 posts ante 160
Hix posts ante 160
Fabio Panini posts ante 160
Triz au mic posts ante 160
lluisff posts ante 160
TAgAS posts ante 160
P1xel7 posts small blind 700
Hix posts big blind 1400
Dealt to P1xel7 [Ts 9d]
*** PRE-FLOP *** 
Fabio Panini folds
Triz au mic folds
lluisff raises 1400 to 2800
TAgAS folds
P1xel7 folds
Hix folds
lluisff collected 5860 from pot
*** SUMMARY ***
Total pot 5860 | No rake
Seat 3: lluisff won 5860


Winamax Poker - Tournament "MYSTERY KO" buyIn: 1.80€ + 0.20€ level: 12 - HandId: #3173533287561822245-136-1706819511 - Holdem no limit (160/700/1400) - 2024/02/01 20:31:51 UTC
Table: 'MYSTERY KO(738895798)#0036' 6-max (real money) Seat #5 is the button
Seat 1: Fabio Panini (19904)
Seat 2: Triz au mic (41817)
Seat 3: lluisff (39130)
Seat 4: TAgAS (65292)
Seat 5: P1xel7 (81943)
Seat 6: Hix (62639)
*** ANTE/BLINDS ***
Hix posts ante 160
Fabio Panini posts ante 160
Triz au mic posts ante 160
lluisff posts ante 160
TAgAS posts ante 160
P1xel7 posts ante 160
Hix posts small blind 700
Fabio Panini posts big blind 1400
Dealt to P1xel7 [Js As]
*** PRE-FLOP *** 
Triz au mic folds
lluisff folds
TAgAS folds
P1xel7 raises 2100 to 3500
Hix calls 2800
Fabio Panini folds
*** FLOP *** [7h Qc 3c]
Hix checks
P1xel7 bets 3276
Hix calls 3276
*** TURN *** [7h Qc 3c][8s]
Hix checks
P1xel7 bets 5569
Hix calls 5569
*** RIVER *** [7h Qc 3c 8s][8c]
Hix checks
P1xel7 checks
*** SHOW DOWN ***
Hix shows [6c Ah] (One pair : 8)
P1xel7 shows [Js As] (One pair : 8)
P1xel7 collected 27050 from pot
*** SUMMARY ***
Total pot 27050 | No rake
Board: [7h Qc 3c 8s 8c]
Seat 5: P1xel7 (button) showed [Js As] and won 27050 with One pair : 8
Seat 6: Hix (small blind) showed [6c Ah] and lost with One pair : 8


Winamax Poker - Tournament "MYSTERY KO" buyIn: 1.80€ + 0.20€ level: 12 - HandId: #3173533287561822245-137-1706819606 - Holdem no limit (160/700/1400) - 2024/02/01 20:33:26 UTC
Table: 'MYSTERY KO(738895798)#0036' 6-max (real money) Seat #6 is the button
Seat 1: Fabio Panini (18344)
Seat 2: Triz au mic (41657)
Seat 3: lluisff (38970)
Seat 4: TAgAS (65132)
Seat 5: P1xel7 (96488)
Seat 6: Hix (50134)
*** ANTE/BLINDS ***
Fabio Panini posts ante 160
Triz au mic posts ante 160
lluisff posts ante 160
TAgAS posts ante 160
P1xel7 posts ante 160
Hix posts ante 160
Fabio Panini posts small blind 700
Triz au mic posts big blind 1400
Dealt to P1xel7 [9h 7s]
*** PRE-FLOP *** 
lluisff raises 1400 to 2800
TAgAS folds
P1xel7 folds
Hix calls 2800
Fabio Panini folds
Triz au mic folds
*** FLOP *** [Qs 4d 9s]
lluisff bets 2598
Hix calls 2598
*** TURN *** [Qs 4d 9s][Qc]
lluisff bets 4157
Hix raises 12956 to 17113
lluisff calls 12956
*** RIVER *** [Qs 4d 9s Qc][6c]
lluisff bets 16299 and is all-in
Hix calls 16299
*** SHOW DOWN ***
Hix shows [Qd Kc] (Trips of Queens)
lluisff shows [9d 9c] (Full of 9 and Queens)
lluisff collected 80680 from pot
*** SUMMARY ***
Total pot 80680 | No rake
Board: [Qs 4d 9s Qc 6c]
Seat 3: lluisff showed [9d 9c] and won 80680 with Full of 9 and Queens
Seat 6: Hix (button) showed [Qd Kc] and lost with Trips of Queens


Winamax Poker - Tournament "MYSTERY KO" buyIn: 1.80€ + 0.20€ level: 13 - HandId: #3173533287561822245-138-1706819667 - Holdem no limit (200/800/1600) - 2024/02/01 20:34:27 UTC
Table: 'MYSTERY KO(738895798)#0036' 6-max (real money) Seat #1 is the button
Seat 1: Fabio Panini (17484)
Seat 2: Triz au mic (40097)
Seat 3: lluisff (80680)
Seat 4: TAgAS (64972)
Seat 5: P1xel7 (96328)
Seat 6: Hix (11164)
*** ANTE/BLINDS ***
Triz au mic posts ante 200
lluisff posts ante 200
Fabio Panini posts ante 200
TAgAS posts ante 200
P1xel7 posts ante 200
Hix posts ante 200
Triz au mic posts small blind 800
lluisff posts big blind 1600
Dealt to P1xel7 [2h Ts]
*** PRE-FLOP *** 
TAgAS folds
P1xel7 folds
Hix folds
Fabio Panini folds
Triz au mic folds
lluisff collected 3600 from pot
*** SUMMARY ***
Total pot 3600 | No rake
Seat 3: lluisff (big blind) won 3600


Winamax Poker - Tournament "MYSTERY KO" buyIn: 1.80€ + 0.20€ level: 13 - HandId: #3173533287561822245-139-1706819682 - Holdem no limit (200/800/1600) - 2024/02/01 20:34:42 UTC
Table: 'MYSTERY KO(738895798)#0036' 6-max (real money) Seat #2 is the button
Seat 1: Fabio Panini (17284)
Seat 2: Triz au mic (39097)
Seat 3: lluisff (82480)
Seat 4: TAgAS (64772)
Seat 5: P1xel7 (96128)
Seat 6: Hix (10964)
*** ANTE/BLINDS ***
lluisff posts ante 200
TAgAS posts ante 200
Fabio Panini posts ante 200
Triz au mic posts ante 200
P1xel7 posts ante 200
Hix posts ante 200
lluisff posts small blind 800
TAgAS posts big blind 1600
Dealt to P1xel7 [9s 6s]
*** PRE-FLOP *** 
P1xel7 folds
Hix folds
Fabio Panini folds
Triz au mic raises 1600 to 3200
lluisff folds
TAgAS folds
Triz au mic collected 6800 from pot
*** SUMMARY ***
Total pot 6800 | No rake
Seat 2: Triz au mic (button) won 6800


Winamax Poker - Tournament "MYSTERY KO" buyIn: 1.80€ + 0.20€ level: 13 - HandId: #3173533287561822245-140-1706819697 - Holdem no limit (200/800/1600) - 2024/02/01 20:34:57 UTC
Table: 'MYSTERY KO(738895798)#0036' 6-max (real money) Seat #3 is the button
Seat 1: Fabio Panini (17084)
Seat 2: Triz au mic (42497)
Seat 3: lluisff (81480)
Seat 4: TAgAS (62972)
Seat 5: P1xel7 (95928)
Seat 6: Hix (10764)
*** ANTE/BLINDS ***
TAgAS posts ante 200
P1xel7 posts ante 200
Fabio Panini posts ante 200
Triz au mic posts ante 200
lluisff posts ante 200
Hix posts ante 200
TAgAS posts small blind 800
P1xel7 posts big blind 1600
Dealt to P1xel7 [2h 7s]
*** PRE-FLOP *** 
Hix raises 8964 to 10564 and is all-in
Fabio Panini raises 6320 to 16884 and is all-in
Triz au mic folds
lluisff calls 16884
TAgAS folds
P1xel7 folds
*** FLOP *** [9h 4h Js]
*** TURN *** [9h 4h Js][Ks]
*** RIVER *** [9h 4h Js Ks][6h]
*** SHOW DOWN ***
Fabio Panini shows [Ad Ts] (High card : Ace)
Hix shows [3c 3h] (One pair : 3)
lluisff shows [Qc Kh] (One pair : Kings)
lluisff collected 47932 from pot
*** SUMMARY ***
Total pot 47932 | No rake
Board: [9h 4h Js Ks 6h]
Seat 1: Fabio Panini showed [Ad Ts] and lost with High card : Ace
Seat 3: lluisff (button) showed [Qc Kh] and won 47932 with One pair : Kings
Seat 6: Hix showed [3c 3h] and lost with One pair : 3


Winamax Poker - Tournament "MYSTERY KO" buyIn: 1.80€ + 0.20€ level: 13 - HandId: #3173533287561822245-141-1706819717 - Holdem no limit (200/800/1600) - 2024/02/01 20:35:17 UTC
Table: 'MYSTERY KO(738895798)#0036' 6-max (real money) Seat #4 is the button
Seat 2: Triz au mic (42297)
Seat 3: lluisff (112328)
Seat 4: TAgAS (61972)
Seat 5: P1xel7 (94128)
*** ANTE/BLINDS ***
P1xel7 posts ante 200
Triz au mic posts ante 200
lluisff posts ante 200
TAgAS posts ante 200
P1xel7 posts small blind 800
Triz au mic posts big blind 1600
Dealt to P1xel7 [Ad 6h]
*** PRE-FLOP *** 
lluisff raises 1600 to 3200
TAgAS raises 6400 to 9600
P1xel7 folds
Triz au mic folds
lluisff folds
TAgAS collected 16000 from pot
*** SUMMARY ***
Total pot 16000 | No rake
Seat 4: TAgAS (button) won 16000


Winamax Poker - Tournament "MYSTERY KO" buyIn: 1.80€ + 0.20€ level: 13 - HandId: #3173533287561822245-142-1706819736 - Holdem no limit (200/800/1600) - 2024/02/01 20:35:36 UTC
Table: 'MYSTERY KO(738895798)#0036' 6-max (real money) Seat #5 is the button
Seat 1: Moogzzy (26622)
Seat 2: Triz au mic (40497)
Seat 3: lluisff (108928)
Seat 4: TAgAS (68172)
Seat 5: P1xel7 (93128)
Seat 6: IBetTurnR (57986)
*** ANTE/BLINDS ***
Triz au mic posts ante 200
lluisff posts ante 200
TAgAS posts ante 200
P1xel7 posts ante 200
Triz au mic posts small blind 800
lluisff posts big blind 1600
Dealt to P1xel7 [Th 8d]
*** PRE-FLOP *** 
TAgAS folds
P1xel7 folds
Triz au mic folds
lluisff collected 3200 from pot
*** SUMMARY ***
Total pot 3200 | No rake
Seat 3: lluisff (big blind) won 3200


Winamax Poker - Tournament "MYSTERY KO" buyIn: 1.80€ + 0.20€ level: 13 - HandId: #3173533287561822245-143-1706819749 - Holdem no limit (200/800/1600) - 2024/02/01 20:35:49 UTC
Table: 'MYSTERY KO(738895798)#0036' 6-max (real money) Seat #2 is the button
Seat 1: Moogzzy (26622)
Seat 2: Triz au mic (39497)
Seat 3: lluisff (110328)
Seat 4: TAgAS (67972)
Seat 5: P1xel7 (92928)
Seat 6: IBetTurnR (57986)
*** ANTE/BLINDS ***
lluisff posts ante 200
TAgAS posts ante 200
Moogzzy posts ante 200
Triz au mic posts ante 200
P1xel7 posts ante 200
IBetTurnR posts ante 200
lluisff posts small blind 800
TAgAS posts big blind 1600
Dealt to P1xel7 [2d 4d]
*** PRE-FLOP *** 
P1xel7 folds
IBetTurnR folds
Moogzzy folds
Triz au mic raises 1600 to 3200
lluisff calls 2400
TAgAS calls 1600
*** FLOP *** [Td Js Kh]
lluisff checks
TAgAS checks
Triz au mic checks
*** TURN *** [Td Js Kh][Ah]
lluisff checks
TAgAS checks
Triz au mic checks
*** RIVER *** [Td Js Kh Ah][7d]
lluisff bets 7344
TAgAS folds
Triz au mic folds
lluisff collected 18144 from pot
*** SUMMARY ***
Total pot 18144 | No rake
Board: [Td Js Kh Ah 7d]
Seat 3: lluisff (small blind) won 18144


Winamax Poker - Tournament "MYSTERY KO" buyIn: 1.80€ + 0.20€ level: 13 - HandId: #3173533287561822245-144-1706819805 - Holdem no limit (200/800/1600) - 2024/02/01 20:36:45 UTC
Table: 'MYSTERY KO(738895798)#0036' 6-max (real money) Seat #3 is the button
Seat 1: Moogzzy (26422)
Seat 2: Triz au mic (36097)
Seat 3: lluisff (117728)
Seat 4: TAgAS (64572)
Seat 5: P1xel7 (92728)
Seat 6: IBetTurnR (57786)
*** ANTE/BLINDS ***
TAgAS posts ante 200
P1xel7 posts ante 200
Moogzzy posts ante 200
Triz au mic posts ante 200
lluisff posts ante 200
IBetTurnR posts ante 200
TAgAS posts small blind 800
P1xel7 posts big blind 1600
Dealt to P1xel7 [7h Kc]
*** PRE-FLOP *** 
IBetTurnR folds
Moogzzy folds
Triz au mic folds
lluisff raises 1600 to 3200
TAgAS folds
P1xel7 calls 1600
*** FLOP *** [Ac 5c Qd]
P1xel7 checks
lluisff bets 2100
P1xel7 folds
lluisff collected 10500 from pot
*** SUMMARY ***
Total pot 10500 | No rake
Board: [Ac 5c Qd]
Seat 3: lluisff (button) won 10500


Winamax Poker - Tournament "MYSTERY KO" buyIn: 1.80€ + 0.20€ level: 13 - HandId: #3173533287561822245-145-1706819837 - Holdem no limit (200/800/1600) - 2024/02/01 20:37:17 UTC
Table: 'MYSTERY KO(738895798)#0036' 6-max (real money) Seat #4 is the button
Seat 1: Moogzzy (26222)
Seat 2: Triz au mic (35897)
Seat 3: lluisff (122728)
Seat 4: TAgAS (63572)
Seat 5: P1xel7 (89328)
Seat 6: IBetTurnR (57586)
*** ANTE/BLINDS ***
P1xel7 posts ante 200
IBetTurnR posts ante 200
Moogzzy posts ante 200
Triz au mic posts ante 200
lluisff posts ante 200
TAgAS posts ante 200
P1xel7 posts small blind 800
IBetTurnR posts big blind 1600
Dealt to P1xel7 [6h Qh]
*** PRE-FLOP *** 
Moogzzy raises 2400 to 4000
Triz au mic folds
lluisff folds
TAgAS folds
P1xel7 folds
IBetTurnR folds
Moogzzy collected 7600 from pot
*** SUMMARY ***
Total pot 7600 | No rake
Seat 1: Moogzzy won 7600


Winamax Poker - Tournament "MYSTERY KO" buyIn: 1.80€ + 0.20€ level: 13 - HandId: #3173533287561822245-146-1706819861 - Holdem no limit (200/800/1600) - 2024/02/01 20:37:41 UTC
Table: 'MYSTERY KO(738895798)#0036' 6-max (real money) Seat #5 is the button
Seat 1: Moogzzy (29622)
Seat 2: Triz au mic (35697)
Seat 3: lluisff (122528)
Seat 4: TAgAS (63372)
Seat 5: P1xel7 (88328)
Seat 6: IBetTurnR (55786)
*** ANTE/BLINDS ***
IBetTurnR posts ante 200
Moogzzy posts ante 200
Triz au mic posts ante 200
lluisff posts ante 200
TAgAS posts ante 200
P1xel7 posts ante 200
IBetTurnR posts small blind 800
Moogzzy posts big blind 1600
Dealt to P1xel7 [Qs 9c]
*** PRE-FLOP *** 
Triz au mic folds
lluisff raises 1600 to 3200
TAgAS folds
P1xel7 folds
IBetTurnR folds
Moogzzy folds
lluisff collected 6800 from pot
*** SUMMARY ***
Total pot 6800 | No rake
Seat 3: lluisff won 6800


Winamax Poker - Tournament "MYSTERY KO" buyIn: 1.80€ + 0.20€ level: 13 - HandId: #3173533287561822245-147-1706819885 - Holdem no limit (200/800/1600) - 2024/02/01 20:38:05 UTC
Table: 'MYSTERY KO(738895798)#0036' 6-max (real money) Seat #6 is the button
Seat 1: Moogzzy (27822)
Seat 2: Triz au mic (35497)
Seat 3: lluisff (125928)
Seat 4: TAgAS (63172)
Seat 5: P1xel7 (88128)
Seat 6: IBetTurnR (54786)
*** ANTE/BLINDS ***
Moogzzy posts ante 200
Triz au mic posts ante 200
lluisff posts ante 200
TAgAS posts ante 200
P1xel7 posts ante 200
IBetTurnR posts ante 200
Moogzzy posts small blind 800
Triz au mic posts big blind 1600
Dealt to P1xel7 [4s 6c]
*** PRE-FLOP *** 
lluisff raises 1600 to 3200
TAgAS folds
P1xel7 folds
IBetTurnR folds
Moogzzy raises 24422 to 27622 and is all-in
Triz au mic folds
lluisff calls 24422
*** FLOP *** [9d 4d Jd]
*** TURN *** [9d 4d Jd][2h]
*** RIVER *** [9d 4d Jd 2h][Ac]
*** SHOW DOWN ***
Moogzzy shows [8c 8h] (One pair : 8)
lluisff shows [Ah Jc] (Two pairs : Aces and Jacks)
lluisff collected 58044 from pot
*** SUMMARY ***
Total pot 58044 | No rake
Board: [9d 4d Jd 2h Ac]
Seat 1: Moogzzy (small blind) showed [8c 8h] and lost with One pair : 8
Seat 3: lluisff showed [Ah Jc] and won 58044 with Two pairs : Aces and Jacks


Winamax Poker - Tournament "MYSTERY KO" buyIn: 1.80€ + 0.20€ level: 13 - HandId: #3173533287561822245-148-1706819932 - Holdem no limit (200/800/1600) - 2024/02/01 20:38:52 UTC
Table: 'MYSTERY KO(738895798)#0036' 6-max (real money) Seat #1 is the button
Seat 2: Triz au mic (33697)
Seat 3: lluisff (156150)
Seat 4: TAgAS (62972)
Seat 5: P1xel7 (87928)
Seat 6: IBetTurnR (54586)
*** ANTE/BLINDS ***
Triz au mic posts ante 200
lluisff posts ante 200
TAgAS posts ante 200
P1xel7 posts ante 200
IBetTurnR posts ante 200
Triz au mic posts small blind 800
lluisff posts big blind 1600
Dealt to P1xel7 [2c 9d]
*** PRE-FLOP *** 
TAgAS raises 1600 to 3200
P1xel7 folds
IBetTurnR calls 3200
Triz au mic folds
lluisff folds
*** FLOP *** [Qd 9c Ts]
TAgAS bets 3430
IBetTurnR calls 3430
*** TURN *** [Qd 9c Ts][2s]
TAgAS bets 8330
IBetTurnR folds
TAgAS collected 24990 from pot
*** SUMMARY ***
Total pot 24990 | No rake
Board: [Qd 9c Ts 2s]
Seat 4: TAgAS won 24990


Winamax Poker - Tournament "MYSTERY KO" buyIn: 1.80€ + 0.20€ level: 13 - HandId: #3173533287561822245-149-1706819980 - Holdem no limit (200/800/1600) - 2024/02/01 20:39:40 UTC
Table: 'MYSTERY KO(738895798)#0036' 6-max (real money) Seat #2 is the button
Seat 2: Triz au mic (32697)
Seat 3: lluisff (154350)
Seat 4: TAgAS (72802)
Seat 5: P1xel7 (87728)
Seat 6: IBetTurnR (47756)
*** ANTE/BLINDS ***
lluisff posts ante 200
TAgAS posts ante 200
Triz au mic posts ante 200
P1xel7 posts ante 200
IBetTurnR posts ante 200
lluisff posts small blind 800
TAgAS posts big blind 1600
Dealt to P1xel7 [9d 7s]
*** PRE-FLOP *** 
P1xel7 folds
IBetTurnR folds
Triz au mic folds
lluisff calls 800
TAgAS checks
*** FLOP *** [2c Jc 6d]
lluisff bets 1600
TAgAS calls 1600
*** TURN *** [2c Jc 6d][3s]
lluisff bets 10138
TAgAS folds
lluisff collected 17538 from pot
*** SUMMARY ***
Total pot 17538 | No rake
Board: [2c Jc 6d 3s]
Seat 3: lluisff (small blind) won 17538


Winamax Poker - Tournament "MYSTERY KO" buyIn: 1.80€ + 0.20€ level: 13 - HandId: #3173533287561822245-150-1706820005 - Holdem no limit (200/800/1600) - 2024/02/01 20:40:05 UTC
Table: 'MYSTERY KO(738895798)#0036' 6-max (real money) Seat #3 is the button
Seat 2: Triz au mic (32497)
Seat 3: lluisff (158350)
Seat 4: TAgAS (69402)
Seat 5: P1xel7 (87528)
Seat 6: IBetTurnR (47556)
*** ANTE/BLINDS ***
TAgAS posts ante 200
P1xel7 posts ante 200
Triz au mic posts ante 200
lluisff posts ante 200
IBetTurnR posts ante 200
TAgAS posts small blind 800
P1xel7 posts big blind 1600
Dealt to P1xel7 [Ks 4s]
*** PRE-FLOP *** 
IBetTurnR folds
Triz au mic folds
lluisff folds
TAgAS raises 4000 to 5600
P1xel7 folds
TAgAS collected 8200 from pot
*** SUMMARY ***
Total pot 8200 | No rake
Seat 4: TAgAS (small blind) won 8200


Winamax Poker - Tournament "MYSTERY KO" buyIn: 1.80€ + 0.20€ level: 13 - HandId: #3173533287561822245-151-1706820029 - Holdem no limit (200/800/1600) - 2024/02/01 20:40:29 UTC
Table: 'MYSTERY KO(738895798)#0036' 6-max (real money) Seat #4 is the button
Seat 2: Triz au mic (32297)
Seat 3: lluisff (158150)
Seat 4: TAgAS (71802)
Seat 5: P1xel7 (85728)
Seat 6: IBetTurnR (47356)
*** ANTE/BLINDS ***
P1xel7 posts ante 200
IBetTurnR posts ante 200
Triz au mic posts ante 200
lluisff posts ante 200
TAgAS posts ante 200
P1xel7 posts small blind 800
IBetTurnR posts big blind 1600
Dealt to P1xel7 [7c 3h]
*** PRE-FLOP *** 
Triz au mic folds
lluisff folds
TAgAS raises 1600 to 3200
P1xel7 folds
IBetTurnR folds
TAgAS collected 6600 from pot
*** SUMMARY ***
Total pot 6600 | No rake
Seat 4: TAgAS (button) won 6600


Winamax Poker - Tournament "MYSTERY KO" buyIn: 1.80€ + 0.20€ level: 13 - HandId: #3173533287561822245-152-1706820047 - Holdem no limit (200/800/1600) - 2024/02/01 20:40:47 UTC
Table: 'MYSTERY KO(738895798)#0036' 6-max (real money) Seat #5 is the button
Seat 2: Triz au mic (32097)
Seat 3: lluisff (157950)
Seat 4: TAgAS (75002)
Seat 5: P1xel7 (84728)
Seat 6: IBetTurnR (45556)
*** ANTE/BLINDS ***
IBetTurnR posts ante 200
Triz au mic posts ante 200
lluisff posts ante 200
TAgAS posts ante 200
P1xel7 posts ante 200
IBetTurnR posts small blind 800
Triz au mic posts big blind 1600
Dealt to P1xel7 [4h 7h]
*** PRE-FLOP *** 
lluisff folds
TAgAS folds
P1xel7 folds
IBetTurnR raises 4000 to 5600
Triz au mic calls 4000
*** FLOP *** [9d 4d Ts]
IBetTurnR bets 4270
Triz au mic raises 22027 to 26297 and is all-in
IBetTurnR folds
Triz au mic collected 42767 from pot
*** SUMMARY ***
Total pot 42767 | No rake
Board: [9d 4d Ts]
Seat 2: Triz au mic (big blind) won 42767


Winamax Poker - Tournament "MYSTERY KO" buyIn: 1.80€ + 0.20€ level: 14 - HandId: #3173533287561822245-153-1706820091 - Holdem no limit (250/1000/2000) - 2024/02/01 20:41:31 UTC
Table: 'MYSTERY KO(738895798)#0036' 6-max (real money) Seat #6 is the button
Seat 1: KNNK (104796)
Seat 2: Triz au mic (42767)
Seat 3: lluisff (157750)
Seat 4: TAgAS (74802)
Seat 5: P1xel7 (84528)
Seat 6: IBetTurnR (35486)
*** ANTE/BLINDS ***
Triz au mic posts ante 250
lluisff posts ante 250
TAgAS posts ante 250
P1xel7 posts ante 250
IBetTurnR posts ante 250
Triz au mic posts small blind 1000
lluisff posts big blind 2000
Dealt to P1xel7 [Kc 3c]
*** PRE-FLOP *** 
TAgAS folds
P1xel7 folds
IBetTurnR raises 2200 to 4200
Triz au mic raises 38317 to 42517 and is all-in
lluisff folds
IBetTurnR calls 31036 and is all-in
*** FLOP *** [9h Kd 4h]
*** TURN *** [9h Kd 4h][Ac]
*** RIVER *** [9h Kd 4h Ac][8c]
*** SHOW DOWN ***
Triz au mic shows [As 8h] (Two pairs : Aces and 8)
IBetTurnR shows [Ah Kh] (Two pairs : Aces and Kings)
IBetTurnR collected 73722 from main pot
Triz au mic collected 7281 from side pot 1
*** SUMMARY ***
Total pot 81003 | No rake
Board: [9h Kd 4h Ac 8c]
Seat 2: Triz au mic (small blind) showed [As 8h] and won 7281 with Two pairs : Aces and 8
Seat 6: IBetTurnR (button) showed [Ah Kh] and won 73722 with Two pairs : Aces and Kings


Winamax Poker - Tournament "MYSTERY KO" buyIn: 1.80€ + 0.20€ level: 14 - HandId: #3173533287561822245-154-1706820119 - Holdem no limit (250/1000/2000) - 2024/02/01 20:41:59 UTC
Table: 'MYSTERY KO(738895798)#0036' 6-max (real money) Seat #2 is the button
Seat 1: KNNK (104796)
Seat 2: Triz au mic (7281)
Seat 3: lluisff (155500)
Seat 4: TAgAS (74552)
Seat 5: P1xel7 (84278)
Seat 6: IBetTurnR (73722)
*** ANTE/BLINDS ***
lluisff posts ante 250
TAgAS posts ante 250
KNNK posts ante 250
Triz au mic posts ante 250
P1xel7 posts ante 250
IBetTurnR posts ante 250
lluisff posts small blind 1000
TAgAS posts big blind 2000
Dealt to P1xel7 [5d Ah]
*** PRE-FLOP *** 
P1xel7 folds
IBetTurnR folds
KNNK calls 2000
Triz au mic raises 5031 to 7031 and is all-in
lluisff folds
TAgAS raises 67271 to 74302 and is all-in
KNNK folds
*** FLOP *** [2c 2s 8c]
*** TURN *** [2c 2s 8c][As]
*** RIVER *** [2c 2s 8c As][9s]
*** SHOW DOWN ***
Triz au mic shows [Kh 7s] (One pair : 2)
TAgAS shows [Ad 5c] (Two pairs : Aces and 2)
TAgAS collected 85833 from pot
*** SUMMARY ***
Total pot 85833 | No rake
Board: [2c 2s 8c As 9s]
Seat 2: Triz au mic (button) showed [Kh 7s] and lost with One pair : 2
Seat 4: TAgAS (big blind) showed [Ad 5c] and won 85833 with Two pairs : Aces and 2


Winamax Poker - Tournament "MYSTERY KO" buyIn: 1.80€ + 0.20€ level: 14 - HandId: #3173533287561822245-155-1706820164 - Holdem no limit (250/1000/2000) - 2024/02/01 20:42:44 UTC
Table: 'MYSTERY KO(738895798)#0036' 6-max (real money) Seat #3 is the button
Seat 1: KNNK (102546)
Seat 3: lluisff (154250)
Seat 4: TAgAS (85833)
Seat 5: P1xel7 (84028)
Seat 6: IBetTurnR (73472)
*** ANTE/BLINDS ***
TAgAS posts ante 250
P1xel7 posts ante 250
KNNK posts ante 250
lluisff posts ante 250
IBetTurnR posts ante 250
TAgAS posts small blind 1000
P1xel7 posts big blind 2000
Dealt to P1xel7 [8h Td]
*** PRE-FLOP *** 
IBetTurnR folds
KNNK folds
lluisff raises 2200 to 4200
TAgAS raises 12800 to 17000
P1xel7 folds
lluisff calls 12800
*** FLOP *** [Ah 2d 9s]
TAgAS bets 15000
lluisff folds
TAgAS collected 52250 from pot
*** SUMMARY ***
Total pot 52250 | No rake
Board: [Ah 2d 9s]
Seat 4: TAgAS (small blind) won 52250


Winamax Poker - Tournament "MYSTERY KO" buyIn: 1.80€ + 0.20€ level: 14 - HandId: #3173533287561822245-156-1706820224 - Holdem no limit (250/1000/2000) - 2024/02/01 20:43:44 UTC
Table: 'MYSTERY KO(738895798)#0036' 6-max (real money) Seat #4 is the button
Seat 1: KNNK (102296)
Seat 2: InYoursHeads (86643)
Seat 3: lluisff (137000)
Seat 4: TAgAS (105833)
Seat 5: P1xel7 (81778)
Seat 6: IBetTurnR (73222)
*** ANTE/BLINDS ***
P1xel7 posts ante 250
IBetTurnR posts ante 250
KNNK posts ante 250
InYoursHeads posts ante 250
lluisff posts ante 250
TAgAS posts ante 250
P1xel7 posts small blind 1000
IBetTurnR posts big blind 2000
Dealt to P1xel7 [8c 7h]
*** PRE-FLOP *** 
KNNK folds
InYoursHeads folds
lluisff folds
TAgAS folds
P1xel7 folds
IBetTurnR collected 4500 from pot
*** SUMMARY ***
Total pot 4500 | No rake
Seat 6: IBetTurnR (big blind) won 4500


Winamax Poker - Tournament "MYSTERY KO" buyIn: 1.80€ + 0.20€ level: 14 - HandId: #3173533287561822245-157-1706820238 - Holdem no limit (250/1000/2000) - 2024/02/01 20:43:58 UTC
Table: 'MYSTERY KO(738895798)#0036' 6-max (real money) Seat #5 is the button
Seat 1: KNNK (102046)
Seat 2: InYoursHeads (86393)
Seat 3: lluisff (136750)
Seat 4: TAgAS (105583)
Seat 5: P1xel7 (80528)
Seat 6: IBetTurnR (75472)
*** ANTE/BLINDS ***
IBetTurnR posts ante 250
KNNK posts ante 250
InYoursHeads posts ante 250
lluisff posts ante 250
TAgAS posts ante 250
P1xel7 posts ante 250
IBetTurnR posts small blind 1000
KNNK posts big blind 2000
Dealt to P1xel7 [Tc 4c]
*** PRE-FLOP *** 
InYoursHeads folds
lluisff folds
TAgAS folds
P1xel7 folds
IBetTurnR calls 1000
KNNK checks
*** FLOP *** [9h Jh Kd]
IBetTurnR checks
KNNK bets 2000
IBetTurnR folds
KNNK collected 7500 from pot
*** SUMMARY ***
Total pot 7500 | No rake
Board: [9h Jh Kd]
Seat 1: KNNK (big blind) won 7500


Winamax Poker - Tournament "MYSTERY KO" buyIn: 1.80€ + 0.20€ level: 14 - HandId: #3173533287561822245-158-1706820295 - Holdem no limit (250/1000/2000) - 2024/02/01 20:44:55 UTC
Table: 'MYSTERY KO(738895798)#0036' 6-max (real money) Seat #6 is the button
Seat 1: KNNK (105296)
Seat 2: InYoursHeads (86143)
Seat 3: lluisff (136500)
Seat 4: TAgAS (105333)
Seat 5: P1xel7 (80278)
Seat 6: IBetTurnR (73222)
*** ANTE/BLINDS ***
KNNK posts ante 250
InYoursHeads posts ante 250
lluisff posts ante 250
TAgAS posts ante 250
P1xel7 posts ante 250
IBetTurnR posts ante 250
KNNK posts small blind 1000
InYoursHeads posts big blind 2000
Dealt to P1xel7 [4c 5d]
*** PRE-FLOP *** 
lluisff folds
TAgAS raises 3000 to 5000
P1xel7 folds
IBetTurnR folds
KNNK folds
InYoursHeads folds
TAgAS collected 9500 from pot
*** SUMMARY ***
Total pot 9500 | No rake
Seat 4: TAgAS won 9500


Winamax Poker - Tournament "MYSTERY KO" buyIn: 1.80€ + 0.20€ level: 14 - HandId: #3173533287561822245-159-1706820335 - Holdem no limit (250/1000/2000) - 2024/02/01 20:45:35 UTC
Table: 'MYSTERY KO(738895798)#0036' 6-max (real money) Seat #1 is the button
Seat 1: KNNK (104046)
Seat 2: InYoursHeads (83893)
Seat 3: lluisff (136250)
Seat 4: TAgAS (109583)
Seat 5: P1xel7 (80028)
Seat 6: IBetTurnR (72972)
*** ANTE/BLINDS ***
InYoursHeads posts ante 250
lluisff posts ante 250
KNNK posts ante 250
TAgAS posts ante 250
P1xel7 posts ante 250
IBetTurnR posts ante 250
InYoursHeads posts small blind 1000
lluisff posts big blind 2000
Dealt to P1xel7 [4d 4h]
*** PRE-FLOP *** 
TAgAS folds
P1xel7 raises 3000 to 5000
IBetTurnR folds
KNNK folds
InYoursHeads folds
lluisff calls 3000
*** FLOP *** [Ts Kd 5c]
lluisff checks
P1xel7 bets 4375
lluisff folds
P1xel7 collected 16875 from pot
*** SUMMARY ***
Total pot 16875 | No rake
Board: [Ts Kd 5c]
Seat 5: P1xel7 won 16875


Winamax Poker - Tournament "MYSTERY KO" buyIn: 1.80€ + 0.20€ level: 14 - HandId: #3173533287561822245-160-1706820381 - Holdem no limit (250/1000/2000) - 2024/02/01 20:46:21 UTC
Table: 'MYSTERY KO(738895798)#0036' 6-max (real money) Seat #2 is the button
Seat 1: KNNK (103796)
Seat 2: InYoursHeads (82643)
Seat 3: lluisff (131000)
Seat 4: TAgAS (109333)
Seat 5: P1xel7 (87278)
Seat 6: IBetTurnR (72722)
*** ANTE/BLINDS ***
lluisff posts ante 250
TAgAS posts ante 250
KNNK posts ante 250
InYoursHeads posts ante 250
P1xel7 posts ante 250
IBetTurnR posts ante 250
lluisff posts small blind 1000
TAgAS posts big blind 2000
Dealt to P1xel7 [7s 8d]
*** PRE-FLOP *** 
P1xel7 folds
IBetTurnR folds
KNNK calls 2000
InYoursHeads folds
lluisff raises 5000 to 7000
TAgAS folds
KNNK folds
lluisff collected 12500 from pot
*** SUMMARY ***
Total pot 12500 | No rake
Seat 3: lluisff (small blind) won 12500


Winamax Poker - Tournament "MYSTERY KO" buyIn: 1.80€ + 0.20€ level: 14 - HandId: #3173533287561822245-161-1706820417 - Holdem no limit (250/1000/2000) - 2024/02/01 20:46:57 UTC
Table: 'MYSTERY KO(738895798)#0036' 6-max (real money) Seat #3 is the button
Seat 1: KNNK (101546)
Seat 2: InYoursHeads (82393)
Seat 3: lluisff (136250)
Seat 4: TAgAS (107083)
Seat 5: P1xel7 (87028)
Seat 6: IBetTurnR (72472)
*** ANTE/BLINDS ***
TAgAS posts ante 250
P1xel7 posts ante 250
KNNK posts ante 250
InYoursHeads posts ante 250
lluisff posts ante 250
IBetTurnR posts ante 250
TAgAS posts small blind 1000
P1xel7 posts big blind 2000
Dealt to P1xel7 [Jd Kd]
*** PRE-FLOP *** 
IBetTurnR folds
KNNK folds
InYoursHeads folds
lluisff raises 2200 to 4200
TAgAS folds
P1xel7 calls 2200
*** FLOP *** [6s Ks 4s]
P1xel7 checks
lluisff checks
*** TURN *** [6s Ks 4s][Jh]
P1xel7 bets 3815
lluisff calls 3815
*** RIVER *** [6s Ks 4s Jh][8h]
P1xel7 bets 9265
lluisff folds
P1xel7 collected 27795 from pot
*** SUMMARY ***
Total pot 27795 | No rake
Board: [6s Ks 4s Jh 8h]
Seat 5: P1xel7 (big blind) won 27795


Winamax Poker - Tournament "MYSTERY KO" buyIn: 1.80€ + 0.20€ level: 15 - HandId: #3173533287561822245-162-1706820484 - Holdem no limit (300/1250/2500) - 2024/02/01 20:48:04 UTC
Table: 'MYSTERY KO(738895798)#0036' 6-max (real money) Seat #4 is the button
Seat 1: KNNK (101296)
Seat 2: InYoursHeads (82143)
Seat 3: lluisff (127985)
Seat 4: TAgAS (105833)
Seat 5: P1xel7 (97293)
Seat 6: IBetTurnR (72222)
*** ANTE/BLINDS ***
P1xel7 posts ante 300
IBetTurnR posts ante 300
KNNK posts ante 300
InYoursHeads posts ante 300
lluisff posts ante 300
TAgAS posts ante 300
P1xel7 posts small blind 1250
IBetTurnR posts big blind 2500
Dealt to P1xel7 [3s 6h]
*** PRE-FLOP *** 
KNNK calls 2500
InYoursHeads folds
lluisff folds
TAgAS folds
P1xel7 folds
IBetTurnR checks
*** FLOP *** [Qc Jc 5h]
IBetTurnR checks
KNNK bets 2818
IBetTurnR folds
KNNK collected 10868 from pot
*** SUMMARY ***
Total pot 10868 | No rake
Board: [Qc Jc 5h]
Seat 1: KNNK won 10868


Winamax Poker - Tournament "MYSTERY KO" buyIn: 1.80€ + 0.20€ level: 15 - HandId: #3173533287561822245-163-1706820520 - Holdem no limit (300/1250/2500) - 2024/02/01 20:48:40 UTC
Table: 'MYSTERY KO(738895798)#0036' 6-max (real money) Seat #5 is the button
Seat 1: KNNK (106546)
Seat 2: InYoursHeads (81843)
Seat 3: lluisff (127685)
Seat 4: TAgAS (105533)
Seat 5: P1xel7 (95743)
Seat 6: IBetTurnR (69422)
*** ANTE/BLINDS ***
IBetTurnR posts ante 300
KNNK posts ante 300
InYoursHeads posts ante 300
lluisff posts ante 300
TAgAS posts ante 300
P1xel7 posts ante 300
IBetTurnR posts small blind 1250
KNNK posts big blind 2500
Dealt to P1xel7 [2d Js]
*** PRE-FLOP *** 
InYoursHeads folds
lluisff folds
TAgAS raises 3000 to 5500
P1xel7 folds
IBetTurnR folds
KNNK folds
TAgAS collected 11050 from pot
*** SUMMARY ***
Total pot 11050 | No rake
Seat 4: TAgAS won 11050


Winamax Poker - Tournament "MYSTERY KO" buyIn: 1.80€ + 0.20€ level: 15 - HandId: #3173533287561822245-164-1706820550 - Holdem no limit (300/1250/2500) - 2024/02/01 20:49:10 UTC
Table: 'MYSTERY KO(738895798)#0036' 6-max (real money) Seat #6 is the button
Seat 1: KNNK (103746)
Seat 2: InYoursHeads (81543)
Seat 3: lluisff (127385)
Seat 4: TAgAS (110783)
Seat 5: P1xel7 (95443)
Seat 6: IBetTurnR (67872)
*** ANTE/BLINDS ***
KNNK posts ante 300
InYoursHeads posts ante 300
lluisff posts ante 300
TAgAS posts ante 300
P1xel7 posts ante 300
IBetTurnR posts ante 300
KNNK posts small blind 1250
InYoursHeads posts big blind 2500
Dealt to P1xel7 [Jh Kh]
*** PRE-FLOP *** 
lluisff folds
TAgAS raises 3000 to 5500
P1xel7 calls 5500
IBetTurnR folds
KNNK folds
InYoursHeads folds
*** FLOP *** [Jd 7c 8c]
TAgAS bets 4138
P1xel7 raises 5999 to 10137
TAgAS calls 5999
*** TURN *** [Jd 7c 8c][3s]
TAgAS checks
P1xel7 bets 12888
TAgAS folds
P1xel7 collected 49712 from pot
*** SUMMARY ***
Total pot 49712 | No rake
Board: [Jd 7c 8c 3s]
Seat 5: P1xel7 won 49712


Winamax Poker - Tournament "MYSTERY KO" buyIn: 1.80€ + 0.20€ level: 15 - HandId: #3173533287561822245-165-1706820620 - Holdem no limit (300/1250/2500) - 2024/02/01 20:50:20 UTC
Table: 'MYSTERY KO(738895798)#0036' 6-max (real money) Seat #1 is the button
Seat 1: KNNK (102196)
Seat 2: InYoursHeads (78743)
Seat 3: lluisff (127085)
Seat 4: TAgAS (94846)
Seat 5: P1xel7 (116330)
Seat 6: IBetTurnR (67572)
*** ANTE/BLINDS ***
InYoursHeads posts ante 300
lluisff posts ante 300
KNNK posts ante 300
TAgAS posts ante 300
P1xel7 posts ante 300
IBetTurnR posts ante 300
InYoursHeads posts small blind 1250
lluisff posts big blind 2500
Dealt to P1xel7 [2h Qd]
*** PRE-FLOP *** 
TAgAS folds
P1xel7 folds
IBetTurnR folds
KNNK folds
InYoursHeads calls 1250
lluisff checks
*** FLOP *** [Tc Ad Qc]
InYoursHeads bets 2500
lluisff calls 2500
*** TURN *** [Tc Ad Qc][Jh]
InYoursHeads checks
lluisff checks
*** RIVER *** [Tc Ad Qc Jh][9h]
InYoursHeads checks
lluisff bets 8024
InYoursHeads calls 8024
*** SHOW DOWN ***
lluisff shows [5c 2c] (High card : Ace)
InYoursHeads shows [9s As] (Two pairs : Aces and 9)
InYoursHeads collected 27848 from pot
*** SUMMARY ***
Total pot 27848 | No rake
Board: [Tc Ad Qc Jh 9h]
Seat 2: InYoursHeads (small blind) showed [9s As] and won 27848 with Two pairs : Aces and 9
Seat 3: lluisff (big blind) showed [5c 2c] and lost with High card : Ace


Winamax Poker - Tournament "MYSTERY KO" buyIn: 1.80€ + 0.20€ level: 15 - HandId: #3173533287561822245-166-1706820682 - Holdem no limit (300/1250/2500) - 2024/02/01 20:51:22 UTC
Table: 'MYSTERY KO(738895798)#0036' 6-max (real money) Seat #2 is the button
Seat 1: KNNK (101896)
Seat 2: InYoursHeads (93267)
Seat 3: lluisff (113761)
Seat 4: TAgAS (94546)
Seat 5: P1xel7 (116030)
Seat 6: IBetTurnR (67272)
*** ANTE/BLINDS ***
lluisff posts ante 300
TAgAS posts ante 300
KNNK posts ante 300
InYoursHeads posts ante 300
P1xel7 posts ante 300
IBetTurnR posts ante 300
lluisff posts small blind 1250
TAgAS posts big blind 2500
Dealt to P1xel7 [Jd 9h]
*** PRE-FLOP *** 
P1xel7 folds
IBetTurnR folds
KNNK folds
InYoursHeads folds
lluisff calls 1250
TAgAS raises 6250 to 8750
lluisff calls 6250
*** FLOP *** [Qh Qc Ac]
lluisff checks
TAgAS bets 4825
lluisff folds
TAgAS collected 24125 from pot
*** SUMMARY ***
Total pot 24125 | No rake
Board: [Qh Qc Ac]
Seat 4: TAgAS (big blind) won 24125


Winamax Poker - Tournament "MYSTERY KO" buyIn: 1.80€ + 0.20€ level: 15 - HandId: #3173533287561822245-167-1706820752 - Holdem no limit (300/1250/2500) - 2024/02/01 20:52:32 UTC
Table: 'MYSTERY KO(738895798)#0036' 6-max (real money) Seat #3 is the button
Seat 1: KNNK (101596)
Seat 2: InYoursHeads (92967)
Seat 3: lluisff (104711)
Seat 4: TAgAS (104796)
Seat 5: P1xel7 (115730)
Seat 6: IBetTurnR (66972)
*** ANTE/BLINDS ***
TAgAS posts ante 300
P1xel7 posts ante 300
KNNK posts ante 300
InYoursHeads posts ante 300
lluisff posts ante 300
IBetTurnR posts ante 300
TAgAS posts small blind 1250
P1xel7 posts big blind 2500
Dealt to P1xel7 [7c 4h]
*** PRE-FLOP *** 
IBetTurnR folds
KNNK folds
InYoursHeads folds
lluisff raises 2750 to 5250
TAgAS calls 4000
P1xel7 folds
*** FLOP *** [Kh 9d 6c]
TAgAS checks
lluisff bets 10064
TAgAS calls 10064
*** TURN *** [Kh 9d 6c][Ad]
TAgAS checks
lluisff bets 23751
TAgAS folds
lluisff collected 58679 from pot
*** SUMMARY ***
Total pot 58679 | No rake
Board: [Kh 9d 6c Ad]
Seat 3: lluisff (button) won 58679


Winamax Poker - Tournament "MYSTERY KO" buyIn: 1.80€ + 0.20€ level: 15 - HandId: #3173533287561822245-168-1706820814 - Holdem no limit (300/1250/2500) - 2024/02/01 20:53:34 UTC
Table: 'MYSTERY KO(738895798)#0036' 6-max (real money) Seat #4 is the button
Seat 1: KNNK (101296)
Seat 2: InYoursHeads (92667)
Seat 3: lluisff (124025)
Seat 4: TAgAS (89182)
Seat 5: P1xel7 (112930)
Seat 6: IBetTurnR (66672)
*** ANTE/BLINDS ***
P1xel7 posts ante 300
IBetTurnR posts ante 300
KNNK posts ante 300
InYoursHeads posts ante 300
lluisff posts ante 300
TAgAS posts ante 300
P1xel7 posts small blind 1250
IBetTurnR posts big blind 2500
Dealt to P1xel7 [6d 3s]
*** PRE-FLOP *** 
KNNK folds
InYoursHeads folds
lluisff folds
TAgAS folds
P1xel7 folds
IBetTurnR collected 5550 from pot
*** SUMMARY ***
Total pot 5550 | No rake
Seat 6: IBetTurnR (big blind) won 5550


Winamax Poker - Tournament "MYSTERY KO" buyIn: 1.80€ + 0.20€ level: 15 - HandId: #3173533287561822245-169-1706820826 - Holdem no limit (300/1250/2500) - 2024/02/01 20:53:46 UTC
Table: 'MYSTERY KO(738895798)#0036' 6-max (real money) Seat #5 is the button
Seat 1: KNNK (100996)
Seat 2: InYoursHeads (92367)
Seat 3: lluisff (123725)
Seat 4: TAgAS (88882)
Seat 5: P1xel7 (111380)
Seat 6: IBetTurnR (69422)
*** ANTE/BLINDS ***
IBetTurnR posts ante 300
KNNK posts ante 300
InYoursHeads posts ante 300
lluisff posts ante 300
TAgAS posts ante 300
P1xel7 posts ante 300
IBetTurnR posts small blind 1250
KNNK posts big blind 2500
Dealt to P1xel7 [5c 5s]
*** PRE-FLOP *** 
InYoursHeads folds
lluisff raises 2500 to 5000
TAgAS raises 10000 to 15000
P1xel7 folds
IBetTurnR folds
KNNK folds
lluisff folds
TAgAS collected 25550 from pot
*** SUMMARY ***
Total pot 25550 | No rake
Seat 4: TAgAS won 25550


Winamax Poker - Tournament "MYSTERY KO" buyIn: 1.80€ + 0.20€ level: 15 - HandId: #3173533287561822245-170-1706820853 - Holdem no limit (300/1250/2500) - 2024/02/01 20:54:13 UTC
Table: 'MYSTERY KO(738895798)#0036' 6-max (real money) Seat #6 is the button
Seat 1: KNNK (98196)
Seat 2: InYoursHeads (92067)
Seat 3: lluisff (118425)
Seat 4: TAgAS (99132)
Seat 5: P1xel7 (111080)
Seat 6: IBetTurnR (67872)
*** ANTE/BLINDS ***
KNNK posts ante 300
InYoursHeads posts ante 300
lluisff posts ante 300
TAgAS posts ante 300
P1xel7 posts ante 300
IBetTurnR posts ante 300
KNNK posts small blind 1250
InYoursHeads posts big blind 2500
Dealt to P1xel7 [3c Ac]
*** PRE-FLOP *** 
lluisff raises 2500 to 5000
TAgAS folds
P1xel7 folds
IBetTurnR folds
KNNK folds
InYoursHeads folds
lluisff collected 10550 from pot
*** SUMMARY ***
Total pot 10550 | No rake
Seat 3: lluisff won 10550


Winamax Poker - Tournament "MYSTERY KO" buyIn: 1.80€ + 0.20€ level: 15 - HandId: #3173533287561822245-171-1706820873 - Holdem no limit (300/1250/2500) - 2024/02/01 20:54:33 UTC
Table: 'MYSTERY KO(738895798)#0036' 6-max (real money) Seat #1 is the button
Seat 1: KNNK (96646)
Seat 2: InYoursHeads (89267)
Seat 3: lluisff (123675)
Seat 4: TAgAS (98832)
Seat 5: P1xel7 (110780)
Seat 6: IBetTurnR (67572)
*** ANTE/BLINDS ***
InYoursHeads posts ante 300
lluisff posts ante 300
KNNK posts ante 300
TAgAS posts ante 300
P1xel7 posts ante 300
IBetTurnR posts ante 300
InYoursHeads posts small blind 1250
lluisff posts big blind 2500
Dealt to P1xel7 [8c 4s]
*** PRE-FLOP *** 
TAgAS folds
P1xel7 folds
IBetTurnR folds
KNNK folds
InYoursHeads folds
lluisff collected 5550 from pot
*** SUMMARY ***
Total pot 5550 | No rake
Seat 3: lluisff (big blind) won 5550


Winamax Poker - Tournament "MYSTERY KO" buyIn: 1.80€ + 0.20€ level: 15 - HandId: #3173533287561822245-172-1706820889 - Holdem no limit (300/1250/2500) - 2024/02/01 20:54:49 UTC
Table: 'MYSTERY KO(738895798)#0036' 6-max (real money) Seat #2 is the button
Seat 1: KNNK (96346)
Seat 2: InYoursHeads (87717)
Seat 3: lluisff (126425)
Seat 4: TAgAS (98532)
Seat 5: P1xel7 (110480)
Seat 6: IBetTurnR (67272)
*** ANTE/BLINDS ***
lluisff posts ante 300
TAgAS posts ante 300
KNNK posts ante 300
InYoursHeads posts ante 300
P1xel7 posts ante 300
IBetTurnR posts ante 300
lluisff posts small blind 1250
TAgAS posts big blind 2500
Dealt to P1xel7 [4s 5c]
*** PRE-FLOP *** 
P1xel7 folds
IBetTurnR folds
KNNK folds
InYoursHeads raises 2500 to 5000
lluisff raises 121125 to 126125 and is all-in
TAgAS calls 95732 and is all-in
InYoursHeads folds
*** FLOP *** [9d Th 9h]
*** TURN *** [9d Th 9h][6s]
*** RIVER *** [9d Th 9h 6s][Ac]
*** SHOW DOWN ***
lluisff shows [Kc Ad] (Two pairs : Aces and 9)
TAgAS shows [Ts Tc] (Full of Tens and 9)
TAgAS collected 203264 from main pot
lluisff collected 27893 from side pot 1
*** SUMMARY ***
Total pot 231157 | No rake
Board: [9d Th 9h 6s Ac]
Seat 3: lluisff (small blind) showed [Kc Ad] and won 27893 with Two pairs : Aces and 9
Seat 4: TAgAS (big blind) showed [Ts Tc] and won 203264 with Full of Tens and 9


Winamax Poker - Tournament "MYSTERY KO" buyIn: 1.80€ + 0.20€ level: 16 - HandId: #3173533287561822245-173-1706821260 - Holdem no limit (350/1500/3000) - 2024/02/01 21:01:00 UTC
Table: 'MYSTERY KO(738895798)#0036' 6-max (real money) Seat #3 is the button
Seat 1: KNNK (96046)
Seat 2: InYoursHeads (82417)
Seat 3: lluisff (27893)
Seat 4: TAgAS (203264)
Seat 5: P1xel7 (110180)
Seat 6: IBetTurnR (66972)
*** ANTE/BLINDS ***
TAgAS posts ante 350
P1xel7 posts ante 350
KNNK posts ante 350
InYoursHeads posts ante 350
lluisff posts ante 350
IBetTurnR posts ante 350
TAgAS posts small blind 1500
P1xel7 posts big blind 3000
Dealt to P1xel7 [6d 2h]
*** PRE-FLOP *** 
IBetTurnR folds
KNNK raises 3000 to 6000
InYoursHeads folds
lluisff raises 21543 to 27543 and is all-in
TAgAS folds
P1xel7 folds
KNNK calls 21543
*** FLOP *** [4d 9d Td]
*** TURN *** [4d 9d Td][8s]
*** RIVER *** [4d 9d Td 8s][4c]
*** SHOW DOWN ***
lluisff shows [5d As] (One pair : 4)
KNNK shows [Kd Ad] (Flush Ace high)
KNNK collected 61686 from pot
*** SUMMARY ***
Total pot 61686 | No rake
Board: [4d 9d Td 8s 4c]
Seat 1: KNNK showed [Kd Ad] and won 61686 with Flush Ace high
Seat 3: lluisff (button) showed [5d As] and lost with One pair : 4


Winamax Poker - Tournament "MYSTERY KO" buyIn: 1.80€ + 0.20€ level: 16 - HandId: #3173533287561822245-174-1706821299 - Holdem no limit (350/1500/3000) - 2024/02/01 21:01:39 UTC
Table: 'MYSTERY KO(738895798)#0036' 6-max (real money) Seat #4 is the button
Seat 1: KNNK (129839)
Seat 2: InYoursHeads (82067)
Seat 4: TAgAS (201414)
Seat 5: P1xel7 (106830)
Seat 6: IBetTurnR (66622)
*** ANTE/BLINDS ***
P1xel7 posts ante 350
IBetTurnR posts ante 350
KNNK posts ante 350
InYoursHeads posts ante 350
TAgAS posts ante 350
P1xel7 posts small blind 1500
IBetTurnR posts big blind 3000
Dealt to P1xel7 [2h 7s]
*** PRE-FLOP *** 
KNNK folds
InYoursHeads folds
TAgAS folds
P1xel7 folds
IBetTurnR collected 6250 from pot
*** SUMMARY ***
Total pot 6250 | No rake
Seat 6: IBetTurnR (big blind) won 6250


Winamax Poker - Tournament "MYSTERY KO" buyIn: 1.80€ + 0.20€ level: 16 - HandId: #3173533287561822245-175-1706821311 - Holdem no limit (350/1500/3000) - 2024/02/01 21:01:51 UTC
Table: 'MYSTERY KO(738895798)#0036' 6-max (real money) Seat #5 is the button
Seat 1: KNNK (129489)
Seat 2: InYoursHeads (81717)
Seat 4: TAgAS (201064)
Seat 5: P1xel7 (104980)
Seat 6: IBetTurnR (69522)
*** ANTE/BLINDS ***
IBetTurnR posts ante 350
KNNK posts ante 350
InYoursHeads posts ante 350
TAgAS posts ante 350
P1xel7 posts ante 350
IBetTurnR posts small blind 1500
KNNK posts big blind 3000
Dealt to P1xel7 [Kd Qh]
*** PRE-FLOP *** 
InYoursHeads folds
TAgAS folds
P1xel7 raises 4500 to 7500
IBetTurnR folds
KNNK folds
P1xel7 collected 13750 from pot
*** SUMMARY ***
Total pot 13750 | No rake
Seat 5: P1xel7 (button) won 13750


Winamax Poker - Tournament "MYSTERY KO" buyIn: 1.80€ + 0.20€ level: 16 - HandId: #3173533287561822245-176-1706821343 - Holdem no limit (350/1500/3000) - 2024/02/01 21:02:23 UTC
Table: 'MYSTERY KO(738895798)#0036' 6-max (real money) Seat #6 is the button
Seat 1: KNNK (126139)
Seat 2: InYoursHeads (81367)
Seat 3: lacheeevree (87254)
Seat 4: TAgAS (200714)
Seat 5: P1xel7 (110880)
Seat 6: IBetTurnR (67672)
*** ANTE/BLINDS ***
KNNK posts ante 350
InYoursHeads posts ante 350
lacheeevree posts ante 350
TAgAS posts ante 350
P1xel7 posts ante 350
IBetTurnR posts ante 350
KNNK posts small blind 1500
InYoursHeads posts big blind 3000
Dealt to P1xel7 [2h 4s]
*** PRE-FLOP *** 
lacheeevree calls 3000
TAgAS folds
P1xel7 folds
IBetTurnR folds
KNNK calls 1500
InYoursHeads checks
*** FLOP *** [5h 9c Td]
KNNK checks
InYoursHeads checks
lacheeevree checks
*** TURN *** [5h 9c Td][6s]
KNNK checks
InYoursHeads checks
lacheeevree bets 3885
KNNK folds
InYoursHeads folds
lacheeevree collected 14985 from pot
*** SUMMARY ***
Total pot 14985 | No rake
Board: [5h 9c Td 6s]
Seat 3: lacheeevree won 14985


Winamax Poker - Tournament "MYSTERY KO" buyIn: 1.80€ + 0.20€ level: 16 - HandId: #3173533287561822245-177-1706821434 - Holdem no limit (350/1500/3000) - 2024/02/01 21:03:54 UTC
Table: 'MYSTERY KO(738895798)#0036' 6-max (real money) Seat #1 is the button
Seat 1: KNNK (122789)
Seat 2: InYoursHeads (78017)
Seat 3: lacheeevree (95004)
Seat 4: TAgAS (200364)
Seat 5: P1xel7 (110530)
Seat 6: IBetTurnR (67322)
*** ANTE/BLINDS ***
InYoursHeads posts ante 350
lacheeevree posts ante 350
KNNK posts ante 350
TAgAS posts ante 350
P1xel7 posts ante 350
IBetTurnR posts ante 350
InYoursHeads posts small blind 1500
lacheeevree posts big blind 3000
Dealt to P1xel7 [3s 6c]
*** PRE-FLOP *** 
TAgAS folds
P1xel7 folds
IBetTurnR folds
KNNK calls 3000
InYoursHeads folds
lacheeevree checks
*** FLOP *** [Kd Js Ts]
lacheeevree checks
KNNK checks
*** TURN *** [Kd Js Ts][2s]
lacheeevree checks
KNNK checks
*** RIVER *** [Kd Js Ts 2s][8c]
lacheeevree bets 6240
KNNK folds
lacheeevree collected 15840 from pot
*** SUMMARY ***
Total pot 15840 | No rake
Board: [Kd Js Ts 2s 8c]
Seat 3: lacheeevree (big blind) won 15840


Winamax Poker - Tournament "MYSTERY KO" buyIn: 1.80€ + 0.20€ level: 16 - HandId: #3173533287561822245-178-1706821499 - Holdem no limit (350/1500/3000) - 2024/02/01 21:04:59 UTC
Table: 'MYSTERY KO(738895798)#0036' 6-max (real money) Seat #2 is the button
Seat 1: KNNK (119439)
Seat 2: InYoursHeads (76167)
Seat 3: lacheeevree (101254)
Seat 4: TAgAS (200014)
Seat 5: P1xel7 (110180)
Seat 6: IBetTurnR (66972)
*** ANTE/BLINDS ***
lacheeevree posts ante 350
TAgAS posts ante 350
KNNK posts ante 350
InYoursHeads posts ante 350
P1xel7 posts ante 350
IBetTurnR posts ante 350
lacheeevree posts small blind 1500
TAgAS posts big blind 3000
Dealt to P1xel7 [3d Kc]
*** PRE-FLOP *** 
P1xel7 folds
IBetTurnR folds
KNNK folds
InYoursHeads folds
lacheeevree calls 1500
TAgAS checks
*** FLOP *** [Jc 2c 9h]
lacheeevree bets 5265
TAgAS calls 5265
*** TURN *** [Jc 2c 9h][Ts]
lacheeevree bets 6521
TAgAS calls 6521
*** RIVER *** [Jc 2c 9h Ts][9c]
lacheeevree bets 11085
TAgAS calls 11085
*** SHOW DOWN ***
lacheeevree shows [Jh Qs] (Two pairs : Jacks and 9)
TAgAS shows [7c 9d] (Trips of 9)
TAgAS collected 53842 from pot
*** SUMMARY ***
Total pot 53842 | No rake
Board: [Jc 2c 9h Ts 9c]
Seat 3: lacheeevree (small blind) showed [Jh Qs] and lost with Two pairs : Jacks and 9
Seat 4: TAgAS (big blind) showed [7c 9d] and won 53842 with Trips of 9


Winamax Poker - Tournament "MYSTERY KO" buyIn: 1.80€ + 0.20€ level: 16 - HandId: #3173533287561822245-179-1706821534 - Holdem no limit (350/1500/3000) - 2024/02/01 21:05:34 UTC
Table: 'MYSTERY KO(738895798)#0036' 6-max (real money) Seat #3 is the button
Seat 1: KNNK (119089)
Seat 2: InYoursHeads (75817)
Seat 3: lacheeevree (75033)
Seat 4: TAgAS (227635)
Seat 5: P1xel7 (109830)
Seat 6: IBetTurnR (66622)
*** ANTE/BLINDS ***
TAgAS posts ante 350
P1xel7 posts ante 350
KNNK posts ante 350
InYoursHeads posts ante 350
lacheeevree posts ante 350
IBetTurnR posts ante 350
TAgAS posts small blind 1500
P1xel7 posts big blind 3000
Dealt to P1xel7 [Qs Ac]
*** PRE-FLOP *** 
IBetTurnR folds
KNNK calls 3000
InYoursHeads folds
lacheeevree folds
TAgAS calls 1500
P1xel7 raises 9000 to 12000
KNNK calls 9000
TAgAS calls 9000
*** FLOP *** [Js Tc Jh]
TAgAS bets 13335
P1xel7 calls 13335
KNNK calls 13335
*** TURN *** [Js Tc Jh][9s]
TAgAS checks
P1xel7 checks
KNNK bets 50768
TAgAS folds
P1xel7 calls 50768
*** RIVER *** [Js Tc Jh 9s][2s]
P1xel7 checks
KNNK checks
*** SHOW DOWN ***
P1xel7 shows [Qs Ac] (One pair : Jacks)
KNNK shows [Qh Ks] (Straight King high)
KNNK collected 179641 from pot
*** SUMMARY ***
Total pot 179641 | No rake
Board: [Js Tc Jh 9s 2s]
Seat 1: KNNK showed [Qh Ks] and won 179641 with Straight King high
Seat 5: P1xel7 (big blind) showed [Qs Ac] and lost with One pair : Jacks


Winamax Poker - Tournament "MYSTERY KO" buyIn: 1.80€ + 0.20€ level: 16 - HandId: #3173533287561822245-180-1706821637 - Holdem no limit (350/1500/3000) - 2024/02/01 21:07:17 UTC
Table: 'MYSTERY KO(738895798)#0036' 6-max (real money) Seat #4 is the button
Seat 1: KNNK (222277)
Seat 2: InYoursHeads (75467)
Seat 3: lacheeevree (74683)
Seat 4: TAgAS (201950)
Seat 5: P1xel7 (33377)
Seat 6: IBetTurnR (66272)
*** ANTE/BLINDS ***
P1xel7 posts ante 350
IBetTurnR posts ante 350
KNNK posts ante 350
InYoursHeads posts ante 350
lacheeevree posts ante 350
TAgAS posts ante 350
P1xel7 posts small blind 1500
IBetTurnR posts big blind 3000
Dealt to P1xel7 [Qs Qd]
*** PRE-FLOP *** 
KNNK folds
InYoursHeads calls 3000
lacheeevree folds
TAgAS folds
P1xel7 raises 4500 to 7500
IBetTurnR folds
InYoursHeads calls 4500
*** FLOP *** [Jh 4h 7s]
P1xel7 bets 5025
InYoursHeads folds
P1xel7 collected 25125 from pot
*** SUMMARY ***
Total pot 25125 | No rake
Board: [Jh 4h 7s]
Seat 5: P1xel7 (small blind) won 25125


Winamax Poker - Tournament "MYSTERY KO" buyIn: 1.80€ + 0.20€ level: 17 - HandId: #3173533287561822245-181-1706821695 - Holdem no limit (400/1750/3500) - 2024/02/01 21:08:15 UTC
Table: 'MYSTERY KO(738895798)#0036' 6-max (real money) Seat #5 is the button
Seat 1: KNNK (221927)
Seat 2: InYoursHeads (67617)
Seat 3: lacheeevree (74333)
Seat 4: TAgAS (201600)
Seat 5: P1xel7 (45627)
Seat 6: IBetTurnR (62922)
*** ANTE/BLINDS ***
IBetTurnR posts ante 400
KNNK posts ante 400
InYoursHeads posts ante 400
lacheeevree posts ante 400
TAgAS posts ante 400
P1xel7 posts ante 400
IBetTurnR posts small blind 1750
KNNK posts big blind 3500
Dealt to P1xel7 [As Ah]
*** PRE-FLOP *** 
InYoursHeads folds
lacheeevree calls 3500
TAgAS raises 8750 to 12250
P1xel7 raises 32977 to 45227 and is all-in
IBetTurnR folds
KNNK folds
lacheeevree folds
TAgAS calls 32977
*** FLOP *** [7c 2c 2d]
*** TURN *** [7c 2c 2d][Qs]
*** RIVER *** [7c 2c 2d Qs][2s]
*** SHOW DOWN ***
TAgAS shows [Js Ac] (Trips of 2)
P1xel7 shows [As Ah] (Full of 2 and Aces)
P1xel7 collected 101604 from pot
*** SUMMARY ***
Total pot 101604 | No rake
Board: [7c 2c 2d Qs 2s]
Seat 4: TAgAS showed [Js Ac] and lost with Trips of 2
Seat 5: P1xel7 (button) showed [As Ah] and won 101604 with Full of 2 and Aces


Winamax Poker - Tournament "MYSTERY KO" buyIn: 1.80€ + 0.20€ level: 17 - HandId: #3173533287561822245-182-1706821728 - Holdem no limit (400/1750/3500) - 2024/02/01 21:08:48 UTC
Table: 'MYSTERY KO(738895798)#0036' 6-max (real money) Seat #6 is the button
Seat 1: KNNK (218027)
Seat 2: InYoursHeads (67217)
Seat 3: lacheeevree (70433)
Seat 4: TAgAS (155973)
Seat 5: P1xel7 (101604)
Seat 6: IBetTurnR (60772)
*** ANTE/BLINDS ***
KNNK posts ante 400
InYoursHeads posts ante 400
lacheeevree posts ante 400
TAgAS posts ante 400
P1xel7 posts ante 400
IBetTurnR posts ante 400
KNNK posts small blind 1750
InYoursHeads posts big blind 3500
Dealt to P1xel7 [8h 7d]
*** PRE-FLOP *** 
lacheeevree folds
TAgAS raises 3500 to 7000
P1xel7 folds
IBetTurnR folds
KNNK folds
InYoursHeads folds
TAgAS collected 14650 from pot
*** SUMMARY ***
Total pot 14650 | No rake
Seat 4: TAgAS won 14650


Winamax Poker - Tournament "MYSTERY KO" buyIn: 1.80€ + 0.20€ level: 17 - HandId: #3173533287561822245-183-1706821743 - Holdem no limit (400/1750/3500) - 2024/02/01 21:09:03 UTC
Table: 'MYSTERY KO(738895798)#0036' 6-max (real money) Seat #1 is the button
Seat 1: KNNK (215877)
Seat 2: InYoursHeads (63317)
Seat 3: lacheeevree (70033)
Seat 4: TAgAS (163223)
Seat 5: P1xel7 (101204)
Seat 6: IBetTurnR (60372)
*** ANTE/BLINDS ***
InYoursHeads posts ante 400
lacheeevree posts ante 400
KNNK posts ante 400
TAgAS posts ante 400
P1xel7 posts ante 400
IBetTurnR posts ante 400
InYoursHeads posts small blind 1750
lacheeevree posts big blind 3500
Dealt to P1xel7 [4c 3h]
*** PRE-FLOP *** 
TAgAS folds
P1xel7 folds
IBetTurnR folds
KNNK folds
InYoursHeads raises 59417 to 62917 and is all-in
lacheeevree folds
InYoursHeads collected 68817 from pot
*** SUMMARY ***
Total pot 68817 | No rake
Seat 2: InYoursHeads (small blind) won 68817


Winamax Poker - Tournament "MYSTERY KO" buyIn: 1.80€ + 0.20€ level: 17 - HandId: #3173533287561822245-184-1706821760 - Holdem no limit (400/1750/3500) - 2024/02/01 21:09:20 UTC
Table: 'MYSTERY KO(738895798)#0036' 6-max (real money) Seat #2 is the button
Seat 1: KNNK (215477)
Seat 2: InYoursHeads (68817)
Seat 3: lacheeevree (66133)
Seat 4: TAgAS (162823)
Seat 5: P1xel7 (100804)
Seat 6: IBetTurnR (59972)
*** ANTE/BLINDS ***
lacheeevree posts ante 400
TAgAS posts ante 400
KNNK posts ante 400
InYoursHeads posts ante 400
P1xel7 posts ante 400
IBetTurnR posts ante 400
lacheeevree posts small blind 1750
TAgAS posts big blind 3500
Dealt to P1xel7 [8d 9s]
*** PRE-FLOP *** 
P1xel7 folds
IBetTurnR folds
KNNK folds
InYoursHeads folds
lacheeevree folds
TAgAS collected 7650 from pot
*** SUMMARY ***
Total pot 7650 | No rake
Seat 4: TAgAS (big blind) won 7650


Winamax Poker - Tournament "MYSTERY KO" buyIn: 1.80€ + 0.20€ level: 17 - HandId: #3173533287561822245-185-1706821783 - Holdem no limit (400/1750/3500) - 2024/02/01 21:09:43 UTC
Table: 'MYSTERY KO(738895798)#0036' 6-max (real money) Seat #3 is the button
Seat 1: KNNK (215077)
Seat 2: InYoursHeads (68417)
Seat 3: lacheeevree (63983)
Seat 4: TAgAS (166573)
Seat 5: P1xel7 (100404)
Seat 6: IBetTurnR (59572)
*** ANTE/BLINDS ***
TAgAS posts ante 400
P1xel7 posts ante 400
KNNK posts ante 400
InYoursHeads posts ante 400
lacheeevree posts ante 400
IBetTurnR posts ante 400
TAgAS posts small blind 1750
P1xel7 posts big blind 3500
Dealt to P1xel7 [Js 5c]
*** PRE-FLOP *** 
IBetTurnR folds
KNNK folds
InYoursHeads folds
lacheeevree calls 3500
TAgAS folds
P1xel7 raises 96504 to 100004 and is all-in
lacheeevree folds
P1xel7 collected 107654 from pot
*** SUMMARY ***
Total pot 107654 | No rake
Seat 5: P1xel7 (big blind) won 107654


Winamax Poker - Tournament "MYSTERY KO" buyIn: 1.80€ + 0.20€ level: 17 - HandId: #3173533287561822245-186-1706821819 - Holdem no limit (400/1750/3500) - 2024/02/01 21:10:19 UTC
Table: 'MYSTERY KO(738895798)#0036' 6-max (real money) Seat #4 is the button
Seat 1: KNNK (214677)
Seat 2: InYoursHeads (68017)
Seat 3: lacheeevree (60083)
Seat 4: TAgAS (164423)
Seat 5: P1xel7 (107654)
Seat 6: IBetTurnR (59172)
*** ANTE/BLINDS ***
P1xel7 posts ante 400
IBetTurnR posts ante 400
KNNK posts ante 400
InYoursHeads posts ante 400
lacheeevree posts ante 400
TAgAS posts ante 400
P1xel7 posts small blind 1750
IBetTurnR posts big blind 3500
Dealt to P1xel7 [8d Jd]
*** PRE-FLOP *** 
KNNK folds
InYoursHeads folds
lacheeevree folds
TAgAS raises 3500 to 7000
P1xel7 calls 5250
IBetTurnR folds
*** FLOP *** [6d 3h 2s]
P1xel7 checks
TAgAS checks
*** TURN *** [6d 3h 2s][5c]
P1xel7 bets 3500
TAgAS calls 3500
*** RIVER *** [6d 3h 2s 5c][9h]
P1xel7 bets 17485
TAgAS calls 17485
*** SHOW DOWN ***
P1xel7 shows [8d Jd] (High card : Jack)
TAgAS shows [7c 6c] (One pair : 6)
TAgAS collected 61870 from pot
*** SUMMARY ***
Total pot 61870 | No rake
Board: [6d 3h 2s 5c 9h]
Seat 4: TAgAS (button) showed [7c 6c] and won 61870 with One pair : 6
Seat 5: P1xel7 (small blind) showed [8d Jd] and lost with High card : Jack


Winamax Poker - Tournament "MYSTERY KO" buyIn: 1.80€ + 0.20€ level: 17 - HandId: #3173533287561822245-187-1706821858 - Holdem no limit (400/1750/3500) - 2024/02/01 21:10:58 UTC
Table: 'MYSTERY KO(738895798)#0036' 6-max (real money) Seat #5 is the button
Seat 1: KNNK (214277)
Seat 2: InYoursHeads (67617)
Seat 3: lacheeevree (59683)
Seat 4: TAgAS (197908)
Seat 5: P1xel7 (79269)
Seat 6: IBetTurnR (55272)
*** ANTE/BLINDS ***
IBetTurnR posts ante 400
KNNK posts ante 400
InYoursHeads posts ante 400
lacheeevree posts ante 400
TAgAS posts ante 400
P1xel7 posts ante 400
IBetTurnR posts small blind 1750
KNNK posts big blind 3500
Dealt to P1xel7 [2d 8s]
*** PRE-FLOP *** 
InYoursHeads folds
lacheeevree folds
TAgAS folds
P1xel7 folds
IBetTurnR folds
KNNK collected 7650 from pot
*** SUMMARY ***
Total pot 7650 | No rake
Seat 1: KNNK (big blind) won 7650


Winamax Poker - Tournament "MYSTERY KO" buyIn: 1.80€ + 0.20€ level: 17 - HandId: #3173533287561822245-188-1706821875 - Holdem no limit (400/1750/3500) - 2024/02/01 21:11:15 UTC
Table: 'MYSTERY KO(738895798)#0036' 6-max (real money) Seat #6 is the button
Seat 1: KNNK (218027)
Seat 2: InYoursHeads (67217)
Seat 3: lacheeevree (59283)
Seat 4: TAgAS (197508)
Seat 5: P1xel7 (78869)
Seat 6: IBetTurnR (53122)
*** ANTE/BLINDS ***
KNNK posts ante 400
InYoursHeads posts ante 400
lacheeevree posts ante 400
TAgAS posts ante 400
P1xel7 posts ante 400
IBetTurnR posts ante 400
KNNK posts small blind 1750
InYoursHeads posts big blind 3500
Dealt to P1xel7 [Jd As]
*** PRE-FLOP *** 
lacheeevree raises 55383 to 58883 and is all-in
TAgAS folds
P1xel7 folds
IBetTurnR folds
KNNK folds
InYoursHeads folds
lacheeevree collected 66533 from pot
*** SUMMARY ***
Total pot 66533 | No rake
Seat 3: lacheeevree won 66533


Winamax Poker - Tournament "MYSTERY KO" buyIn: 1.80€ + 0.20€ level: 17 - HandId: #3173533287561822245-189-1706821903 - Holdem no limit (400/1750/3500) - 2024/02/01 21:11:43 UTC
Table: 'MYSTERY KO(738895798)#0036' 6-max (real money) Seat #1 is the button
Seat 1: KNNK (215877)
Seat 2: InYoursHeads (63317)
Seat 3: lacheeevree (66533)
Seat 4: TAgAS (197108)
Seat 5: P1xel7 (78469)
Seat 6: IBetTurnR (52722)
*** ANTE/BLINDS ***
InYoursHeads posts ante 400
lacheeevree posts ante 400
KNNK posts ante 400
TAgAS posts ante 400
P1xel7 posts ante 400
IBetTurnR posts ante 400
InYoursHeads posts small blind 1750
lacheeevree posts big blind 3500
Dealt to P1xel7 [As 3h]
*** PRE-FLOP *** 
TAgAS folds
P1xel7 folds
IBetTurnR raises 48822 to 52322 and is all-in
KNNK folds
InYoursHeads folds
lacheeevree folds
IBetTurnR collected 59972 from pot
*** SUMMARY ***
Total pot 59972 | No rake
Seat 6: IBetTurnR won 59972


Winamax Poker - Tournament "MYSTERY KO" buyIn: 1.80€ + 0.20€ level: 17 - HandId: #3173533287561822245-190-1706821921 - Holdem no limit (400/1750/3500) - 2024/02/01 21:12:01 UTC
Table: 'MYSTERY KO(738895798)#0036' 6-max (real money) Seat #2 is the button
Seat 1: KNNK (215477)
Seat 2: InYoursHeads (61167)
Seat 3: lacheeevree (62633)
Seat 4: TAgAS (196708)
Seat 5: P1xel7 (78069)
Seat 6: IBetTurnR (59972)
*** ANTE/BLINDS ***
lacheeevree posts ante 400
TAgAS posts ante 400
KNNK posts ante 400
InYoursHeads posts ante 400
P1xel7 posts ante 400
IBetTurnR posts ante 400
lacheeevree posts small blind 1750
TAgAS posts big blind 3500
Dealt to P1xel7 [Jd 5s]
*** PRE-FLOP *** 
P1xel7 folds
IBetTurnR folds
KNNK folds
InYoursHeads folds
lacheeevree folds
TAgAS collected 7650 from pot
*** SUMMARY ***
Total pot 7650 | No rake
Seat 4: TAgAS (big blind) won 7650


Winamax Poker - Tournament "MYSTERY KO" buyIn: 1.80€ + 0.20€ level: 17 - HandId: #3173533287561822245-191-1706821932 - Holdem no limit (400/1750/3500) - 2024/02/01 21:12:12 UTC
Table: 'MYSTERY KO(738895798)#0036' 6-max (real money) Seat #3 is the button
Seat 1: KNNK (215077)
Seat 2: InYoursHeads (60767)
Seat 3: lacheeevree (60483)
Seat 4: TAgAS (200458)
Seat 5: P1xel7 (77669)
Seat 6: IBetTurnR (59572)
*** ANTE/BLINDS ***
TAgAS posts ante 400
P1xel7 posts ante 400
KNNK posts ante 400
InYoursHeads posts ante 400
lacheeevree posts ante 400
IBetTurnR posts ante 400
TAgAS posts small blind 1750
P1xel7 posts big blind 3500
Dealt to P1xel7 [Qc As]
*** PRE-FLOP *** 
IBetTurnR raises 3850 to 7350
KNNK folds
InYoursHeads folds
lacheeevree folds
TAgAS calls 5600
P1xel7 raises 69919 to 77269 and is all-in
IBetTurnR calls 51822 and is all-in
TAgAS folds
*** FLOP *** [Ah Ks Qs]
*** TURN *** [Ah Ks Qs][Js]
*** RIVER *** [Ah Ks Qs Js][4d]
*** SHOW DOWN ***
P1xel7 shows [Qc As] (Two pairs : Aces and Queens)
IBetTurnR shows [Ac Kh] (Two pairs : Aces and Kings)
IBetTurnR collected 128094 from main pot
P1xel7 collected 18097 from side pot 1
*** SUMMARY ***
Total pot 146191 | No rake
Board: [Ah Ks Qs Js 4d]
Seat 5: P1xel7 (big blind) showed [Qc As] and won 18097 with Two pairs : Aces and Queens
Seat 6: IBetTurnR showed [Ac Kh] and won 128094 with Two pairs : Aces and Kings


Winamax Poker - Tournament "MYSTERY KO" buyIn: 1.80€ + 0.20€ level: 17 - HandId: #3173533287561822245-192-1706821962 - Holdem no limit (400/1750/3500) - 2024/02/01 21:12:42 UTC
Table: 'MYSTERY KO(738895798)#0036' 6-max (real money) Seat #4 is the button
Seat 1: KNNK (214677)
Seat 2: InYoursHeads (60367)
Seat 3: lacheeevree (60083)
Seat 4: TAgAS (192708)
Seat 5: P1xel7 (18097)
Seat 6: IBetTurnR (128094)
*** ANTE/BLINDS ***
P1xel7 posts ante 400
IBetTurnR posts ante 400
KNNK posts ante 400
InYoursHeads posts ante 400
lacheeevree posts ante 400
TAgAS posts ante 400
P1xel7 posts small blind 1750
IBetTurnR posts big blind 3500
Dealt to P1xel7 [9h 4d]
*** PRE-FLOP *** 
KNNK folds
InYoursHeads folds
lacheeevree folds
TAgAS raises 3500 to 7000
P1xel7 folds
IBetTurnR calls 3500
*** FLOP *** [Ks 7c Tc]
IBetTurnR checks
TAgAS bets 6353
IBetTurnR folds
TAgAS collected 24503 from pot
*** SUMMARY ***
Total pot 24503 | No rake
Board: [Ks 7c Tc]
Seat 4: TAgAS (button) won 24503


Winamax Poker - Tournament "MYSTERY KO" buyIn: 1.80€ + 0.20€ level: 17 - HandId: #3173533287561822245-193-1706821982 - Holdem no limit (400/1750/3500) - 2024/02/01 21:13:02 UTC
Table: 'MYSTERY KO(738895798)#0036' 6-max (real money) Seat #5 is the button
Seat 1: KNNK (214277)
Seat 2: InYoursHeads (59967)
Seat 3: lacheeevree (59683)
Seat 4: TAgAS (203458)
Seat 5: P1xel7 (15947)
Seat 6: IBetTurnR (120694)
*** ANTE/BLINDS ***
IBetTurnR posts ante 400
KNNK posts ante 400
InYoursHeads posts ante 400
lacheeevree posts ante 400
TAgAS posts ante 400
P1xel7 posts ante 400
IBetTurnR posts small blind 1750
KNNK posts big blind 3500
Dealt to P1xel7 [Ts Qh]
*** PRE-FLOP *** 
InYoursHeads folds
lacheeevree folds
TAgAS folds
P1xel7 raises 12047 to 15547 and is all-in
IBetTurnR folds
KNNK folds
P1xel7 collected 23197 from pot
*** SUMMARY ***
Total pot 23197 | No rake
Seat 5: P1xel7 (button) won 23197


Winamax Poker - Tournament "MYSTERY KO" buyIn: 1.80€ + 0.20€ level: 17 - HandId: #3173533287561822245-194-1706821999 - Holdem no limit (400/1750/3500) - 2024/02/01 21:13:19 UTC
Table: 'MYSTERY KO(738895798)#0036' 6-max (real money) Seat #6 is the button
Seat 1: KNNK (210377)
Seat 2: InYoursHeads (59567)
Seat 3: lacheeevree (59283)
Seat 4: TAgAS (203058)
Seat 5: P1xel7 (23197)
Seat 6: IBetTurnR (118544)
*** ANTE/BLINDS ***
KNNK posts ante 400
InYoursHeads posts ante 400
lacheeevree posts ante 400
TAgAS posts ante 400
P1xel7 posts ante 400
IBetTurnR posts ante 400
KNNK posts small blind 1750
InYoursHeads posts big blind 3500
Dealt to P1xel7 [2s Jd]
*** PRE-FLOP *** 
lacheeevree folds
TAgAS folds
P1xel7 folds
IBetTurnR folds
KNNK folds
InYoursHeads collected 7650 from pot
*** SUMMARY ***
Total pot 7650 | No rake
Seat 2: InYoursHeads (big blind) won 7650


Winamax Poker - Tournament "MYSTERY KO" buyIn: 1.80€ + 0.20€ level: 17 - HandId: #3173533287561822245-195-1706822008 - Holdem no limit (400/1750/3500) - 2024/02/01 21:13:28 UTC
Table: 'MYSTERY KO(738895798)#0036' 6-max (real money) Seat #1 is the button
Seat 1: KNNK (208227)
Seat 2: InYoursHeads (63317)
Seat 3: lacheeevree (58883)
Seat 4: TAgAS (202658)
Seat 5: P1xel7 (22797)
Seat 6: IBetTurnR (118144)
*** ANTE/BLINDS ***
InYoursHeads posts ante 400
lacheeevree posts ante 400
KNNK posts ante 400
TAgAS posts ante 400
P1xel7 posts ante 400
IBetTurnR posts ante 400
InYoursHeads posts small blind 1750
lacheeevree posts big blind 3500
Dealt to P1xel7 [2s 8h]
*** PRE-FLOP *** 
TAgAS folds
P1xel7 folds
IBetTurnR raises 3850 to 7350
KNNK folds
InYoursHeads folds
lacheeevree folds
IBetTurnR collected 15000 from pot
*** SUMMARY ***
Total pot 15000 | No rake
Seat 6: IBetTurnR won 15000


Winamax Poker - Tournament "MYSTERY KO" buyIn: 1.80€ + 0.20€ level: 17 - HandId: #3173533287561822245-196-1706822033 - Holdem no limit (400/1750/3500) - 2024/02/01 21:13:53 UTC
Table: 'MYSTERY KO(738895798)#0036' 6-max (real money) Seat #2 is the button
Seat 1: KNNK (207827)
Seat 2: InYoursHeads (61167)
Seat 3: lacheeevree (54983)
Seat 4: TAgAS (202258)
Seat 5: P1xel7 (22397)
Seat 6: IBetTurnR (125394)
*** ANTE/BLINDS ***
lacheeevree posts ante 400
TAgAS posts ante 400
KNNK posts ante 400
InYoursHeads posts ante 400
P1xel7 posts ante 400
IBetTurnR posts ante 400
lacheeevree posts small blind 1750
TAgAS posts big blind 3500
Dealt to P1xel7 [5d 5c]
*** PRE-FLOP *** 
P1xel7 raises 18497 to 21997 and is all-in
IBetTurnR folds
KNNK folds
InYoursHeads folds
lacheeevree folds
TAgAS folds
P1xel7 collected 29647 from pot
*** SUMMARY ***
Total pot 29647 | No rake
Seat 5: P1xel7 won 29647


Winamax Poker - Tournament "MYSTERY KO" buyIn: 1.80€ + 0.20€ level: 17 - HandId: #3173533287561822245-197-1706822051 - Holdem no limit (400/1750/3500) - 2024/02/01 21:14:11 UTC
Table: 'MYSTERY KO(738895798)#0036' 6-max (real money) Seat #3 is the button
Seat 1: KNNK (207427)
Seat 2: InYoursHeads (60767)
Seat 3: lacheeevree (52833)
Seat 4: TAgAS (198358)
Seat 5: P1xel7 (29647)
Seat 6: IBetTurnR (124994)
*** ANTE/BLINDS ***
TAgAS posts ante 400
P1xel7 posts ante 400
KNNK posts ante 400
InYoursHeads posts ante 400
lacheeevree posts ante 400
IBetTurnR posts ante 400
TAgAS posts small blind 1750
P1xel7 posts big blind 3500
Dealt to P1xel7 [4d 3d]
*** PRE-FLOP *** 
IBetTurnR folds
KNNK folds
InYoursHeads folds
lacheeevree folds
TAgAS folds
P1xel7 collected 7650 from pot
*** SUMMARY ***
Total pot 7650 | No rake
Seat 5: P1xel7 (big blind) won 7650


Winamax Poker - Tournament "MYSTERY KO" buyIn: 1.80€ + 0.20€ level: 17 - HandId: #3173533287561822245-198-1706822067 - Holdem no limit (400/1750/3500) - 2024/02/01 21:14:27 UTC
Table: 'MYSTERY KO(738895798)#0036' 6-max (real money) Seat #4 is the button
Seat 1: KNNK (207027)
Seat 2: InYoursHeads (60367)
Seat 3: lacheeevree (52433)
Seat 4: TAgAS (196208)
Seat 5: P1xel7 (33397)
Seat 6: IBetTurnR (124594)
*** ANTE/BLINDS ***
P1xel7 posts ante 400
IBetTurnR posts ante 400
KNNK posts ante 400
InYoursHeads posts ante 400
lacheeevree posts ante 400
TAgAS posts ante 400
P1xel7 posts small blind 1750
IBetTurnR posts big blind 3500
Dealt to P1xel7 [Kd Kh]
*** PRE-FLOP *** 
KNNK folds
InYoursHeads folds
lacheeevree folds
TAgAS folds
P1xel7 raises 4200 to 7700
IBetTurnR calls 4200
*** FLOP *** [Jd Ah 2d]
P1xel7 bets 25297 and is all-in
IBetTurnR folds
P1xel7 collected 43097 from pot
*** SUMMARY ***
Total pot 43097 | No rake
Board: [Jd Ah 2d]
Seat 5: P1xel7 (small blind) won 43097


Winamax Poker - Tournament "MYSTERY KO" buyIn: 1.80€ + 0.20€ level: 18 - HandId: #3173533287561822245-199-1706822119 - Holdem no limit (500/2000/4000) - 2024/02/01 21:15:19 UTC
Table: 'MYSTERY KO(738895798)#0036' 6-max (real money) Seat #5 is the button
Seat 1: KNNK (206627)
Seat 2: InYoursHeads (59967)
Seat 3: lacheeevree (52033)
Seat 4: TAgAS (195808)
Seat 5: P1xel7 (43097)
Seat 6: IBetTurnR (116494)
*** ANTE/BLINDS ***
IBetTurnR posts ante 500
KNNK posts ante 500
InYoursHeads posts ante 500
lacheeevree posts ante 500
TAgAS posts ante 500
P1xel7 posts ante 500
IBetTurnR posts small blind 2000
KNNK posts big blind 4000
Dealt to P1xel7 [5d Ad]
*** PRE-FLOP *** 
InYoursHeads folds
lacheeevree folds
TAgAS folds
P1xel7 raises 38597 to 42597 and is all-in
IBetTurnR folds
KNNK calls 38597
*** FLOP *** [8h Qc 7d]
*** TURN *** [8h Qc 7d][Ts]
*** RIVER *** [8h Qc 7d Ts][Tc]
*** SHOW DOWN ***
P1xel7 shows [5d Ad] (One pair : Tens)
KNNK shows [Ah Kh] (One pair : Tens)
KNNK collected 90194 from pot
*** SUMMARY ***
Total pot 90194 | No rake
Board: [8h Qc 7d Ts Tc]
Seat 1: KNNK (big blind) showed [Ah Kh] and won 90194 with One pair : Tens
Seat 5: P1xel7 (button) showed [5d Ad] and lost with One pair : Tens


