Winamax Poker - Tournament "Tremplin Paris" buyIn: 0€ + 0€ level: 3 - HandId: #3211591860355072191-19-1708629468 - Holdem no limit (20/40) - 2024/02/22 19:17:48 UTC
Table: 'Tremplin Paris(747757000)#0190' 8-max (real money) Seat #2 is the button
Seat 1: Promethee42 (3455)
Seat 2: Zlatix (2900)
Seat 3: Paris78700 (2880)
Seat 4: Tardor (2211)
Seat 5: laurent94V (2910)
Seat 6: P1xel7 (3000)
Seat 7: Chrisking72 (12764)
Seat 8: Spycall.pt (2880)
*** ANTE/BLINDS ***
Paris78700 posts small blind 20
Tardor posts big blind 40
Dealt to P1xel7 [8h 2h]
*** PRE-FLOP *** 
laurent94V folds
P1xel7 folds
Chrisking72 folds
Spycall.pt folds
Promethee42 folds
Zlatix calls 40
Paris78700 folds
Tardor raises 100 to 140
Zlatix calls 100
*** FLOP *** [Js 9s Jd]
Tardor bets 195
Zlatix folds
Tardor collected 495 from pot
*** SUMMARY ***
Total pot 495 | No rake
Board: [Js 9s Jd]
Seat 4: Tardor (big blind) won 495


Winamax Poker - Tournament "Tremplin Paris" buyIn: 0€ + 0€ level: 3 - HandId: #3211591860355072191-20-1708629542 - Holdem no limit (20/40) - 2024/02/22 19:19:02 UTC
Table: 'Tremplin Paris(747757000)#0190' 8-max (real money) Seat #3 is the button
Seat 1: Promethee42 (3455)
Seat 2: Zlatix (2760)
Seat 3: Paris78700 (2860)
Seat 4: Tardor (2371)
Seat 5: laurent94V (2910)
Seat 6: P1xel7 (3000)
Seat 7: Chrisking72 (12764)
Seat 8: Spycall.pt (2880)
*** ANTE/BLINDS ***
Tardor posts small blind 20
laurent94V posts big blind 40
Dealt to P1xel7 [8c Jc]
*** PRE-FLOP *** 
P1xel7 folds
Chrisking72 folds
Spycall.pt folds
Promethee42 folds
Zlatix calls 40
Paris78700 folds
Tardor calls 20
laurent94V folds
*** FLOP *** [7c 7h 5s]
Tardor checks
Zlatix checks
*** TURN *** [7c 7h 5s][9c]
Tardor bets 40
Zlatix folds
Tardor collected 160 from pot
*** SUMMARY ***
Total pot 160 | No rake
Board: [7c 7h 5s 9c]
Seat 4: Tardor (small blind) won 160


Winamax Poker - Tournament "Tremplin Paris" buyIn: 0€ + 0€ level: 3 - HandId: #3211591860355072191-21-1708629570 - Holdem no limit (20/40) - 2024/02/22 19:19:30 UTC
Table: 'Tremplin Paris(747757000)#0190' 8-max (real money) Seat #4 is the button
Seat 1: Promethee42 (3455)
Seat 2: Zlatix (2720)
Seat 3: Paris78700 (2860)
Seat 4: Tardor (2451)
Seat 5: laurent94V (2870)
Seat 6: P1xel7 (3000)
Seat 7: Chrisking72 (12764)
Seat 8: Spycall.pt (2880)
*** ANTE/BLINDS ***
laurent94V posts small blind 20
P1xel7 posts big blind 40
Dealt to P1xel7 [5c 7h]
*** PRE-FLOP *** 
Chrisking72 folds
Spycall.pt folds
Promethee42 calls 40
Zlatix calls 40
Paris78700 folds
Tardor raises 40 to 80
laurent94V folds
P1xel7 folds
Promethee42 calls 40
Zlatix calls 40
*** FLOP *** [Th 6h 2s]
Promethee42 bets 195
Zlatix folds
Tardor folds
Promethee42 collected 495 from pot
*** SUMMARY ***
Total pot 495 | No rake
Board: [Th 6h 2s]
Seat 1: Promethee42 won 495


Winamax Poker - Tournament "Tremplin Paris" buyIn: 0€ + 0€ level: 3 - HandId: #3211591860355072191-22-1708629607 - Holdem no limit (20/40) - 2024/02/22 19:20:07 UTC
Table: 'Tremplin Paris(747757000)#0190' 8-max (real money) Seat #5 is the button
Seat 1: Promethee42 (3675)
Seat 2: Zlatix (2640)
Seat 3: Paris78700 (2860)
Seat 4: Tardor (2371)
Seat 5: laurent94V (2850)
Seat 6: P1xel7 (2960)
Seat 7: Chrisking72 (12764)
Seat 8: Spycall.pt (2880)
*** ANTE/BLINDS ***
P1xel7 posts small blind 20
Chrisking72 posts big blind 40
Dealt to P1xel7 [Kc 2h]
*** PRE-FLOP *** 
Spycall.pt folds
Promethee42 folds
Zlatix folds
Paris78700 folds
Tardor folds
laurent94V folds
P1xel7 raises 48 to 88
Chrisking72 folds
P1xel7 collected 128 from pot
*** SUMMARY ***
Total pot 128 | No rake
Seat 6: P1xel7 (small blind) won 128


Winamax Poker - Tournament "Tremplin Paris" buyIn: 0€ + 0€ level: 3 - HandId: #3211591860355072191-23-1708629641 - Holdem no limit (20/40) - 2024/02/22 19:20:41 UTC
Table: 'Tremplin Paris(747757000)#0190' 8-max (real money) Seat #6 is the button
Seat 1: Promethee42 (3675)
Seat 2: Zlatix (2640)
Seat 3: Paris78700 (2860)
Seat 4: Tardor (2371)
Seat 5: laurent94V (2850)
Seat 6: P1xel7 (3000)
Seat 7: Chrisking72 (12724)
Seat 8: Spycall.pt (2880)
*** ANTE/BLINDS ***
Chrisking72 posts small blind 20
Spycall.pt posts big blind 40
Dealt to P1xel7 [Qh Qc]
*** PRE-FLOP *** 
Promethee42 folds
Zlatix folds
Paris78700 folds
Tardor calls 40
laurent94V folds
P1xel7 raises 120 to 160
Chrisking72 calls 140
Spycall.pt folds
Tardor calls 120
*** FLOP *** [8s Kc 3c]
Chrisking72 checks
Tardor checks
P1xel7 bets 182
Chrisking72 folds
Tardor calls 182
*** TURN *** [8s Kc 3c][Jd]
Tardor checks
P1xel7 bets 309
Tardor raises 597 to 906
P1xel7 folds
Tardor collected 2099 from pot
*** SUMMARY ***
Total pot 2099 | No rake
Board: [8s Kc 3c Jd]
Seat 4: Tardor won 2099


Winamax Poker - Tournament "Tremplin Paris" buyIn: 0€ + 0€ level: 3 - HandId: #3211591860355072191-24-1708629732 - Holdem no limit (20/40) - 2024/02/22 19:22:12 UTC
Table: 'Tremplin Paris(747757000)#0190' 8-max (real money) Seat #7 is the button
Seat 1: Promethee42 (3675)
Seat 2: Zlatix (2640)
Seat 3: Paris78700 (2860)
Seat 4: Tardor (3222)
Seat 5: laurent94V (2850)
Seat 6: P1xel7 (2349)
Seat 7: Chrisking72 (12564)
Seat 8: Spycall.pt (2840)
*** ANTE/BLINDS ***
Spycall.pt posts small blind 20
Promethee42 posts big blind 40
Dealt to P1xel7 [Td 6h]
*** PRE-FLOP *** 
Zlatix folds
Paris78700 folds
Tardor calls 40
laurent94V folds
P1xel7 folds
Chrisking72 folds
Spycall.pt folds
Promethee42 checks
*** FLOP *** [9d 3d Jh]
Promethee42 bets 40
Tardor folds
Promethee42 collected 140 from pot
*** SUMMARY ***
Total pot 140 | No rake
Board: [9d 3d Jh]
Seat 1: Promethee42 (big blind) won 140


Winamax Poker - Tournament "Tremplin Paris" buyIn: 0€ + 0€ level: 3 - HandId: #3211591860355072191-25-1708629769 - Holdem no limit (20/40) - 2024/02/22 19:22:49 UTC
Table: 'Tremplin Paris(747757000)#0190' 8-max (real money) Seat #8 is the button
Seat 1: Promethee42 (3735)
Seat 2: Zlatix (2640)
Seat 3: Paris78700 (2860)
Seat 4: Tardor (3182)
Seat 5: laurent94V (2850)
Seat 6: P1xel7 (2349)
Seat 7: Chrisking72 (12564)
Seat 8: Spycall.pt (2820)
*** ANTE/BLINDS ***
Promethee42 posts small blind 20
Zlatix posts big blind 40
Dealt to P1xel7 [3d 6d]
*** PRE-FLOP *** 
Paris78700 folds
Tardor raises 40 to 80
laurent94V folds
P1xel7 folds
Chrisking72 folds
Spycall.pt folds
Promethee42 calls 60
Zlatix calls 40
*** FLOP *** [5d 4h 9d]
Promethee42 bets 40
Zlatix calls 40
Tardor calls 40
*** TURN *** [5d 4h 9d][Ts]
Promethee42 bets 40
Zlatix calls 40
Tardor calls 40
*** RIVER *** [5d 4h 9d Ts][Ks]
Promethee42 bets 40
Zlatix folds
Tardor calls 40
*** SHOW DOWN ***
Tardor shows [2h 2d] (One pair : 2)
Promethee42 shows [7c 7s] (One pair : 7)
Promethee42 collected 560 from pot
*** SUMMARY ***
Total pot 560 | No rake
Board: [5d 4h 9d Ts Ks]
Seat 1: Promethee42 (small blind) showed [7c 7s] and won 560 with One pair : 7
Seat 4: Tardor showed [2h 2d] and lost with One pair : 2


Winamax Poker - Tournament "Tremplin Paris" buyIn: 0€ + 0€ level: 3 - HandId: #3211591860355072191-26-1708629820 - Holdem no limit (20/40) - 2024/02/22 19:23:40 UTC
Table: 'Tremplin Paris(747757000)#0190' 8-max (real money) Seat #1 is the button
Seat 1: Promethee42 (4095)
Seat 2: Zlatix (2480)
Seat 3: Paris78700 (2860)
Seat 4: Tardor (2982)
Seat 5: laurent94V (2850)
Seat 6: P1xel7 (2349)
Seat 7: Chrisking72 (12564)
Seat 8: Spycall.pt (2820)
*** ANTE/BLINDS ***
Zlatix posts small blind 20
Paris78700 posts big blind 40
Dealt to P1xel7 [8s 4h]
*** PRE-FLOP *** 
Tardor folds
laurent94V folds
P1xel7 folds
Chrisking72 folds
Spycall.pt folds
Promethee42 folds
Zlatix calls 20
Paris78700 folds
Zlatix collected 80 from pot
*** SUMMARY ***
Total pot 80 | No rake
Seat 2: Zlatix (small blind) won 80


Winamax Poker - Tournament "Tremplin Paris" buyIn: 0€ + 0€ level: 3 - HandId: #3211591860355072191-27-1708629852 - Holdem no limit (20/40) - 2024/02/22 19:24:12 UTC
Table: 'Tremplin Paris(747757000)#0190' 8-max (real money) Seat #2 is the button
Seat 1: Promethee42 (4095)
Seat 2: Zlatix (2520)
Seat 3: Paris78700 (2820)
Seat 4: Tardor (2982)
Seat 5: laurent94V (2850)
Seat 6: P1xel7 (2349)
Seat 7: Chrisking72 (12564)
Seat 8: Spycall.pt (2820)
*** ANTE/BLINDS ***
Paris78700 posts small blind 20
Tardor posts big blind 40
Dealt to P1xel7 [9d Js]
*** PRE-FLOP *** 
laurent94V folds
P1xel7 folds
Chrisking72 folds
Spycall.pt folds
Promethee42 calls 40
Zlatix calls 40
Paris78700 folds
Tardor checks
*** FLOP *** [Jh Jd 2d]
Tardor bets 112
Promethee42 folds
Zlatix folds
Tardor collected 252 from pot
*** SUMMARY ***
Total pot 252 | No rake
Board: [Jh Jd 2d]
Seat 4: Tardor (big blind) won 252


Winamax Poker - Tournament "Tremplin Paris" buyIn: 0€ + 0€ level: 4 - HandId: #3211591860355072191-28-1708629885 - Holdem no limit (30/60) - 2024/02/22 19:24:45 UTC
Table: 'Tremplin Paris(747757000)#0190' 8-max (real money) Seat #3 is the button
Seat 1: Promethee42 (4055)
Seat 2: Zlatix (2480)
Seat 3: Paris78700 (2800)
Seat 4: Tardor (3082)
Seat 5: laurent94V (2850)
Seat 6: P1xel7 (2349)
Seat 7: Chrisking72 (12564)
Seat 8: Spycall.pt (2820)
*** ANTE/BLINDS ***
Tardor posts small blind 30
laurent94V posts big blind 60
Dealt to P1xel7 [Js Ks]
*** PRE-FLOP *** 
P1xel7 raises 72 to 132
Chrisking72 folds
Spycall.pt folds
Promethee42 folds
Zlatix calls 132
Paris78700 folds
Tardor raises 456 to 588
laurent94V folds
P1xel7 calls 456
Zlatix calls 456
*** FLOP *** [9d 3c 9s]
Tardor bets 912
P1xel7 folds
Zlatix folds
Tardor collected 2736 from pot
*** SUMMARY ***
Total pot 2736 | No rake
Board: [9d 3c 9s]
Seat 4: Tardor (small blind) won 2736


Winamax Poker - Tournament "Tremplin Paris" buyIn: 0€ + 0€ level: 4 - HandId: #3211591860355072191-29-1708629945 - Holdem no limit (30/60) - 2024/02/22 19:25:45 UTC
Table: 'Tremplin Paris(747757000)#0190' 8-max (real money) Seat #4 is the button
Seat 1: Promethee42 (4055)
Seat 2: Zlatix (1892)
Seat 3: Paris78700 (2800)
Seat 4: Tardor (4318)
Seat 5: laurent94V (2790)
Seat 6: P1xel7 (1761)
Seat 7: Chrisking72 (12564)
Seat 8: Spycall.pt (2820)
*** ANTE/BLINDS ***
laurent94V posts small blind 30
P1xel7 posts big blind 60
Dealt to P1xel7 [9s 6s]
*** PRE-FLOP *** 
Chrisking72 folds
Spycall.pt folds
Promethee42 calls 60
Zlatix folds
Paris78700 folds
Tardor raises 120 to 180
laurent94V folds
P1xel7 folds
Promethee42 calls 120
*** FLOP *** [8c 8d 3d]
Promethee42 checks
Tardor bets 225
Promethee42 folds
Tardor collected 675 from pot
*** SUMMARY ***
Total pot 675 | No rake
Board: [8c 8d 3d]
Seat 4: Tardor (button) won 675


Winamax Poker - Tournament "Tremplin Paris" buyIn: 0€ + 0€ level: 4 - HandId: #3211591860355072191-30-1708629977 - Holdem no limit (30/60) - 2024/02/22 19:26:17 UTC
Table: 'Tremplin Paris(747757000)#0190' 8-max (real money) Seat #5 is the button
Seat 1: Promethee42 (3875)
Seat 2: Zlatix (1892)
Seat 3: Paris78700 (2800)
Seat 4: Tardor (4588)
Seat 5: laurent94V (2760)
Seat 6: P1xel7 (1701)
Seat 7: Chrisking72 (12564)
Seat 8: Spycall.pt (2820)
*** ANTE/BLINDS ***
P1xel7 posts small blind 30
Chrisking72 posts big blind 60
Dealt to P1xel7 [3h 4d]
*** PRE-FLOP *** 
Spycall.pt folds
Promethee42 calls 60
Zlatix folds
Paris78700 folds
Tardor calls 60
laurent94V folds
P1xel7 calls 30
Chrisking72 checks
*** FLOP *** [5h 3s 2d]
P1xel7 bets 84
Chrisking72 calls 84
Promethee42 folds
Tardor calls 84
*** TURN *** [5h 3s 2d][Jc]
P1xel7 bets 246
Chrisking72 raises 554 to 800
Tardor folds
P1xel7 calls 554
*** RIVER *** [5h 3s 2d Jc][As]
P1xel7 bets 757 and is all-in
Chrisking72 raises 757 to 1514
*** SHOW DOWN ***
P1xel7 shows [3h 4d] (Straight 5 high)
Chrisking72 shows [4h Jh] (Straight 5 high)
Chrisking72 collected 2560 from side pot 1
P1xel7 collected 1803 from main pot
*** SUMMARY ***
Total pot 4363 | No rake
Board: [5h 3s 2d Jc As]
Seat 6: P1xel7 (small blind) showed [3h 4d] and won 1803 with Straight 5 high
Seat 7: Chrisking72 (big blind) showed [4h Jh] and won 2560 with Straight 5 high


Winamax Poker - Tournament "Tremplin Paris" buyIn: 0€ + 0€ level: 4 - HandId: #3211591860355072191-31-1708630042 - Holdem no limit (30/60) - 2024/02/22 19:27:22 UTC
Table: 'Tremplin Paris(747757000)#0190' 8-max (real money) Seat #6 is the button
Seat 1: Promethee42 (3815)
Seat 2: Zlatix (1892)
Seat 3: Paris78700 (2800)
Seat 4: Tardor (4444)
Seat 5: laurent94V (2760)
Seat 6: P1xel7 (1803)
Seat 7: Chrisking72 (12666)
Seat 8: Spycall.pt (2820)
*** ANTE/BLINDS ***
Chrisking72 posts small blind 30
Spycall.pt posts big blind 60
Dealt to P1xel7 [2s Jh]
*** PRE-FLOP *** 
Promethee42 folds
Zlatix folds
Paris78700 folds
Tardor calls 60
laurent94V folds
P1xel7 folds
Chrisking72 folds
Spycall.pt folds
Tardor collected 150 from pot
*** SUMMARY ***
Total pot 150 | No rake
Seat 4: Tardor won 150


Winamax Poker - Tournament "Tremplin Paris" buyIn: 0€ + 0€ level: 4 - HandId: #3211591860355072191-32-1708630052 - Holdem no limit (30/60) - 2024/02/22 19:27:32 UTC
Table: 'Tremplin Paris(747757000)#0190' 8-max (real money) Seat #7 is the button
Seat 1: Promethee42 (3815)
Seat 2: Zlatix (1892)
Seat 3: Paris78700 (2800)
Seat 4: Tardor (4534)
Seat 5: laurent94V (2760)
Seat 6: P1xel7 (1803)
Seat 7: Chrisking72 (12636)
Seat 8: Spycall.pt (2760)
*** ANTE/BLINDS ***
Spycall.pt posts small blind 30
Promethee42 posts big blind 60
Dealt to P1xel7 [Js As]
*** PRE-FLOP *** 
Zlatix calls 60
Paris78700 folds
Tardor calls 60
laurent94V folds
P1xel7 raises 240 to 300
Chrisking72 raises 600 to 900
Spycall.pt folds
Promethee42 folds
Zlatix folds
Tardor folds
P1xel7 raises 903 to 1803 and is all-in
Chrisking72 folds
P1xel7 collected 2913 from pot
*** SUMMARY ***
Total pot 2913 | No rake
Seat 6: P1xel7 won 2913


Winamax Poker - Tournament "Tremplin Paris" buyIn: 0€ + 0€ level: 4 - HandId: #3211591860355072191-33-1708630089 - Holdem no limit (30/60) - 2024/02/22 19:28:09 UTC
Table: 'Tremplin Paris(747757000)#0190' 8-max (real money) Seat #8 is the button
Seat 1: Promethee42 (3755)
Seat 2: Zlatix (1832)
Seat 3: Paris78700 (2800)
Seat 4: Tardor (4474)
Seat 5: laurent94V (2760)
Seat 6: P1xel7 (2913)
Seat 7: Chrisking72 (11736)
Seat 8: Spycall.pt (2730)
*** ANTE/BLINDS ***
Promethee42 posts small blind 30
Zlatix posts big blind 60
Dealt to P1xel7 [Jc 3h]
*** PRE-FLOP *** 
Paris78700 folds
Tardor folds
laurent94V folds
P1xel7 folds
Chrisking72 raises 120 to 180
Spycall.pt folds
Promethee42 folds
Zlatix folds
Chrisking72 collected 270 from pot
*** SUMMARY ***
Total pot 270 | No rake
Seat 7: Chrisking72 won 270


Winamax Poker - Tournament "Tremplin Paris" buyIn: 0€ + 0€ level: 4 - HandId: #3211591860355072191-34-1708630105 - Holdem no limit (30/60) - 2024/02/22 19:28:25 UTC
Table: 'Tremplin Paris(747757000)#0190' 8-max (real money) Seat #1 is the button
Seat 1: Promethee42 (3725)
Seat 2: Zlatix (1772)
Seat 3: Paris78700 (2800)
Seat 4: Tardor (4474)
Seat 5: laurent94V (2760)
Seat 6: P1xel7 (2913)
Seat 7: Chrisking72 (11826)
Seat 8: Spycall.pt (2730)
*** ANTE/BLINDS ***
Zlatix posts small blind 30
Paris78700 posts big blind 60
Dealt to P1xel7 [Kh 2d]
*** PRE-FLOP *** 
Tardor folds
laurent94V folds
P1xel7 folds
Chrisking72 raises 120 to 180
Spycall.pt folds
Promethee42 folds
Zlatix folds
Paris78700 folds
Chrisking72 collected 270 from pot
*** SUMMARY ***
Total pot 270 | No rake
Seat 7: Chrisking72 won 270


Winamax Poker - Tournament "Tremplin Paris" buyIn: 0€ + 0€ level: 4 - HandId: #3211591860355072191-35-1708630134 - Holdem no limit (30/60) - 2024/02/22 19:28:54 UTC
Table: 'Tremplin Paris(747757000)#0190' 8-max (real money) Seat #2 is the button
Seat 1: Promethee42 (3725)
Seat 2: Zlatix (1742)
Seat 3: Paris78700 (2740)
Seat 4: Tardor (4474)
Seat 5: laurent94V (2760)
Seat 6: P1xel7 (2913)
Seat 7: Chrisking72 (11916)
Seat 8: Spycall.pt (2730)
*** ANTE/BLINDS ***
Paris78700 posts small blind 30
Tardor posts big blind 60
Dealt to P1xel7 [Jh 5s]
*** PRE-FLOP *** 
laurent94V folds
P1xel7 folds
Chrisking72 raises 120 to 180
Spycall.pt folds
Promethee42 calls 180
Zlatix calls 180
Paris78700 folds
Tardor folds
*** FLOP *** [Ah 7c 2d]
Chrisking72 checks
Promethee42 checks
Zlatix checks
*** TURN *** [Ah 7c 2d][4s]
Chrisking72 checks
Promethee42 checks
Zlatix checks
*** RIVER *** [Ah 7c 2d 4s][3s]
Chrisking72 checks
Promethee42 checks
Zlatix checks
*** SHOW DOWN ***
Promethee42 shows [9h Js] (High card : Ace)
Zlatix shows [6h Jd] (High card : Ace)
Chrisking72 shows [Jc Qh] (High card : Ace)
Chrisking72 collected 630 from pot
*** SUMMARY ***
Total pot 630 | No rake
Board: [Ah 7c 2d 4s 3s]
Seat 1: Promethee42 showed [9h Js] and lost with High card : Ace
Seat 2: Zlatix (button) showed [6h Jd] and lost with High card : Ace
Seat 7: Chrisking72 showed [Jc Qh] and won 630 with High card : Ace


Winamax Poker - Tournament "Tremplin Paris" buyIn: 0€ + 0€ level: 4 - HandId: #3211591860355072191-36-1708630175 - Holdem no limit (30/60) - 2024/02/22 19:29:35 UTC
Table: 'Tremplin Paris(747757000)#0190' 8-max (real money) Seat #3 is the button
Seat 1: Promethee42 (3545)
Seat 2: Zlatix (1562)
Seat 3: Paris78700 (2710)
Seat 4: Tardor (4414)
Seat 5: laurent94V (2760)
Seat 6: P1xel7 (2913)
Seat 7: Chrisking72 (12366)
Seat 8: Spycall.pt (2730)
*** ANTE/BLINDS ***
Tardor posts small blind 30
laurent94V posts big blind 60
Dealt to P1xel7 [3d Qd]
*** PRE-FLOP *** 
P1xel7 folds
Chrisking72 raises 120 to 180
Spycall.pt folds
Promethee42 calls 180
Zlatix calls 180
Paris78700 folds
Tardor calls 150
laurent94V folds
*** FLOP *** [6h Ts 7c]
Tardor checks
Chrisking72 checks
Promethee42 bets 90
Zlatix calls 90
Tardor calls 90
Chrisking72 calls 90
*** TURN *** [6h Ts 7c][Jd]
Tardor checks
Chrisking72 checks
Promethee42 bets 1140
Zlatix raises 152 to 1292 and is all-in
Tardor folds
Chrisking72 folds
Promethee42 calls 152
*** RIVER *** [6h Ts 7c Jd][9s]
*** SHOW DOWN ***
Promethee42 shows [7h Jh] (Two pairs : Jacks and 7)
Zlatix shows [8h Jc] (Straight Jack high)
Zlatix collected 3724 from pot
*** SUMMARY ***
Total pot 3724 | No rake
Board: [6h Ts 7c Jd 9s]
Seat 1: Promethee42 showed [7h Jh] and lost with Two pairs : Jacks and 7
Seat 2: Zlatix showed [8h Jc] and won 3724 with Straight Jack high


Winamax Poker - Tournament "Tremplin Paris" buyIn: 0€ + 0€ level: 4 - HandId: #3211591860355072191-37-1708630218 - Holdem no limit (30/60) - 2024/02/22 19:30:18 UTC
Table: 'Tremplin Paris(747757000)#0190' 8-max (real money) Seat #4 is the button
Seat 1: Promethee42 (1983)
Seat 2: Zlatix (3724)
Seat 3: Paris78700 (2710)
Seat 4: Tardor (4144)
Seat 5: laurent94V (2700)
Seat 6: P1xel7 (2913)
Seat 7: Chrisking72 (12096)
Seat 8: Spycall.pt (2730)
*** ANTE/BLINDS ***
laurent94V posts small blind 30
P1xel7 posts big blind 60
Dealt to P1xel7 [Ts Jc]
*** PRE-FLOP *** 
Chrisking72 folds
Spycall.pt folds
Promethee42 calls 60
Zlatix folds
Paris78700 folds
Tardor raises 120 to 180
laurent94V folds
P1xel7 calls 120
Promethee42 calls 120
*** FLOP *** [5s As 9d]
P1xel7 checks
Promethee42 checks
Tardor bets 200
P1xel7 folds
Promethee42 folds
Tardor collected 770 from pot
*** SUMMARY ***
Total pot 770 | No rake
Board: [5s As 9d]
Seat 4: Tardor (button) won 770


Winamax Poker - Tournament "Tremplin Paris" buyIn: 0€ + 0€ level: 4 - HandId: #3211591860355072191-38-1708630268 - Holdem no limit (30/60) - 2024/02/22 19:31:08 UTC
Table: 'Tremplin Paris(747757000)#0190' 8-max (real money) Seat #5 is the button
Seat 1: Promethee42 (1803)
Seat 2: Zlatix (3724)
Seat 3: Paris78700 (2710)
Seat 4: Tardor (4534)
Seat 5: laurent94V (2670)
Seat 6: P1xel7 (2733)
Seat 7: Chrisking72 (12096)
Seat 8: Spycall.pt (2730)
*** ANTE/BLINDS ***
P1xel7 posts small blind 30
Chrisking72 posts big blind 60
Dealt to P1xel7 [8s Qc]
*** PRE-FLOP *** 
Spycall.pt folds
Promethee42 folds
Zlatix folds
Paris78700 folds
Tardor folds
laurent94V folds
P1xel7 folds
Chrisking72 collected 90 from pot
*** SUMMARY ***
Total pot 90 | No rake
Seat 7: Chrisking72 (big blind) won 90


Winamax Poker - Tournament "Tremplin Paris" buyIn: 0€ + 0€ level: 4 - HandId: #3211591860355072191-39-1708630281 - Holdem no limit (30/60) - 2024/02/22 19:31:21 UTC
Table: 'Tremplin Paris(747757000)#0190' 8-max (real money) Seat #6 is the button
Seat 1: Promethee42 (1803)
Seat 2: Zlatix (3724)
Seat 3: Paris78700 (2710)
Seat 4: Tardor (4534)
Seat 5: laurent94V (2670)
Seat 6: P1xel7 (2703)
Seat 7: Chrisking72 (12126)
Seat 8: Spycall.pt (2730)
*** ANTE/BLINDS ***
Chrisking72 posts small blind 30
Spycall.pt posts big blind 60
Dealt to P1xel7 [7c 7s]
*** PRE-FLOP *** 
Promethee42 folds
Zlatix folds
Paris78700 folds
Tardor calls 60
laurent94V folds
P1xel7 raises 180 to 240
Chrisking72 calls 210
Spycall.pt folds
Tardor calls 180
*** FLOP *** [9c Kc 9s]
Chrisking72 checks
Tardor bets 273
P1xel7 folds
Chrisking72 calls 273
*** TURN *** [9c Kc 9s][5s]
Chrisking72 checks
Tardor checks
*** RIVER *** [9c Kc 9s 5s][3d]
Chrisking72 bets 1326
Tardor folds
Chrisking72 collected 2652 from pot
*** SUMMARY ***
Total pot 2652 | No rake
Board: [9c Kc 9s 5s 3d]
Seat 7: Chrisking72 (small blind) won 2652


Winamax Poker - Tournament "Tremplin Paris" buyIn: 0€ + 0€ level: 5 - HandId: #3211591860355072191-40-1708630352 - Holdem no limit (40/80) - 2024/02/22 19:32:32 UTC
Table: 'Tremplin Paris(747757000)#0190' 8-max (real money) Seat #7 is the button
Seat 1: Promethee42 (1803)
Seat 2: Zlatix (3724)
Seat 3: Paris78700 (2710)
Seat 4: Tardor (4021)
Seat 5: laurent94V (2670)
Seat 6: P1xel7 (2463)
Seat 7: Chrisking72 (12939)
Seat 8: Spycall.pt (2670)
*** ANTE/BLINDS ***
Spycall.pt posts small blind 40
Promethee42 posts big blind 80
Dealt to P1xel7 [9d 3h]
*** PRE-FLOP *** 
Zlatix folds
Paris78700 folds
Tardor raises 160 to 240
laurent94V folds
P1xel7 folds
Chrisking72 raises 480 to 720
Spycall.pt folds
Promethee42 folds
Tardor calls 480
*** FLOP *** [9h 6s Ts]
Tardor checks
Chrisking72 bets 1014
Tardor raises 2287 to 3301 and is all-in
Chrisking72 calls 2287
*** TURN *** [9h 6s Ts][Jd]
*** RIVER *** [9h 6s Ts Jd][Td]
*** SHOW DOWN ***
Tardor shows [9s Ad] (Two pairs : Tens and 9)
Chrisking72 shows [Ac Tc] (Trips of Tens)
Chrisking72 collected 8162 from pot
*** SUMMARY ***
Total pot 8162 | No rake
Board: [9h 6s Ts Jd Td]
Seat 4: Tardor showed [9s Ad] and lost with Two pairs : Tens and 9
Seat 7: Chrisking72 (button) showed [Ac Tc] and won 8162 with Trips of Tens


Winamax Poker - Tournament "Tremplin Paris" buyIn: 0€ + 0€ level: 5 - HandId: #3211591860355072191-41-1708630393 - Holdem no limit (40/80) - 2024/02/22 19:33:13 UTC
Table: 'Tremplin Paris(747757000)#0190' 8-max (real money) Seat #8 is the button
Seat 1: Promethee42 (1723)
Seat 2: Zlatix (3724)
Seat 3: Paris78700 (2710)
Seat 5: laurent94V (2670)
Seat 6: P1xel7 (2463)
Seat 7: Chrisking72 (17080)
Seat 8: Spycall.pt (2630)
*** ANTE/BLINDS ***
Promethee42 posts small blind 40
Zlatix posts big blind 80
Dealt to P1xel7 [4c 4h]
*** PRE-FLOP *** 
Paris78700 folds
laurent94V folds
P1xel7 raises 96 to 176
Chrisking72 folds
Spycall.pt folds
Promethee42 calls 136
Zlatix folds
*** FLOP *** [Ks Jd 9d]
Promethee42 bets 80
P1xel7 calls 80
*** TURN *** [Ks Jd 9d][Js]
Promethee42 bets 80
P1xel7 raises 336 to 416
Promethee42 calls 336
*** RIVER *** [Ks Jd 9d Js][Kh]
Promethee42 bets 1051 and is all-in
P1xel7 folds
Promethee42 collected 2475 from pot
*** SUMMARY ***
Total pot 2475 | No rake
Board: [Ks Jd 9d Js Kh]
Seat 1: Promethee42 (small blind) won 2475


Winamax Poker - Tournament "Tremplin Paris" buyIn: 0€ + 0€ level: 5 - HandId: #3211591860355072191-42-1708630454 - Holdem no limit (40/80) - 2024/02/22 19:34:14 UTC
Table: 'Tremplin Paris(747757000)#0190' 8-max (real money) Seat #1 is the button
Seat 1: Promethee42 (2475)
Seat 2: Zlatix (3644)
Seat 3: Paris78700 (2710)
Seat 5: laurent94V (2670)
Seat 6: P1xel7 (1791)
Seat 7: Chrisking72 (17080)
Seat 8: Spycall.pt (2630)
*** ANTE/BLINDS ***
Zlatix posts small blind 40
Paris78700 posts big blind 80
Dealt to P1xel7 [Jh 3s]
*** PRE-FLOP *** 
laurent94V folds
P1xel7 folds
Chrisking72 folds
Spycall.pt folds
Promethee42 calls 80
Zlatix calls 40
Paris78700 folds
*** FLOP *** [5d Js 6c]
Zlatix bets 3564 and is all-in
Promethee42 folds
Zlatix collected 3804 from pot
*** SUMMARY ***
Total pot 3804 | No rake
Board: [5d Js 6c]
Seat 2: Zlatix (small blind) won 3804


Winamax Poker - Tournament "Tremplin Paris" buyIn: 0€ + 0€ level: 5 - HandId: #3211591860355072191-43-1708630477 - Holdem no limit (40/80) - 2024/02/22 19:34:37 UTC
Table: 'Tremplin Paris(747757000)#0190' 8-max (real money) Seat #2 is the button
Seat 1: Promethee42 (2395)
Seat 2: Zlatix (3804)
Seat 3: Paris78700 (2630)
Seat 5: laurent94V (2670)
Seat 6: P1xel7 (1791)
Seat 7: Chrisking72 (17080)
Seat 8: Spycall.pt (2630)
*** ANTE/BLINDS ***
Paris78700 posts small blind 40
laurent94V posts big blind 80
Dealt to P1xel7 [5c Jh]
*** PRE-FLOP *** 
P1xel7 folds
Chrisking72 calls 80
Spycall.pt folds
Promethee42 folds
Zlatix calls 80
Paris78700 folds
laurent94V folds
*** FLOP *** [Ks As 6h]
Chrisking72 checks
Zlatix checks
*** TURN *** [Ks As 6h][Ac]
Chrisking72 checks
Zlatix checks
*** RIVER *** [Ks As 6h Ac][Kh]
Chrisking72 bets 17000 and is all-in
Zlatix folds
Chrisking72 collected 17280 from pot
*** SUMMARY ***
Total pot 17280 | No rake
Board: [Ks As 6h Ac Kh]
Seat 7: Chrisking72 won 17280


Winamax Poker - Tournament "Tremplin Paris" buyIn: 0€ + 0€ level: 5 - HandId: #3211591860355072191-44-1708630505 - Holdem no limit (40/80) - 2024/02/22 19:35:05 UTC
Table: 'Tremplin Paris(747757000)#0190' 8-max (real money) Seat #3 is the button
Seat 1: Promethee42 (2395)
Seat 2: Zlatix (3724)
Seat 3: Paris78700 (2590)
Seat 5: laurent94V (2590)
Seat 6: P1xel7 (1791)
Seat 7: Chrisking72 (17280)
Seat 8: Spycall.pt (2630)
*** ANTE/BLINDS ***
laurent94V posts small blind 40
P1xel7 posts big blind 80
Dealt to P1xel7 [Qh 7d]
*** PRE-FLOP *** 
Chrisking72 folds
Spycall.pt folds
Promethee42 folds
Zlatix calls 80
Paris78700 folds
laurent94V folds
P1xel7 checks
*** FLOP *** [2s 6s 4s]
P1xel7 checks
Zlatix checks
*** TURN *** [2s 6s 4s][6h]
P1xel7 bets 80
Zlatix folds
P1xel7 collected 280 from pot
*** SUMMARY ***
Total pot 280 | No rake
Board: [2s 6s 4s 6h]
Seat 6: P1xel7 (big blind) won 280


Winamax Poker - Tournament "Tremplin Paris" buyIn: 0€ + 0€ level: 5 - HandId: #3211591860355072191-45-1708630524 - Holdem no limit (40/80) - 2024/02/22 19:35:24 UTC
Table: 'Tremplin Paris(747757000)#0190' 8-max (real money) Seat #5 is the button
Seat 1: Promethee42 (2395)
Seat 2: Zlatix (3644)
Seat 3: Paris78700 (2590)
Seat 4: AahhYouKette (10117)
Seat 5: laurent94V (2550)
Seat 6: P1xel7 (1911)
Seat 7: Chrisking72 (17280)
Seat 8: Spycall.pt (2630)
*** ANTE/BLINDS ***
P1xel7 posts small blind 40
Chrisking72 posts big blind 80
Dealt to P1xel7 [3h 7c]
*** PRE-FLOP *** 
Spycall.pt folds
Promethee42 folds
Zlatix raises 80 to 160
Paris78700 folds
AahhYouKette folds
laurent94V folds
P1xel7 folds
Chrisking72 calls 80
*** FLOP *** [4h 9h 3c]
Chrisking72 checks
Zlatix bets 200
Chrisking72 folds
Zlatix collected 560 from pot
*** SUMMARY ***
Total pot 560 | No rake
Board: [4h 9h 3c]
Seat 2: Zlatix won 560


Winamax Poker - Tournament "Tremplin Paris" buyIn: 0€ + 0€ level: 5 - HandId: #3211591860355072191-46-1708630545 - Holdem no limit (40/80) - 2024/02/22 19:35:45 UTC
Table: 'Tremplin Paris(747757000)#0190' 8-max (real money) Seat #6 is the button
Seat 1: Promethee42 (2395)
Seat 2: Zlatix (3844)
Seat 3: Paris78700 (2590)
Seat 4: AahhYouKette (10117)
Seat 5: laurent94V (2550)
Seat 6: P1xel7 (1871)
Seat 7: Chrisking72 (17120)
Seat 8: Spycall.pt (2630)
*** ANTE/BLINDS ***
Chrisking72 posts small blind 40
Spycall.pt posts big blind 80
Dealt to P1xel7 [5s 3s]
*** PRE-FLOP *** 
Promethee42 folds
Zlatix folds
Paris78700 folds
AahhYouKette folds
laurent94V folds
P1xel7 folds
Chrisking72 raises 80 to 160
Spycall.pt folds
Chrisking72 collected 240 from pot
*** SUMMARY ***
Total pot 240 | No rake
Seat 7: Chrisking72 (small blind) won 240


Winamax Poker - Tournament "Tremplin Paris" buyIn: 0€ + 0€ level: 5 - HandId: #3211591860355072191-47-1708630564 - Holdem no limit (40/80) - 2024/02/22 19:36:04 UTC
Table: 'Tremplin Paris(747757000)#0190' 8-max (real money) Seat #7 is the button
Seat 1: Promethee42 (2395)
Seat 2: Zlatix (3844)
Seat 3: Paris78700 (2590)
Seat 4: AahhYouKette (10117)
Seat 5: laurent94V (2550)
Seat 6: P1xel7 (1871)
Seat 7: Chrisking72 (17200)
Seat 8: Spycall.pt (2550)
*** ANTE/BLINDS ***
Spycall.pt posts small blind 40
Promethee42 posts big blind 80
Dealt to P1xel7 [Ks 9h]
*** PRE-FLOP *** 
Zlatix raises 80 to 160
Paris78700 folds
AahhYouKette calls 160
laurent94V folds
P1xel7 folds
Chrisking72 calls 160
Spycall.pt folds
Promethee42 calls 80
*** FLOP *** [As Qd Kh]
Promethee42 checks
Zlatix bets 3684 and is all-in
AahhYouKette raises 6273 to 9957 and is all-in
Chrisking72 folds
Promethee42 folds
*** TURN *** [As Qd Kh][Js]
*** RIVER *** [As Qd Kh Js][Jc]
*** SHOW DOWN ***
Zlatix shows [Jh Ah] (Full of Jacks and Aces)
AahhYouKette shows [Qc Ad] (Two pairs : Aces and Queens)
AahhYouKette collected 6273 from side pot 1
Zlatix collected 8048 from main pot
*** SUMMARY ***
Total pot 14321 | No rake
Board: [As Qd Kh Js Jc]
Seat 2: Zlatix showed [Jh Ah] and won 8048 with Full of Jacks and Aces
Seat 4: AahhYouKette showed [Qc Ad] and won 6273 with Two pairs : Aces and Queens


Winamax Poker - Tournament "Tremplin Paris" buyIn: 0€ + 0€ level: 5 - HandId: #3211591860355072191-48-1708630623 - Holdem no limit (40/80) - 2024/02/22 19:37:03 UTC
Table: 'Tremplin Paris(747757000)#0190' 8-max (real money) Seat #8 is the button
Seat 1: Promethee42 (2235)
Seat 2: Zlatix (8048)
Seat 3: Paris78700 (2590)
Seat 4: AahhYouKette (6273)
Seat 5: laurent94V (2550)
Seat 6: P1xel7 (1871)
Seat 7: Chrisking72 (17040)
Seat 8: Spycall.pt (2510)
*** ANTE/BLINDS ***
Promethee42 posts small blind 40
Zlatix posts big blind 80
Dealt to P1xel7 [4s Ad]
*** PRE-FLOP *** 
Paris78700 folds
AahhYouKette folds
laurent94V folds
P1xel7 raises 80 to 160
Chrisking72 folds
Spycall.pt folds
Promethee42 folds
Zlatix calls 80
*** FLOP *** [8s 9c Qh]
Zlatix bets 360
P1xel7 folds
Zlatix collected 720 from pot
*** SUMMARY ***
Total pot 720 | No rake
Board: [8s 9c Qh]
Seat 2: Zlatix (big blind) won 720


Winamax Poker - Tournament "Tremplin Paris" buyIn: 0€ + 0€ level: 5 - HandId: #3211591860355072191-49-1708630640 - Holdem no limit (40/80) - 2024/02/22 19:37:20 UTC
Table: 'Tremplin Paris(747757000)#0190' 8-max (real money) Seat #1 is the button
Seat 1: Promethee42 (2195)
Seat 2: Zlatix (8248)
Seat 3: Paris78700 (2590)
Seat 4: AahhYouKette (6273)
Seat 5: laurent94V (2550)
Seat 6: P1xel7 (1711)
Seat 7: Chrisking72 (17040)
Seat 8: Spycall.pt (2510)
*** ANTE/BLINDS ***
Zlatix posts small blind 40
Paris78700 posts big blind 80
Dealt to P1xel7 [4d As]
*** PRE-FLOP *** 
AahhYouKette folds
laurent94V folds
P1xel7 folds
Chrisking72 folds
Spycall.pt folds
Promethee42 folds
Zlatix calls 40
Paris78700 folds
Zlatix collected 160 from pot
*** SUMMARY ***
Total pot 160 | No rake
Seat 2: Zlatix (small blind) won 160


Winamax Poker - Tournament "Tremplin Paris" buyIn: 0€ + 0€ level: 5 - HandId: #3211591860355072191-50-1708630649 - Holdem no limit (40/80) - 2024/02/22 19:37:29 UTC
Table: 'Tremplin Paris(747757000)#0190' 8-max (real money) Seat #2 is the button
Seat 1: Promethee42 (2195)
Seat 2: Zlatix (8328)
Seat 3: Paris78700 (2510)
Seat 4: AahhYouKette (6273)
Seat 5: laurent94V (2550)
Seat 6: P1xel7 (1711)
Seat 7: Chrisking72 (17040)
Seat 8: Spycall.pt (2510)
*** ANTE/BLINDS ***
Paris78700 posts small blind 40
AahhYouKette posts big blind 80
Dealt to P1xel7 [7s 7d]
*** PRE-FLOP *** 
laurent94V folds
P1xel7 raises 120 to 200
Chrisking72 calls 200
Spycall.pt folds
Promethee42 folds
Zlatix folds
Paris78700 folds
AahhYouKette folds
*** FLOP *** [Th Tc Qd]
P1xel7 bets 416
Chrisking72 calls 416
*** TURN *** [Th Tc Qd][6s]
P1xel7 bets 1095 and is all-in
Chrisking72 calls 1095
*** RIVER *** [Th Tc Qd 6s][2c]
*** SHOW DOWN ***
P1xel7 shows [7s 7d] (Two pairs : Tens and 7)
Chrisking72 shows [Jd Ts] (Trips of Tens)
Chrisking72 collected 3542 from pot
*** SUMMARY ***
Total pot 3542 | No rake
Board: [Th Tc Qd 6s 2c]
Seat 6: P1xel7 showed [7s 7d] and lost with Two pairs : Tens and 7
Seat 7: Chrisking72 showed [Jd Ts] and won 3542 with Trips of Tens


