Winamax Poker - Tournament "Starting Block WiPT - Déglingos" buyIn: 0€ + 0€ level: 1 - HandId: #3260104370661883905-1-1708628845 - Holdem no limit (10/20) - 2024/02/22 19:07:25 UTC
Table: 'Starting Block WiPT - Déglingos(759052199)#0' 6-max (real money) Seat #4 is the button
Seat 1: P1xel7 (500)
Seat 2: louthur-acp (500)
Seat 3: Diouf93130 (500)
Seat 4: La machine. (500)
Seat 5: DarkWitchofP (500)
Seat 6: icorfut (500)
*** ANTE/BLINDS ***
DarkWitchofP posts small blind 10
icorfut posts big blind 20
Dealt to P1xel7 [8d Ad]
*** PRE-FLOP *** 
P1xel7 raises 25 to 45
louthur-acp raises 455 to 500 and is all-in
Diouf93130 folds
La machine. calls 500 and is all-in
DarkWitchofP calls 490 and is all-in
icorfut folds
P1xel7 calls 455 and is all-in
*** FLOP *** [3s As 8s]
*** TURN *** [3s As 8s][Th]
*** RIVER *** [3s As 8s Th][4h]
*** SHOW DOWN ***
louthur-acp shows [9s 9h] (One pair : 9)
La machine. shows [Ac 9c] (One pair : Aces)
DarkWitchofP shows [5h 6h] (High card : Ace)
P1xel7 shows [8d Ad] (Two pairs : Aces and 8)
P1xel7 collected 2020 from pot
*** SUMMARY ***
Total pot 2020 | No rake
Board: [3s As 8s Th 4h]
Seat 1: P1xel7 showed [8d Ad] and won 2020 with Two pairs : Aces and 8
Seat 2: louthur-acp showed [9s 9h] and lost with One pair : 9
Seat 4: La machine. (button) showed [Ac 9c] and lost with One pair : Aces
Seat 5: DarkWitchofP (small blind) showed [5h 6h] and lost with High card : Ace


Winamax Poker - Tournament "Starting Block WiPT - Déglingos" buyIn: 0€ + 0€ level: 1 - HandId: #3260104370661883905-2-1708628880 - Holdem no limit (10/20) - 2024/02/22 19:08:00 UTC
Table: 'Starting Block WiPT - Déglingos(759052199)#0' 6-max (real money) Seat #5 is the button
Seat 1: P1xel7 (2020)
Seat 3: Diouf93130 (500)
Seat 6: icorfut (480)
*** ANTE/BLINDS ***
icorfut posts small blind 10
P1xel7 posts big blind 20
Dealt to P1xel7 [As 9c]
*** PRE-FLOP *** 
Diouf93130 raises 20 to 40
icorfut folds
P1xel7 calls 20
*** FLOP *** [Jc 6s 4c]
P1xel7 checks
Diouf93130 checks
*** TURN *** [Jc 6s 4c][8s]
P1xel7 checks
Diouf93130 checks
*** RIVER *** [Jc 6s 4c 8s][6c]
P1xel7 bets 23
Diouf93130 folds
P1xel7 collected 113 from pot
*** SUMMARY ***
Total pot 113 | No rake
Board: [Jc 6s 4c 8s 6c]
Seat 1: P1xel7 (big blind) won 113


Winamax Poker - Tournament "Starting Block WiPT - Déglingos" buyIn: 0€ + 0€ level: 2 - HandId: #3260104370661883905-3-1708628964 - Holdem no limit (15/30) - 2024/02/22 19:09:24 UTC
Table: 'Starting Block WiPT - Déglingos(759052199)#0' 6-max (real money) Seat #6 is the button
Seat 1: P1xel7 (2070)
Seat 3: Diouf93130 (460)
Seat 6: icorfut (470)
*** ANTE/BLINDS ***
P1xel7 posts small blind 15
Diouf93130 posts big blind 30
Dealt to P1xel7 [6s Tc]
*** PRE-FLOP *** 
icorfut folds
P1xel7 folds
Diouf93130 collected 45 from pot
*** SUMMARY ***
Total pot 45 | No rake
Seat 3: Diouf93130 (big blind) won 45


Winamax Poker - Tournament "Starting Block WiPT - Déglingos" buyIn: 0€ + 0€ level: 2 - HandId: #3260104370661883905-4-1708628973 - Holdem no limit (15/30) - 2024/02/22 19:09:33 UTC
Table: 'Starting Block WiPT - Déglingos(759052199)#0' 6-max (real money) Seat #1 is the button
Seat 1: P1xel7 (2055)
Seat 3: Diouf93130 (475)
Seat 6: icorfut (470)
*** ANTE/BLINDS ***
Diouf93130 posts small blind 15
icorfut posts big blind 30
Dealt to P1xel7 [Ks Ad]
*** PRE-FLOP *** 
P1xel7 raises 60 to 90
Diouf93130 folds
icorfut folds
P1xel7 collected 135 from pot
*** SUMMARY ***
Total pot 135 | No rake
Seat 1: P1xel7 (button) won 135


Winamax Poker - Tournament "Starting Block WiPT - Déglingos" buyIn: 0€ + 0€ level: 2 - HandId: #3260104370661883905-5-1708628987 - Holdem no limit (15/30) - 2024/02/22 19:09:47 UTC
Table: 'Starting Block WiPT - Déglingos(759052199)#0' 6-max (real money) Seat #3 is the button
Seat 1: P1xel7 (2100)
Seat 3: Diouf93130 (460)
Seat 6: icorfut (440)
*** ANTE/BLINDS ***
icorfut posts small blind 15
P1xel7 posts big blind 30
Dealt to P1xel7 [Ah 9s]
*** PRE-FLOP *** 
Diouf93130 raises 30 to 60
icorfut raises 380 to 440 and is all-in
P1xel7 calls 410
Diouf93130 raises 20 to 460 and is all-in
P1xel7 calls 20
*** FLOP *** [9c 7s 8s]
*** TURN *** [9c 7s 8s][4d]
*** RIVER *** [9c 7s 8s 4d][Ac]
*** SHOW DOWN ***
P1xel7 shows [Ah 9s] (Two pairs : Aces and 9)
icorfut shows [Th Td] (One pair : Tens)
Diouf93130 shows [8c 8d] (Trips of 8)
Diouf93130 collected 1360 from pot
*** SUMMARY ***
Total pot 1360 | No rake
Board: [9c 7s 8s 4d Ac]
Seat 1: P1xel7 (big blind) showed [Ah 9s] and lost with Two pairs : Aces and 9
Seat 3: Diouf93130 (button) showed [8c 8d] and won 1360 with Trips of 8
Seat 6: icorfut (small blind) showed [Th Td] and lost with One pair : Tens


Winamax Poker - Tournament "Starting Block WiPT - Déglingos" buyIn: 0€ + 0€ level: 2 - HandId: #3260104370661883905-6-1708629018 - Holdem no limit (15/30) - 2024/02/22 19:10:18 UTC
Table: 'Starting Block WiPT - Déglingos(759052199)#0' 6-max (real money) Seat #1 is the button
Seat 1: P1xel7 (1640)
Seat 3: Diouf93130 (1360)
*** ANTE/BLINDS ***
P1xel7 posts small blind 15
Diouf93130 posts big blind 30
Dealt to P1xel7 [9h 7s]
*** PRE-FLOP *** 
P1xel7 folds
Diouf93130 collected 45 from pot
*** SUMMARY ***
Total pot 45 | No rake
Seat 3: Diouf93130 (big blind) won 45


Winamax Poker - Tournament "Starting Block WiPT - Déglingos" buyIn: 0€ + 0€ level: 3 - HandId: #3260104370661883905-7-1708629028 - Holdem no limit (20/40) - 2024/02/22 19:10:28 UTC
Table: 'Starting Block WiPT - Déglingos(759052199)#0' 6-max (real money) Seat #3 is the button
Seat 1: P1xel7 (1625)
Seat 3: Diouf93130 (1375)
*** ANTE/BLINDS ***
Diouf93130 posts small blind 20
P1xel7 posts big blind 40
Dealt to P1xel7 [2c Td]
*** PRE-FLOP *** 
Diouf93130 raises 40 to 80
P1xel7 folds
Diouf93130 collected 120 from pot
*** SUMMARY ***
Total pot 120 | No rake
Seat 3: Diouf93130 (small blind) (button) won 120


Winamax Poker - Tournament "Starting Block WiPT - Déglingos" buyIn: 0€ + 0€ level: 3 - HandId: #3260104370661883905-8-1708629036 - Holdem no limit (20/40) - 2024/02/22 19:10:36 UTC
Table: 'Starting Block WiPT - Déglingos(759052199)#0' 6-max (real money) Seat #1 is the button
Seat 1: P1xel7 (1585)
Seat 3: Diouf93130 (1415)
*** ANTE/BLINDS ***
P1xel7 posts small blind 20
Diouf93130 posts big blind 40
Dealt to P1xel7 [Kc 6c]
*** PRE-FLOP *** 
P1xel7 folds
Diouf93130 collected 60 from pot
*** SUMMARY ***
Total pot 60 | No rake
Seat 3: Diouf93130 (big blind) won 60


Winamax Poker - Tournament "Starting Block WiPT - Déglingos" buyIn: 0€ + 0€ level: 3 - HandId: #3260104370661883905-9-1708629042 - Holdem no limit (20/40) - 2024/02/22 19:10:42 UTC
Table: 'Starting Block WiPT - Déglingos(759052199)#0' 6-max (real money) Seat #3 is the button
Seat 1: P1xel7 (1565)
Seat 3: Diouf93130 (1435)
*** ANTE/BLINDS ***
Diouf93130 posts small blind 20
P1xel7 posts big blind 40
Dealt to P1xel7 [6d Qc]
*** PRE-FLOP *** 
Diouf93130 calls 20
P1xel7 checks
*** FLOP *** [7d 9c Qh]
P1xel7 bets 52
Diouf93130 folds
P1xel7 collected 132 from pot
*** SUMMARY ***
Total pot 132 | No rake
Board: [7d 9c Qh]
Seat 1: P1xel7 (big blind) won 132


Winamax Poker - Tournament "Starting Block WiPT - Déglingos" buyIn: 0€ + 0€ level: 3 - HandId: #3260104370661883905-10-1708629074 - Holdem no limit (20/40) - 2024/02/22 19:11:14 UTC
Table: 'Starting Block WiPT - Déglingos(759052199)#0' 6-max (real money) Seat #1 is the button
Seat 1: P1xel7 (1605)
Seat 3: Diouf93130 (1395)
*** ANTE/BLINDS ***
P1xel7 posts small blind 20
Diouf93130 posts big blind 40
Dealt to P1xel7 [Kh 4h]
*** PRE-FLOP *** 
P1xel7 folds
Diouf93130 collected 60 from pot
*** SUMMARY ***
Total pot 60 | No rake
Seat 3: Diouf93130 (big blind) won 60


Winamax Poker - Tournament "Starting Block WiPT - Déglingos" buyIn: 0€ + 0€ level: 3 - HandId: #3260104370661883905-11-1708629079 - Holdem no limit (20/40) - 2024/02/22 19:11:19 UTC
Table: 'Starting Block WiPT - Déglingos(759052199)#0' 6-max (real money) Seat #3 is the button
Seat 1: P1xel7 (1585)
Seat 3: Diouf93130 (1415)
*** ANTE/BLINDS ***
Diouf93130 posts small blind 20
P1xel7 posts big blind 40
Dealt to P1xel7 [Jd 4c]
*** PRE-FLOP *** 
Diouf93130 calls 20
P1xel7 checks
*** FLOP *** [9h 7d 3s]
P1xel7 checks
Diouf93130 checks
*** TURN *** [9h 7d 3s][8d]
P1xel7 checks
Diouf93130 checks
*** RIVER *** [9h 7d 3s 8d][Kd]
P1xel7 checks
Diouf93130 checks
*** SHOW DOWN ***
P1xel7 shows [Jd 4c] (High card : King)
Diouf93130 shows [Jc 5h] (High card : King)
Diouf93130 collected 40 from pot
P1xel7 collected 40 from pot
*** SUMMARY ***
Total pot 80 | No rake
Board: [9h 7d 3s 8d Kd]
Seat 1: P1xel7 (big blind) showed [Jd 4c] and won 40 with High card : King
Seat 3: Diouf93130 (small blind) (button) showed [Jc 5h] and won 40 with High card : King


Winamax Poker - Tournament "Starting Block WiPT - Déglingos" buyIn: 0€ + 0€ level: 4 - HandId: #3260104370661883905-12-1708629113 - Holdem no limit (30/60) - 2024/02/22 19:11:53 UTC
Table: 'Starting Block WiPT - Déglingos(759052199)#0' 6-max (real money) Seat #1 is the button
Seat 1: P1xel7 (1585)
Seat 3: Diouf93130 (1415)
*** ANTE/BLINDS ***
P1xel7 posts small blind 30
Diouf93130 posts big blind 60
Dealt to P1xel7 [2c Jd]
*** PRE-FLOP *** 
P1xel7 folds
Diouf93130 collected 90 from pot
*** SUMMARY ***
Total pot 90 | No rake
Seat 3: Diouf93130 (big blind) won 90


Winamax Poker - Tournament "Starting Block WiPT - Déglingos" buyIn: 0€ + 0€ level: 4 - HandId: #3260104370661883905-13-1708629124 - Holdem no limit (30/60) - 2024/02/22 19:12:04 UTC
Table: 'Starting Block WiPT - Déglingos(759052199)#0' 6-max (real money) Seat #3 is the button
Seat 1: P1xel7 (1555)
Seat 3: Diouf93130 (1445)
*** ANTE/BLINDS ***
Diouf93130 posts small blind 30
P1xel7 posts big blind 60
Dealt to P1xel7 [5c Tc]
*** PRE-FLOP *** 
Diouf93130 raises 120 to 180
P1xel7 folds
Diouf93130 collected 240 from pot
*** SUMMARY ***
Total pot 240 | No rake
Seat 3: Diouf93130 (small blind) (button) won 240


Winamax Poker - Tournament "Starting Block WiPT - Déglingos" buyIn: 0€ + 0€ level: 4 - HandId: #3260104370661883905-14-1708629132 - Holdem no limit (30/60) - 2024/02/22 19:12:12 UTC
Table: 'Starting Block WiPT - Déglingos(759052199)#0' 6-max (real money) Seat #1 is the button
Seat 1: P1xel7 (1495)
Seat 3: Diouf93130 (1505)
*** ANTE/BLINDS ***
P1xel7 posts small blind 30
Diouf93130 posts big blind 60
Dealt to P1xel7 [Jh 4h]
*** PRE-FLOP *** 
P1xel7 folds
Diouf93130 collected 90 from pot
*** SUMMARY ***
Total pot 90 | No rake
Seat 3: Diouf93130 (big blind) won 90


Winamax Poker - Tournament "Starting Block WiPT - Déglingos" buyIn: 0€ + 0€ level: 4 - HandId: #3260104370661883905-15-1708629141 - Holdem no limit (30/60) - 2024/02/22 19:12:21 UTC
Table: 'Starting Block WiPT - Déglingos(759052199)#0' 6-max (real money) Seat #3 is the button
Seat 1: P1xel7 (1465)
Seat 3: Diouf93130 (1535)
*** ANTE/BLINDS ***
Diouf93130 posts small blind 30
P1xel7 posts big blind 60
Dealt to P1xel7 [4d 2c]
*** PRE-FLOP *** 
Diouf93130 calls 30
P1xel7 checks
*** FLOP *** [4c 7h Ah]
P1xel7 bets 60
Diouf93130 calls 60
*** TURN *** [4c 7h Ah][Kd]
P1xel7 checks
Diouf93130 checks
*** RIVER *** [4c 7h Ah Kd][6d]
P1xel7 checks
Diouf93130 bets 156
P1xel7 folds
Diouf93130 collected 396 from pot
*** SUMMARY ***
Total pot 396 | No rake
Board: [4c 7h Ah Kd 6d]
Seat 3: Diouf93130 (small blind) (button) won 396


Winamax Poker - Tournament "Starting Block WiPT - Déglingos" buyIn: 0€ + 0€ level: 4 - HandId: #3260104370661883905-16-1708629194 - Holdem no limit (30/60) - 2024/02/22 19:13:14 UTC
Table: 'Starting Block WiPT - Déglingos(759052199)#0' 6-max (real money) Seat #1 is the button
Seat 1: P1xel7 (1345)
Seat 3: Diouf93130 (1655)
*** ANTE/BLINDS ***
P1xel7 posts small blind 30
Diouf93130 posts big blind 60
Dealt to P1xel7 [9d 8d]
*** PRE-FLOP *** 
P1xel7 raises 75 to 135
Diouf93130 calls 75
*** FLOP *** [4d 3c 4c]
Diouf93130 checks
P1xel7 checks
*** TURN *** [4d 3c 4c][Kh]
Diouf93130 checks
P1xel7 checks
*** RIVER *** [4d 3c 4c Kh][4s]
Diouf93130 checks
P1xel7 checks
*** SHOW DOWN ***
P1xel7 shows [9d 8d] (Trips of 4)
Diouf93130 shows [Jc 7s] (Trips of 4)
Diouf93130 collected 270 from pot
*** SUMMARY ***
Total pot 270 | No rake
Board: [4d 3c 4c Kh 4s]
Seat 1: P1xel7 (small blind) (button) showed [9d 8d] and lost with Trips of 4
Seat 3: Diouf93130 (big blind) showed [Jc 7s] and won 270 with Trips of 4


Winamax Poker - Tournament "Starting Block WiPT - Déglingos" buyIn: 0€ + 0€ level: 5 - HandId: #3260104370661883905-17-1708629228 - Holdem no limit (40/80) - 2024/02/22 19:13:48 UTC
Table: 'Starting Block WiPT - Déglingos(759052199)#0' 6-max (real money) Seat #3 is the button
Seat 1: P1xel7 (1210)
Seat 3: Diouf93130 (1790)
*** ANTE/BLINDS ***
Diouf93130 posts small blind 40
P1xel7 posts big blind 80
Dealt to P1xel7 [8d 8c]
*** PRE-FLOP *** 
Diouf93130 raises 160 to 240
P1xel7 calls 160
*** FLOP *** [2s As Ks]
P1xel7 checks
Diouf93130 bets 168
P1xel7 folds
Diouf93130 collected 648 from pot
*** SUMMARY ***
Total pot 648 | No rake
Board: [2s As Ks]
Seat 3: Diouf93130 (small blind) (button) won 648


Winamax Poker - Tournament "Starting Block WiPT - Déglingos" buyIn: 0€ + 0€ level: 5 - HandId: #3260104370661883905-18-1708629243 - Holdem no limit (40/80) - 2024/02/22 19:14:03 UTC
Table: 'Starting Block WiPT - Déglingos(759052199)#0' 6-max (real money) Seat #1 is the button
Seat 1: P1xel7 (970)
Seat 3: Diouf93130 (2030)
*** ANTE/BLINDS ***
P1xel7 posts small blind 40
Diouf93130 posts big blind 80
Dealt to P1xel7 [6c Ts]
*** PRE-FLOP *** 
P1xel7 folds
Diouf93130 collected 120 from pot
*** SUMMARY ***
Total pot 120 | No rake
Seat 3: Diouf93130 (big blind) won 120


Winamax Poker - Tournament "Starting Block WiPT - Déglingos" buyIn: 0€ + 0€ level: 5 - HandId: #3260104370661883905-19-1708629247 - Holdem no limit (40/80) - 2024/02/22 19:14:07 UTC
Table: 'Starting Block WiPT - Déglingos(759052199)#0' 6-max (real money) Seat #3 is the button
Seat 1: P1xel7 (930)
Seat 3: Diouf93130 (2070)
*** ANTE/BLINDS ***
Diouf93130 posts small blind 40
P1xel7 posts big blind 80
Dealt to P1xel7 [Jc 2h]
*** PRE-FLOP *** 
Diouf93130 calls 40
P1xel7 checks
*** FLOP *** [Kc Kd 2c]
P1xel7 checks
Diouf93130 checks
*** TURN *** [Kc Kd 2c][Td]
P1xel7 checks
Diouf93130 bets 80
P1xel7 calls 80
*** RIVER *** [Kc Kd 2c Td][2d]
P1xel7 bets 112
Diouf93130 raises 1798 to 1910 and is all-in
P1xel7 calls 658 and is all-in
*** SHOW DOWN ***
P1xel7 shows [Jc 2h] (Full of 2 and Kings)
Diouf93130 shows [Jd 8d] (Flush King high)
Diouf93130 collected 1140 from side pot 1
P1xel7 collected 1860 from main pot
*** SUMMARY ***
Total pot 3000 | No rake
Board: [Kc Kd 2c Td 2d]
Seat 1: P1xel7 (big blind) showed [Jc 2h] and won 1860 with Full of 2 and Kings
Seat 3: Diouf93130 (small blind) (button) showed [Jd 8d] and won 1140 with Flush King high


Winamax Poker - Tournament "Starting Block WiPT - Déglingos" buyIn: 0€ + 0€ level: 5 - HandId: #3260104370661883905-20-1708629273 - Holdem no limit (40/80) - 2024/02/22 19:14:33 UTC
Table: 'Starting Block WiPT - Déglingos(759052199)#0' 6-max (real money) Seat #1 is the button
Seat 1: P1xel7 (1860)
Seat 3: Diouf93130 (1140)
*** ANTE/BLINDS ***
P1xel7 posts small blind 40
Diouf93130 posts big blind 80
Dealt to P1xel7 [8s Ac]
*** PRE-FLOP *** 
P1xel7 raises 100 to 180
Diouf93130 raises 960 to 1140 and is all-in
P1xel7 calls 960
*** FLOP *** [As 5h 3h]
*** TURN *** [As 5h 3h][Ad]
*** RIVER *** [As 5h 3h Ad][6s]
*** SHOW DOWN ***
Diouf93130 shows [4d Tc] (One pair : Aces)
P1xel7 shows [8s Ac] (Trips of Aces)
P1xel7 collected 2280 from pot
*** SUMMARY ***
Total pot 2280 | No rake
Board: [As 5h 3h Ad 6s]
Seat 1: P1xel7 (small blind) (button) showed [8s Ac] and won 2280 with Trips of Aces
Seat 3: Diouf93130 (big blind) showed [4d Tc] and lost with One pair : Aces


