Winamax Poker - Tournament "Starting Block WiPT" buyIn: 0€ + 0€ level: 1 - HandId: #3013222619626340353-1-1695654191 - Holdem no limit (10/20) - 2023/09/25 15:03:11 UTC
Table: 'Starting Block WiPT(701570562)#0' 6-max (real money) Seat #1 is the button
Seat 1: le mugiwara (1500)
Seat 2: Bliccrew2 (1500)
Seat 3: D.T.C-72 (1500)
Seat 4: P1xel7 (1500)
Seat 5: delkiones (1500)
Seat 6: Gourou 9423 (1500)
*** ANTE/BLINDS ***
Bliccrew2 posts small blind 10
D.T.C-72 posts big blind 20
Dealt to P1xel7 [9s Kd]
*** PRE-FLOP *** 
P1xel7 folds
delkiones folds
Gourou 9423 calls 20
le mugiwara calls 20
Bliccrew2 calls 10
D.T.C-72 checks
*** FLOP *** [Jh Ks 3c]
Bliccrew2 checks
D.T.C-72 checks
Gourou 9423 checks
le mugiwara checks
*** TURN *** [Jh Ks 3c][8c]
Bliccrew2 checks
D.T.C-72 checks
Gourou 9423 checks
le mugiwara bets 80
Bliccrew2 folds
D.T.C-72 folds
Gourou 9423 calls 80
*** RIVER *** [Jh Ks 3c 8c][2c]
Gourou 9423 checks
le mugiwara checks
*** SHOW DOWN ***
Gourou 9423 shows [4c 4s] (One pair : 4)
le mugiwara shows [5s 8s] (One pair : 8)
le mugiwara collected 240 from pot
*** SUMMARY ***
Total pot 240 | No rake
Board: [Jh Ks 3c 8c 2c]
Seat 1: le mugiwara (button) showed [5s 8s] and won 240 with One pair : 8
Seat 6: Gourou 9423 showed [4c 4s] and lost with One pair : 4


Winamax Poker - Tournament "Starting Block WiPT" buyIn: 0€ + 0€ level: 1 - HandId: #3013222619626340353-2-1695654270 - Holdem no limit (10/20) - 2023/09/25 15:04:30 UTC
Table: 'Starting Block WiPT(701570562)#0' 6-max (real money) Seat #2 is the button
Seat 1: le mugiwara (1640)
Seat 2: Bliccrew2 (1480)
Seat 3: D.T.C-72 (1480)
Seat 4: P1xel7 (1500)
Seat 5: delkiones (1500)
Seat 6: Gourou 9423 (1400)
*** ANTE/BLINDS ***
D.T.C-72 posts small blind 10
P1xel7 posts big blind 20
Dealt to P1xel7 [Qh 6c]
*** PRE-FLOP *** 
delkiones folds
Gourou 9423 folds
le mugiwara raises 20 to 40
Bliccrew2 calls 40
D.T.C-72 calls 30
P1xel7 folds
*** FLOP *** [Jd Tc 3s]
D.T.C-72 checks
le mugiwara checks
Bliccrew2 bets 70
D.T.C-72 folds
le mugiwara calls 70
*** TURN *** [Jd Tc 3s][Kh]
le mugiwara checks
Bliccrew2 bets 98
le mugiwara calls 98
*** RIVER *** [Jd Tc 3s Kh][2h]
le mugiwara checks
Bliccrew2 bets 167
le mugiwara folds
Bliccrew2 collected 643 from pot
*** SUMMARY ***
Total pot 643 | No rake
Board: [Jd Tc 3s Kh 2h]
Seat 2: Bliccrew2 (button) won 643


Winamax Poker - Tournament "Starting Block WiPT" buyIn: 0€ + 0€ level: 2 - HandId: #3013222619626340353-3-1695654333 - Holdem no limit (15/30) - 2023/09/25 15:05:33 UTC
Table: 'Starting Block WiPT(701570562)#0' 6-max (real money) Seat #3 is the button
Seat 1: le mugiwara (1432)
Seat 2: Bliccrew2 (1748)
Seat 3: D.T.C-72 (1440)
Seat 4: P1xel7 (1480)
Seat 5: delkiones (1500)
Seat 6: Gourou 9423 (1400)
*** ANTE/BLINDS ***
P1xel7 posts small blind 15
delkiones posts big blind 30
Dealt to P1xel7 [Jd 3d]
*** PRE-FLOP *** 
Gourou 9423 calls 30
le mugiwara folds
Bliccrew2 folds
D.T.C-72 raises 60 to 90
P1xel7 folds
delkiones folds
Gourou 9423 calls 60
*** FLOP *** [6d 2d 3c]
Gourou 9423 checks
D.T.C-72 bets 146
Gourou 9423 calls 146
*** TURN *** [6d 2d 3c][Jc]
Gourou 9423 bets 1164 and is all-in
D.T.C-72 calls 1164
*** RIVER *** [6d 2d 3c Jc][Ah]
*** SHOW DOWN ***
D.T.C-72 shows [7c 6c] (One pair : 6)
Gourou 9423 shows [Ad 4h] (One pair : Aces)
Gourou 9423 collected 2845 from pot
*** SUMMARY ***
Total pot 2845 | No rake
Board: [6d 2d 3c Jc Ah]
Seat 3: D.T.C-72 (button) showed [7c 6c] and lost with One pair : 6
Seat 6: Gourou 9423 showed [Ad 4h] and won 2845 with One pair : Aces


Winamax Poker - Tournament "Starting Block WiPT" buyIn: 0€ + 0€ level: 3 - HandId: #3013222619626340353-4-1695654382 - Holdem no limit (20/40) - 2023/09/25 15:06:22 UTC
Table: 'Starting Block WiPT(701570562)#0' 6-max (real money) Seat #4 is the button
Seat 1: le mugiwara (1432)
Seat 2: Bliccrew2 (1748)
Seat 3: D.T.C-72 (40)
Seat 4: P1xel7 (1465)
Seat 5: delkiones (1470)
Seat 6: Gourou 9423 (2845)
*** ANTE/BLINDS ***
delkiones posts small blind 20
Gourou 9423 posts big blind 40
Dealt to P1xel7 [4s 7s]
*** PRE-FLOP *** 
le mugiwara folds
Bliccrew2 raises 60 to 100
D.T.C-72 calls 40 and is all-in
P1xel7 folds
delkiones raises 150 to 250
Gourou 9423 folds
Bliccrew2 raises 1498 to 1748 and is all-in
delkiones calls 1220 and is all-in
*** FLOP *** [8h Kh 9h]
*** TURN *** [8h Kh 9h][9c]
*** RIVER *** [8h Kh 9h 9c][9s]
*** SHOW DOWN ***
D.T.C-72 shows [6s 5h] (Trips of 9)
Bliccrew2 shows [7d 7c] (Full of 9 and 7)
delkiones shows [Jc Jh] (Full of 9 and Jacks)
delkiones collected 3020 from main pot
Bliccrew2 collected 278 from side pot 1
*** SUMMARY ***
Total pot 3298 | No rake
Board: [8h Kh 9h 9c 9s]
Seat 2: Bliccrew2 showed [7d 7c] and won 278 with Full of 9 and 7
Seat 3: D.T.C-72 showed [6s 5h] and lost with Trips of 9
Seat 5: delkiones (small blind) showed [Jc Jh] and won 3020 with Full of 9 and Jacks


Winamax Poker - Tournament "Starting Block WiPT" buyIn: 0€ + 0€ level: 3 - HandId: #3013222619626340353-5-1695654415 - Holdem no limit (20/40) - 2023/09/25 15:06:55 UTC
Table: 'Starting Block WiPT(701570562)#0' 6-max (real money) Seat #5 is the button
Seat 1: le mugiwara (1432)
Seat 2: Bliccrew2 (278)
Seat 4: P1xel7 (1465)
Seat 5: delkiones (3020)
Seat 6: Gourou 9423 (2805)
*** ANTE/BLINDS ***
Gourou 9423 posts small blind 20
le mugiwara posts big blind 40
Dealt to P1xel7 [Tc 5c]
*** PRE-FLOP *** 
Bliccrew2 raises 238 to 278 and is all-in
P1xel7 folds
delkiones folds
Gourou 9423 folds
le mugiwara folds
Bliccrew2 collected 338 from pot
*** SUMMARY ***
Total pot 338 | No rake
Seat 2: Bliccrew2 won 338


Winamax Poker - Tournament "Starting Block WiPT" buyIn: 0€ + 0€ level: 3 - HandId: #3013222619626340353-6-1695654446 - Holdem no limit (20/40) - 2023/09/25 15:07:26 UTC
Table: 'Starting Block WiPT(701570562)#0' 6-max (real money) Seat #6 is the button
Seat 1: le mugiwara (1392)
Seat 2: Bliccrew2 (338)
Seat 4: P1xel7 (1465)
Seat 5: delkiones (3020)
Seat 6: Gourou 9423 (2785)
*** ANTE/BLINDS ***
le mugiwara posts small blind 20
Bliccrew2 posts big blind 40
Dealt to P1xel7 [6s Td]
*** PRE-FLOP *** 
P1xel7 folds
delkiones folds
Gourou 9423 calls 40
le mugiwara calls 20
Bliccrew2 checks
*** FLOP *** [4c Qh 5h]
le mugiwara checks
Bliccrew2 checks
Gourou 9423 checks
*** TURN *** [4c Qh 5h][9c]
le mugiwara bets 78
Bliccrew2 folds
Gourou 9423 folds
le mugiwara collected 198 from pot
*** SUMMARY ***
Total pot 198 | No rake
Board: [4c Qh 5h 9c]
Seat 1: le mugiwara (small blind) won 198


Winamax Poker - Tournament "Starting Block WiPT" buyIn: 0€ + 0€ level: 4 - HandId: #3013222619626340353-7-1695654511 - Holdem no limit (30/60) - 2023/09/25 15:08:31 UTC
Table: 'Starting Block WiPT(701570562)#0' 6-max (real money) Seat #1 is the button
Seat 1: le mugiwara (1472)
Seat 2: Bliccrew2 (298)
Seat 4: P1xel7 (1465)
Seat 5: delkiones (3020)
Seat 6: Gourou 9423 (2745)
*** ANTE/BLINDS ***
Bliccrew2 posts small blind 30
P1xel7 posts big blind 60
Dealt to P1xel7 [Jh As]
*** PRE-FLOP *** 
delkiones folds
Gourou 9423 calls 60
le mugiwara calls 60
Bliccrew2 calls 30
P1xel7 raises 300 to 360
Gourou 9423 folds
le mugiwara calls 300
Bliccrew2 folds
*** FLOP *** [7h Qc 2s]
P1xel7 bets 420
le mugiwara folds
P1xel7 collected 1260 from pot
*** SUMMARY ***
Total pot 1260 | No rake
Board: [7h Qc 2s]
Seat 4: P1xel7 (big blind) won 1260


Winamax Poker - Tournament "Starting Block WiPT" buyIn: 0€ + 0€ level: 5 - HandId: #3013222619626340353-8-1695654589 - Holdem no limit (40/80) - 2023/09/25 15:09:49 UTC
Table: 'Starting Block WiPT(701570562)#0' 6-max (real money) Seat #2 is the button
Seat 1: le mugiwara (1112)
Seat 2: Bliccrew2 (238)
Seat 4: P1xel7 (1945)
Seat 5: delkiones (3020)
Seat 6: Gourou 9423 (2685)
*** ANTE/BLINDS ***
P1xel7 posts small blind 40
delkiones posts big blind 80
Dealt to P1xel7 [5h 8h]
*** PRE-FLOP *** 
Gourou 9423 calls 80
le mugiwara raises 160 to 240
Bliccrew2 folds
P1xel7 folds
delkiones folds
Gourou 9423 calls 160
*** FLOP *** [8d 9h 7c]
Gourou 9423 checks
le mugiwara checks
*** TURN *** [8d 9h 7c][4d]
Gourou 9423 checks
le mugiwara bets 390
Gourou 9423 folds
le mugiwara collected 990 from pot
*** SUMMARY ***
Total pot 990 | No rake
Board: [8d 9h 7c 4d]
Seat 1: le mugiwara won 990


Winamax Poker - Tournament "Starting Block WiPT" buyIn: 0€ + 0€ level: 5 - HandId: #3013222619626340353-9-1695654635 - Holdem no limit (40/80) - 2023/09/25 15:10:35 UTC
Table: 'Starting Block WiPT(701570562)#0' 6-max (real money) Seat #4 is the button
Seat 1: le mugiwara (1472)
Seat 2: Bliccrew2 (238)
Seat 4: P1xel7 (1905)
Seat 5: delkiones (2940)
Seat 6: Gourou 9423 (2445)
*** ANTE/BLINDS ***
delkiones posts small blind 40
Gourou 9423 posts big blind 80
Dealt to P1xel7 [7h Qd]
*** PRE-FLOP *** 
le mugiwara calls 80
Bliccrew2 folds
P1xel7 folds
delkiones folds
Gourou 9423 checks
*** FLOP *** [7s Td 2h]
Gourou 9423 checks
le mugiwara bets 130
Gourou 9423 calls 130
*** TURN *** [7s Td 2h][Ac]
Gourou 9423 bets 460
le mugiwara calls 460
*** RIVER *** [7s Td 2h Ac][9h]
Gourou 9423 checks
le mugiwara checks
*** SHOW DOWN ***
le mugiwara shows [Jd Tc] (One pair : Tens)
Gourou 9423 shows [Ah 5s] (One pair : Aces)
Gourou 9423 collected 1380 from pot
*** SUMMARY ***
Total pot 1380 | No rake
Board: [7s Td 2h Ac 9h]
Seat 1: le mugiwara showed [Jd Tc] and lost with One pair : Tens
Seat 6: Gourou 9423 (big blind) showed [Ah 5s] and won 1380 with One pair : Aces


Winamax Poker - Tournament "Starting Block WiPT" buyIn: 0€ + 0€ level: 6 - HandId: #3013222619626340353-10-1695654684 - Holdem no limit (60/120) - 2023/09/25 15:11:24 UTC
Table: 'Starting Block WiPT(701570562)#0' 6-max (real money) Seat #5 is the button
Seat 1: le mugiwara (802)
Seat 2: Bliccrew2 (238)
Seat 4: P1xel7 (1905)
Seat 5: delkiones (2900)
Seat 6: Gourou 9423 (3155)
*** ANTE/BLINDS ***
Gourou 9423 posts small blind 60
le mugiwara posts big blind 120
Dealt to P1xel7 [Ks 6s]
*** PRE-FLOP *** 
Bliccrew2 folds
P1xel7 raises 144 to 264
delkiones folds
Gourou 9423 folds
le mugiwara raises 538 to 802 and is all-in
P1xel7 calls 538
*** FLOP *** [6d 3c 8s]
*** TURN *** [6d 3c 8s][Qc]
*** RIVER *** [6d 3c 8s Qc][8h]
*** SHOW DOWN ***
P1xel7 shows [Ks 6s] (Two pairs : 8 and 6)
le mugiwara shows [Qd 7c] (Two pairs : Queens and 8)
le mugiwara collected 1664 from pot
*** SUMMARY ***
Total pot 1664 | No rake
Board: [6d 3c 8s Qc 8h]
Seat 1: le mugiwara (big blind) showed [Qd 7c] and won 1664 with Two pairs : Queens and 8
Seat 4: P1xel7 showed [Ks 6s] and lost with Two pairs : 8 and 6


Winamax Poker - Tournament "Starting Block WiPT" buyIn: 0€ + 0€ level: 6 - HandId: #3013222619626340353-11-1695654717 - Holdem no limit (60/120) - 2023/09/25 15:11:57 UTC
Table: 'Starting Block WiPT(701570562)#0' 6-max (real money) Seat #6 is the button
Seat 1: le mugiwara (1664)
Seat 2: Bliccrew2 (238)
Seat 4: P1xel7 (1103)
Seat 5: delkiones (2900)
Seat 6: Gourou 9423 (3095)
*** ANTE/BLINDS ***
le mugiwara posts small blind 60
Bliccrew2 posts big blind 120
Dealt to P1xel7 [Qh 9s]
*** PRE-FLOP *** 
P1xel7 folds
delkiones calls 120
Gourou 9423 calls 120
le mugiwara raises 240 to 360
Bliccrew2 folds
delkiones calls 240
Gourou 9423 calls 240
*** FLOP *** [Kh 6s 5s]
le mugiwara bets 1304 and is all-in
delkiones calls 1304
Gourou 9423 folds
*** TURN *** [Kh 6s 5s][6d]
*** RIVER *** [Kh 6s 5s 6d][Qs]
*** SHOW DOWN ***
le mugiwara shows [8d 8c] (Two pairs : 8 and 6)
delkiones shows [8s Ts] (Flush Queen high)
delkiones collected 3808 from pot
*** SUMMARY ***
Total pot 3808 | No rake
Board: [Kh 6s 5s 6d Qs]
Seat 1: le mugiwara (small blind) showed [8d 8c] and lost with Two pairs : 8 and 6
Seat 5: delkiones showed [8s Ts] and won 3808 with Flush Queen high


Winamax Poker - Tournament "Starting Block WiPT" buyIn: 0€ + 0€ level: 7 - HandId: #3013222619626340353-12-1695654754 - Holdem no limit (10/60/120) - 2023/09/25 15:12:34 UTC
Table: 'Starting Block WiPT(701570562)#0' 6-max (real money) Seat #1 is the button
Seat 2: Bliccrew2 (118)
Seat 4: P1xel7 (1103)
Seat 5: delkiones (5044)
Seat 6: Gourou 9423 (2735)
*** ANTE/BLINDS ***
Bliccrew2 posts ante 10
P1xel7 posts ante 10
delkiones posts ante 10
Gourou 9423 posts ante 10
Bliccrew2 posts small blind 60
P1xel7 posts big blind 120
Dealt to P1xel7 [2c 3c]
*** PRE-FLOP *** 
delkiones folds
Gourou 9423 calls 120
Bliccrew2 folds
P1xel7 checks
*** FLOP *** [Tc 4c 7c]
P1xel7 checks
Gourou 9423 bets 221
P1xel7 raises 281 to 502
Gourou 9423 raises 281 to 783
P1xel7 raises 190 to 973 and is all-in
Gourou 9423 calls 190
*** TURN *** [Tc 4c 7c][Qc]
*** RIVER *** [Tc 4c 7c Qc][Kh]
*** SHOW DOWN ***
P1xel7 shows [2c 3c] (Flush Queen high)
Gourou 9423 shows [9c 9h] (Flush Queen high)
Gourou 9423 collected 2286 from pot
*** SUMMARY ***
Total pot 2286 | No rake
Board: [Tc 4c 7c Qc Kh]
Seat 4: P1xel7 (big blind) showed [2c 3c] and lost with Flush Queen high
Seat 6: Gourou 9423 showed [9c 9h] and won 2286 with Flush Queen high


