Winamax Poker - Tournament "Starting Block WiPT" buyIn: 0€ + 0€ level: 1 - HandId: #3013238420811022337-1-1695655008 - Holdem no limit (10/20) - 2023/09/25 15:16:48 UTC
Table: 'Starting Block WiPT(701574241)#0' 6-max (real money) Seat #3 is the button
Seat 1: P1xel7 (1500)
Seat 2: SuperSpewMan (1500)
Seat 3: Lepy25 (1500)
Seat 4: hugoGOAT328 (1500)
Seat 5: Riche_Dingo7 (1500)
Seat 6: Alexisss09 (1500)
*** ANTE/BLINDS ***
hugoGOAT328 posts small blind 10
Riche_Dingo7 posts big blind 20
Dealt to P1xel7 [Jc 6s]
*** PRE-FLOP *** 
Alexisss09 calls 20
P1xel7 folds
SuperSpewMan folds
Lepy25 folds
hugoGOAT328 calls 10
Riche_Dingo7 checks
*** FLOP *** [3s 3h Js]
hugoGOAT328 checks
Riche_Dingo7 bets 20
Alexisss09 calls 20
hugoGOAT328 raises 20 to 40
Riche_Dingo7 calls 20
Alexisss09 calls 20
*** TURN *** [3s 3h Js][8s]
hugoGOAT328 bets 117
Riche_Dingo7 raises 117 to 234
Alexisss09 calls 234
hugoGOAT328 calls 117
*** RIVER *** [3s 3h Js 8s][Kc]
hugoGOAT328 bets 20
Riche_Dingo7 raises 922 to 942
Alexisss09 calls 942
hugoGOAT328 calls 922
*** SHOW DOWN ***
hugoGOAT328 shows [6d 3d] (Trips of 3)
Alexisss09 shows [Qc 4d] (One pair : 3)
Riche_Dingo7 shows [As 2s] (Flush Ace high)
Riche_Dingo7 collected 3708 from pot
*** SUMMARY ***
Total pot 3708 | No rake
Board: [3s 3h Js 8s Kc]
Seat 4: hugoGOAT328 (small blind) showed [6d 3d] and lost with Trips of 3
Seat 5: Riche_Dingo7 (big blind) showed [As 2s] and won 3708 with Flush Ace high
Seat 6: Alexisss09 showed [Qc 4d] and lost with One pair : 3


Winamax Poker - Tournament "Starting Block WiPT" buyIn: 0€ + 0€ level: 2 - HandId: #3013238420811022337-2-1695655119 - Holdem no limit (15/30) - 2023/09/25 15:18:39 UTC
Table: 'Starting Block WiPT(701574241)#0' 6-max (real money) Seat #4 is the button
Seat 1: P1xel7 (1500)
Seat 2: SuperSpewMan (1500)
Seat 3: Lepy25 (1500)
Seat 4: hugoGOAT328 (264)
Seat 5: Riche_Dingo7 (3972)
Seat 6: Alexisss09 (264)
*** ANTE/BLINDS ***
Riche_Dingo7 posts small blind 15
Alexisss09 posts big blind 30
Dealt to P1xel7 [8h 5c]
*** PRE-FLOP *** 
P1xel7 folds
SuperSpewMan folds
Lepy25 folds
hugoGOAT328 folds
Riche_Dingo7 calls 15
Alexisss09 checks
*** FLOP *** [Qd Kd As]
Riche_Dingo7 checks
Alexisss09 checks
*** TURN *** [Qd Kd As][5s]
Riche_Dingo7 checks
Alexisss09 bets 234 and is all-in
Riche_Dingo7 folds
Alexisss09 collected 294 from pot
*** SUMMARY ***
Total pot 294 | No rake
Board: [Qd Kd As 5s]
Seat 6: Alexisss09 (big blind) won 294


Winamax Poker - Tournament "Starting Block WiPT" buyIn: 0€ + 0€ level: 2 - HandId: #3013238420811022337-3-1695655141 - Holdem no limit (15/30) - 2023/09/25 15:19:01 UTC
Table: 'Starting Block WiPT(701574241)#0' 6-max (real money) Seat #5 is the button
Seat 1: P1xel7 (1500)
Seat 2: SuperSpewMan (1500)
Seat 3: Lepy25 (1500)
Seat 4: hugoGOAT328 (264)
Seat 5: Riche_Dingo7 (3942)
Seat 6: Alexisss09 (294)
*** ANTE/BLINDS ***
Alexisss09 posts small blind 15
P1xel7 posts big blind 30
Dealt to P1xel7 [4s 4d]
*** PRE-FLOP *** 
SuperSpewMan folds
Lepy25 folds
hugoGOAT328 raises 234 to 264 and is all-in
Riche_Dingo7 folds
Alexisss09 calls 249
P1xel7 raises 234 to 498
Alexisss09 calls 30 and is all-in
*** FLOP *** [Jh 7h 2d]
*** TURN *** [Jh 7h 2d][Tc]
*** RIVER *** [Jh 7h 2d Tc][Ad]
*** SHOW DOWN ***
P1xel7 shows [4s 4d] (One pair : 4)
hugoGOAT328 shows [Ac Jc] (Two pairs : Aces and Jacks)
Alexisss09 shows [2h Th] (Two pairs : Tens and 2)
Alexisss09 collected 60 from side pot 1
hugoGOAT328 collected 792 from main pot
P1xel7 collected 204 from side pot 2
*** SUMMARY ***
Total pot 1056 | No rake
Board: [Jh 7h 2d Tc Ad]
Seat 1: P1xel7 (big blind) showed [4s 4d] and won 204 with One pair : 4
Seat 4: hugoGOAT328 showed [Ac Jc] and won 792 with Two pairs : Aces and Jacks
Seat 6: Alexisss09 (small blind) showed [2h Th] and won 60 with Two pairs : Tens and 2


Winamax Poker - Tournament "Starting Block WiPT" buyIn: 0€ + 0€ level: 2 - HandId: #3013238420811022337-4-1695655176 - Holdem no limit (15/30) - 2023/09/25 15:19:36 UTC
Table: 'Starting Block WiPT(701574241)#0' 6-max (real money) Seat #6 is the button
Seat 1: P1xel7 (1206)
Seat 2: SuperSpewMan (1500)
Seat 3: Lepy25 (1500)
Seat 4: hugoGOAT328 (792)
Seat 5: Riche_Dingo7 (3942)
Seat 6: Alexisss09 (60)
*** ANTE/BLINDS ***
P1xel7 posts small blind 15
SuperSpewMan posts big blind 30
Dealt to P1xel7 [Kc 5s]
*** PRE-FLOP *** 
Lepy25 folds
hugoGOAT328 raises 762 to 792 and is all-in
Riche_Dingo7 calls 792
Alexisss09 calls 60 and is all-in
P1xel7 folds
SuperSpewMan folds
*** FLOP *** [5d 8c 6s]
*** TURN *** [5d 8c 6s][Qh]
*** RIVER *** [5d 8c 6s Qh][4c]
*** SHOW DOWN ***
hugoGOAT328 shows [Kd Th] (High card : King)
Alexisss09 shows [6c Kh] (One pair : 6)
Riche_Dingo7 shows [Qc Ad] (One pair : Queens)
Riche_Dingo7 collected 1689 from pot
*** SUMMARY ***
Total pot 1689 | No rake
Board: [5d 8c 6s Qh 4c]
Seat 4: hugoGOAT328 showed [Kd Th] and lost with High card : King
Seat 5: Riche_Dingo7 showed [Qc Ad] and won 1689 with One pair : Queens
Seat 6: Alexisss09 (button) showed [6c Kh] and lost with One pair : 6


Winamax Poker - Tournament "Starting Block WiPT" buyIn: 0€ + 0€ level: 3 - HandId: #3013238420811022337-5-1695655199 - Holdem no limit (20/40) - 2023/09/25 15:19:59 UTC
Table: 'Starting Block WiPT(701574241)#0' 6-max (real money) Seat #1 is the button
Seat 1: P1xel7 (1191)
Seat 2: SuperSpewMan (1470)
Seat 3: Lepy25 (1500)
Seat 5: Riche_Dingo7 (4839)
*** ANTE/BLINDS ***
SuperSpewMan posts small blind 20
Lepy25 posts big blind 40
Dealt to P1xel7 [9h 2s]
*** PRE-FLOP *** 
Riche_Dingo7 calls 40
P1xel7 folds
SuperSpewMan calls 20
Lepy25 checks
*** FLOP *** [Ac Jd 3d]
SuperSpewMan checks
Lepy25 bets 120
Riche_Dingo7 raises 120 to 240
SuperSpewMan folds
Lepy25 calls 120
*** TURN *** [Ac Jd 3d][8h]
Lepy25 checks
Riche_Dingo7 bets 40
Lepy25 calls 40
*** RIVER *** [Ac Jd 3d 8h][4s]
Lepy25 checks
Riche_Dingo7 bets 680
Lepy25 calls 680
*** SHOW DOWN ***
Lepy25 shows [Ad 5h] (One pair : Aces)
Riche_Dingo7 shows [Ah 7h] (One pair : Aces)
Riche_Dingo7 collected 2040 from pot
*** SUMMARY ***
Total pot 2040 | No rake
Board: [Ac Jd 3d 8h 4s]
Seat 3: Lepy25 (big blind) showed [Ad 5h] and lost with One pair : Aces
Seat 5: Riche_Dingo7 showed [Ah 7h] and won 2040 with One pair : Aces


Winamax Poker - Tournament "Starting Block WiPT" buyIn: 0€ + 0€ level: 3 - HandId: #3013238420811022337-6-1695655255 - Holdem no limit (20/40) - 2023/09/25 15:20:55 UTC
Table: 'Starting Block WiPT(701574241)#0' 6-max (real money) Seat #2 is the button
Seat 1: P1xel7 (1191)
Seat 2: SuperSpewMan (1430)
Seat 3: Lepy25 (500)
Seat 5: Riche_Dingo7 (5879)
*** ANTE/BLINDS ***
Lepy25 posts small blind 20
Riche_Dingo7 posts big blind 40
Dealt to P1xel7 [7h 2h]
*** PRE-FLOP *** 
P1xel7 folds
SuperSpewMan folds
Lepy25 raises 460 to 500 and is all-in
Riche_Dingo7 calls 460
*** FLOP *** [Td 3s Jh]
*** TURN *** [Td 3s Jh][As]
*** RIVER *** [Td 3s Jh As][3d]
*** SHOW DOWN ***
Lepy25 shows [9s 7s] (One pair : 3)
Riche_Dingo7 shows [Jc Qs] (Two pairs : Jacks and 3)
Riche_Dingo7 collected 1000 from pot
*** SUMMARY ***
Total pot 1000 | No rake
Board: [Td 3s Jh As 3d]
Seat 3: Lepy25 (small blind) showed [9s 7s] and lost with One pair : 3
Seat 5: Riche_Dingo7 (big blind) showed [Jc Qs] and won 1000 with Two pairs : Jacks and 3


Winamax Poker - Tournament "Starting Block WiPT" buyIn: 0€ + 0€ level: 4 - HandId: #3013238420811022337-7-1695655277 - Holdem no limit (30/60) - 2023/09/25 15:21:17 UTC
Table: 'Starting Block WiPT(701574241)#0' 6-max (real money) Seat #3 is the button
Seat 1: P1xel7 (1191)
Seat 2: SuperSpewMan (1430)
Seat 5: Riche_Dingo7 (6379)
*** ANTE/BLINDS ***
Riche_Dingo7 posts small blind 30
P1xel7 posts big blind 60
Dealt to P1xel7 [Js 6d]
*** PRE-FLOP *** 
SuperSpewMan folds
Riche_Dingo7 calls 30
P1xel7 checks
*** FLOP *** [9d Jd 5h]
Riche_Dingo7 bets 60
P1xel7 calls 60
*** TURN *** [9d Jd 5h][Jc]
Riche_Dingo7 bets 60
P1xel7 calls 60
*** RIVER *** [9d Jd 5h Jc][2c]
Riche_Dingo7 bets 234
P1xel7 raises 297 to 531
Riche_Dingo7 calls 297
*** SHOW DOWN ***
Riche_Dingo7 shows [5d Ks] (Two pairs : Jacks and 5)
P1xel7 shows [Js 6d] (Trips of Jacks)
P1xel7 collected 1422 from pot
*** SUMMARY ***
Total pot 1422 | No rake
Board: [9d Jd 5h Jc 2c]
Seat 1: P1xel7 (big blind) showed [Js 6d] and won 1422 with Trips of Jacks
Seat 5: Riche_Dingo7 (small blind) showed [5d Ks] and lost with Two pairs : Jacks and 5


Winamax Poker - Tournament "Starting Block WiPT" buyIn: 0€ + 0€ level: 4 - HandId: #3013238420811022337-8-1695655311 - Holdem no limit (30/60) - 2023/09/25 15:21:51 UTC
Table: 'Starting Block WiPT(701574241)#0' 6-max (real money) Seat #5 is the button
Seat 1: P1xel7 (1902)
Seat 2: SuperSpewMan (1430)
Seat 5: Riche_Dingo7 (5668)
*** ANTE/BLINDS ***
P1xel7 posts small blind 30
SuperSpewMan posts big blind 60
Dealt to P1xel7 [Ts 5d]
*** PRE-FLOP *** 
Riche_Dingo7 calls 60
P1xel7 folds
SuperSpewMan checks
*** FLOP *** [8d 7d Qc]
SuperSpewMan checks
Riche_Dingo7 bets 60
SuperSpewMan folds
Riche_Dingo7 collected 210 from pot
*** SUMMARY ***
Total pot 210 | No rake
Board: [8d 7d Qc]
Seat 5: Riche_Dingo7 (button) won 210


Winamax Poker - Tournament "Starting Block WiPT" buyIn: 0€ + 0€ level: 4 - HandId: #3013238420811022337-9-1695655334 - Holdem no limit (30/60) - 2023/09/25 15:22:14 UTC
Table: 'Starting Block WiPT(701574241)#0' 6-max (real money) Seat #1 is the button
Seat 1: P1xel7 (1872)
Seat 2: SuperSpewMan (1370)
Seat 5: Riche_Dingo7 (5758)
*** ANTE/BLINDS ***
SuperSpewMan posts small blind 30
Riche_Dingo7 posts big blind 60
Dealt to P1xel7 [5d 6h]
*** PRE-FLOP *** 
P1xel7 folds
SuperSpewMan raises 120 to 180
Riche_Dingo7 calls 120
*** FLOP *** [4s 2s Js]
SuperSpewMan bets 288
Riche_Dingo7 folds
SuperSpewMan collected 648 from pot
*** SUMMARY ***
Total pot 648 | No rake
Board: [4s 2s Js]
Seat 2: SuperSpewMan (small blind) won 648


Winamax Poker - Tournament "Starting Block WiPT" buyIn: 0€ + 0€ level: 4 - HandId: #3013238420811022337-10-1695655354 - Holdem no limit (30/60) - 2023/09/25 15:22:34 UTC
Table: 'Starting Block WiPT(701574241)#0' 6-max (real money) Seat #2 is the button
Seat 1: P1xel7 (1872)
Seat 2: SuperSpewMan (1550)
Seat 5: Riche_Dingo7 (5578)
*** ANTE/BLINDS ***
Riche_Dingo7 posts small blind 30
P1xel7 posts big blind 60
Dealt to P1xel7 [6c 8d]
*** PRE-FLOP *** 
SuperSpewMan folds
Riche_Dingo7 raises 60 to 120
P1xel7 calls 60
*** FLOP *** [7h Qc 9d]
Riche_Dingo7 bets 240
P1xel7 folds
Riche_Dingo7 collected 480 from pot
*** SUMMARY ***
Total pot 480 | No rake
Board: [7h Qc 9d]
Seat 5: Riche_Dingo7 (small blind) won 480


Winamax Poker - Tournament "Starting Block WiPT" buyIn: 0€ + 0€ level: 5 - HandId: #3013238420811022337-11-1695655369 - Holdem no limit (40/80) - 2023/09/25 15:22:49 UTC
Table: 'Starting Block WiPT(701574241)#0' 6-max (real money) Seat #5 is the button
Seat 1: P1xel7 (1752)
Seat 2: SuperSpewMan (1550)
Seat 5: Riche_Dingo7 (5698)
*** ANTE/BLINDS ***
P1xel7 posts small blind 40
SuperSpewMan posts big blind 80
Dealt to P1xel7 [7s Th]
*** PRE-FLOP *** 
Riche_Dingo7 folds
P1xel7 folds
SuperSpewMan collected 120 from pot
*** SUMMARY ***
Total pot 120 | No rake
Seat 2: SuperSpewMan (big blind) won 120


Winamax Poker - Tournament "Starting Block WiPT" buyIn: 0€ + 0€ level: 5 - HandId: #3013238420811022337-12-1695655374 - Holdem no limit (40/80) - 2023/09/25 15:22:54 UTC
Table: 'Starting Block WiPT(701574241)#0' 6-max (real money) Seat #1 is the button
Seat 1: P1xel7 (1712)
Seat 2: SuperSpewMan (1590)
Seat 5: Riche_Dingo7 (5698)
*** ANTE/BLINDS ***
SuperSpewMan posts small blind 40
Riche_Dingo7 posts big blind 80
Dealt to P1xel7 [3d 4h]
*** PRE-FLOP *** 
P1xel7 folds
SuperSpewMan raises 160 to 240
Riche_Dingo7 calls 160
*** FLOP *** [5h Tc Jh]
SuperSpewMan bets 384
Riche_Dingo7 folds
SuperSpewMan collected 864 from pot
*** SUMMARY ***
Total pot 864 | No rake
Board: [5h Tc Jh]
Seat 2: SuperSpewMan (small blind) won 864


Winamax Poker - Tournament "Starting Block WiPT" buyIn: 0€ + 0€ level: 5 - HandId: #3013238420811022337-13-1695655393 - Holdem no limit (40/80) - 2023/09/25 15:23:13 UTC
Table: 'Starting Block WiPT(701574241)#0' 6-max (real money) Seat #2 is the button
Seat 1: P1xel7 (1712)
Seat 2: SuperSpewMan (1830)
Seat 5: Riche_Dingo7 (5458)
*** ANTE/BLINDS ***
Riche_Dingo7 posts small blind 40
P1xel7 posts big blind 80
Dealt to P1xel7 [7s Kh]
*** PRE-FLOP *** 
SuperSpewMan raises 200 to 280
Riche_Dingo7 calls 240
P1xel7 folds
*** FLOP *** [Jh 2d Qh]
Riche_Dingo7 checks
SuperSpewMan bets 512
Riche_Dingo7 raises 1664 to 2176
SuperSpewMan calls 1038 and is all-in
*** TURN *** [Jh 2d Qh][Tc]
*** RIVER *** [Jh 2d Qh Tc][2s]
*** SHOW DOWN ***
SuperSpewMan shows [Ah Qd] (Two pairs : Queens and 2)
Riche_Dingo7 shows [8c 3s] (One pair : 2)
Riche_Dingo7 collected 626 from side pot 1
SuperSpewMan collected 3740 from main pot
*** SUMMARY ***
Total pot 4366 | No rake
Board: [Jh 2d Qh Tc 2s]
Seat 2: SuperSpewMan (button) showed [Ah Qd] and won 3740 with Two pairs : Queens and 2
Seat 5: Riche_Dingo7 (small blind) showed [8c 3s] and won 626 with One pair : 2


Winamax Poker - Tournament "Starting Block WiPT" buyIn: 0€ + 0€ level: 5 - HandId: #3013238420811022337-14-1695655417 - Holdem no limit (40/80) - 2023/09/25 15:23:37 UTC
Table: 'Starting Block WiPT(701574241)#0' 6-max (real money) Seat #5 is the button
Seat 1: P1xel7 (1632)
Seat 2: SuperSpewMan (3740)
Seat 5: Riche_Dingo7 (3628)
*** ANTE/BLINDS ***
P1xel7 posts small blind 40
SuperSpewMan posts big blind 80
Dealt to P1xel7 [4c 5d]
*** PRE-FLOP *** 
Riche_Dingo7 folds
P1xel7 folds
SuperSpewMan collected 120 from pot
*** SUMMARY ***
Total pot 120 | No rake
Seat 2: SuperSpewMan (big blind) won 120


Winamax Poker - Tournament "Starting Block WiPT" buyIn: 0€ + 0€ level: 5 - HandId: #3013238420811022337-15-1695655424 - Holdem no limit (40/80) - 2023/09/25 15:23:44 UTC
Table: 'Starting Block WiPT(701574241)#0' 6-max (real money) Seat #1 is the button
Seat 1: P1xel7 (1592)
Seat 2: SuperSpewMan (3780)
Seat 5: Riche_Dingo7 (3628)
*** ANTE/BLINDS ***
SuperSpewMan posts small blind 40
Riche_Dingo7 posts big blind 80
Dealt to P1xel7 [Th 8d]
*** PRE-FLOP *** 
P1xel7 folds
SuperSpewMan raises 160 to 240
Riche_Dingo7 calls 160
*** FLOP *** [7d 5s 6c]
SuperSpewMan bets 120
Riche_Dingo7 raises 3268 to 3388 and is all-in
SuperSpewMan folds
Riche_Dingo7 collected 3988 from pot
*** SUMMARY ***
Total pot 3988 | No rake
Board: [7d 5s 6c]
Seat 5: Riche_Dingo7 (big blind) won 3988


Winamax Poker - Tournament "Starting Block WiPT" buyIn: 0€ + 0€ level: 5 - HandId: #3013238420811022337-16-1695655439 - Holdem no limit (40/80) - 2023/09/25 15:23:59 UTC
Table: 'Starting Block WiPT(701574241)#0' 6-max (real money) Seat #2 is the button
Seat 1: P1xel7 (1592)
Seat 2: SuperSpewMan (3420)
Seat 5: Riche_Dingo7 (3988)
*** ANTE/BLINDS ***
Riche_Dingo7 posts small blind 40
P1xel7 posts big blind 80
Dealt to P1xel7 [Qd 8d]
*** PRE-FLOP *** 
SuperSpewMan folds
Riche_Dingo7 raises 3908 to 3988 and is all-in
P1xel7 folds
Riche_Dingo7 collected 4068 from pot
*** SUMMARY ***
Total pot 4068 | No rake
Seat 5: Riche_Dingo7 (small blind) won 4068


Winamax Poker - Tournament "Starting Block WiPT" buyIn: 0€ + 0€ level: 5 - HandId: #3013238420811022337-17-1695655448 - Holdem no limit (40/80) - 2023/09/25 15:24:08 UTC
Table: 'Starting Block WiPT(701574241)#0' 6-max (real money) Seat #5 is the button
Seat 1: P1xel7 (1512)
Seat 2: SuperSpewMan (3420)
Seat 5: Riche_Dingo7 (4068)
*** ANTE/BLINDS ***
P1xel7 posts small blind 40
SuperSpewMan posts big blind 80
Dealt to P1xel7 [8s Kd]
*** PRE-FLOP *** 
Riche_Dingo7 folds
P1xel7 raises 100 to 180
SuperSpewMan calls 100
*** FLOP *** [2s 8h 6d]
P1xel7 bets 234
SuperSpewMan calls 234
*** TURN *** [2s 8h 6d][Th]
P1xel7 bets 538
SuperSpewMan calls 538
*** RIVER *** [2s 8h 6d Th][Jc]
P1xel7 bets 560 and is all-in
SuperSpewMan folds
P1xel7 collected 2464 from pot
*** SUMMARY ***
Total pot 2464 | No rake
Board: [2s 8h 6d Th Jc]
Seat 1: P1xel7 (small blind) won 2464


Winamax Poker - Tournament "Starting Block WiPT" buyIn: 0€ + 0€ level: 6 - HandId: #3013238420811022337-18-1695655474 - Holdem no limit (60/120) - 2023/09/25 15:24:34 UTC
Table: 'Starting Block WiPT(701574241)#0' 6-max (real money) Seat #1 is the button
Seat 1: P1xel7 (2464)
Seat 2: SuperSpewMan (2468)
Seat 5: Riche_Dingo7 (4068)
*** ANTE/BLINDS ***
SuperSpewMan posts small blind 60
Riche_Dingo7 posts big blind 120
Dealt to P1xel7 [Th Kd]
*** PRE-FLOP *** 
P1xel7 raises 150 to 270
SuperSpewMan folds
Riche_Dingo7 calls 150
*** FLOP *** [6d 8c 9d]
Riche_Dingo7 checks
P1xel7 checks
*** TURN *** [6d 8c 9d][4d]
Riche_Dingo7 bets 600
P1xel7 calls 600
*** RIVER *** [6d 8c 9d 4d][2s]
Riche_Dingo7 bets 1800
P1xel7 folds
Riche_Dingo7 collected 3600 from pot
*** SUMMARY ***
Total pot 3600 | No rake
Board: [6d 8c 9d 4d 2s]
Seat 5: Riche_Dingo7 (big blind) won 3600


Winamax Poker - Tournament "Starting Block WiPT" buyIn: 0€ + 0€ level: 6 - HandId: #3013238420811022337-19-1695655493 - Holdem no limit (60/120) - 2023/09/25 15:24:53 UTC
Table: 'Starting Block WiPT(701574241)#0' 6-max (real money) Seat #2 is the button
Seat 1: P1xel7 (1594)
Seat 2: SuperSpewMan (2408)
Seat 5: Riche_Dingo7 (4998)
*** ANTE/BLINDS ***
Riche_Dingo7 posts small blind 60
P1xel7 posts big blind 120
Dealt to P1xel7 [Tc 2d]
*** PRE-FLOP *** 
SuperSpewMan folds
Riche_Dingo7 raises 120 to 240
P1xel7 folds
Riche_Dingo7 collected 360 from pot
*** SUMMARY ***
Total pot 360 | No rake
Seat 5: Riche_Dingo7 (small blind) won 360


Winamax Poker - Tournament "Starting Block WiPT" buyIn: 0€ + 0€ level: 6 - HandId: #3013238420811022337-20-1695655499 - Holdem no limit (60/120) - 2023/09/25 15:24:59 UTC
Table: 'Starting Block WiPT(701574241)#0' 6-max (real money) Seat #5 is the button
Seat 1: P1xel7 (1474)
Seat 2: SuperSpewMan (2408)
Seat 5: Riche_Dingo7 (5118)
*** ANTE/BLINDS ***
P1xel7 posts small blind 60
SuperSpewMan posts big blind 120
Dealt to P1xel7 [Ah 3s]
*** PRE-FLOP *** 
Riche_Dingo7 folds
P1xel7 raises 1354 to 1474 and is all-in
SuperSpewMan folds
P1xel7 collected 1594 from pot
*** SUMMARY ***
Total pot 1594 | No rake
Seat 1: P1xel7 (small blind) won 1594


Winamax Poker - Tournament "Starting Block WiPT" buyIn: 0€ + 0€ level: 6 - HandId: #3013238420811022337-21-1695655507 - Holdem no limit (60/120) - 2023/09/25 15:25:07 UTC
Table: 'Starting Block WiPT(701574241)#0' 6-max (real money) Seat #1 is the button
Seat 1: P1xel7 (1594)
Seat 2: SuperSpewMan (2288)
Seat 5: Riche_Dingo7 (5118)
*** ANTE/BLINDS ***
SuperSpewMan posts small blind 60
Riche_Dingo7 posts big blind 120
Dealt to P1xel7 [Qd 2s]
*** PRE-FLOP *** 
P1xel7 folds
SuperSpewMan folds
Riche_Dingo7 collected 180 from pot
*** SUMMARY ***
Total pot 180 | No rake
Seat 5: Riche_Dingo7 (big blind) won 180


Winamax Poker - Tournament "Starting Block WiPT" buyIn: 0€ + 0€ level: 6 - HandId: #3013238420811022337-22-1695655513 - Holdem no limit (60/120) - 2023/09/25 15:25:13 UTC
Table: 'Starting Block WiPT(701574241)#0' 6-max (real money) Seat #2 is the button
Seat 1: P1xel7 (1594)
Seat 2: SuperSpewMan (2228)
Seat 5: Riche_Dingo7 (5178)
*** ANTE/BLINDS ***
Riche_Dingo7 posts small blind 60
P1xel7 posts big blind 120
Dealt to P1xel7 [8s 7h]
*** PRE-FLOP *** 
SuperSpewMan raises 2108 to 2228 and is all-in
Riche_Dingo7 folds
P1xel7 folds
SuperSpewMan collected 2408 from pot
*** SUMMARY ***
Total pot 2408 | No rake
Seat 2: SuperSpewMan (button) won 2408


Winamax Poker - Tournament "Starting Block WiPT" buyIn: 0€ + 0€ level: 6 - HandId: #3013238420811022337-23-1695655523 - Holdem no limit (60/120) - 2023/09/25 15:25:23 UTC
Table: 'Starting Block WiPT(701574241)#0' 6-max (real money) Seat #5 is the button
Seat 1: P1xel7 (1474)
Seat 2: SuperSpewMan (2408)
Seat 5: Riche_Dingo7 (5118)
*** ANTE/BLINDS ***
P1xel7 posts small blind 60
SuperSpewMan posts big blind 120
Dealt to P1xel7 [3h Js]
*** PRE-FLOP *** 
Riche_Dingo7 folds
P1xel7 folds
SuperSpewMan collected 180 from pot
*** SUMMARY ***
Total pot 180 | No rake
Seat 2: SuperSpewMan (big blind) won 180


Winamax Poker - Tournament "Starting Block WiPT" buyIn: 0€ + 0€ level: 6 - HandId: #3013238420811022337-24-1695655529 - Holdem no limit (60/120) - 2023/09/25 15:25:29 UTC
Table: 'Starting Block WiPT(701574241)#0' 6-max (real money) Seat #1 is the button
Seat 1: P1xel7 (1414)
Seat 2: SuperSpewMan (2468)
Seat 5: Riche_Dingo7 (5118)
*** ANTE/BLINDS ***
SuperSpewMan posts small blind 60
Riche_Dingo7 posts big blind 120
Dealt to P1xel7 [Qs 9c]
*** PRE-FLOP *** 
P1xel7 raises 144 to 264
SuperSpewMan folds
Riche_Dingo7 folds
P1xel7 collected 444 from pot
*** SUMMARY ***
Total pot 444 | No rake
Seat 1: P1xel7 (button) won 444


Winamax Poker - Tournament "Starting Block WiPT" buyIn: 0€ + 0€ level: 6 - HandId: #3013238420811022337-25-1695655539 - Holdem no limit (60/120) - 2023/09/25 15:25:39 UTC
Table: 'Starting Block WiPT(701574241)#0' 6-max (real money) Seat #2 is the button
Seat 1: P1xel7 (1594)
Seat 2: SuperSpewMan (2408)
Seat 5: Riche_Dingo7 (4998)
*** ANTE/BLINDS ***
Riche_Dingo7 posts small blind 60
P1xel7 posts big blind 120
Dealt to P1xel7 [3s 5d]
*** PRE-FLOP *** 
SuperSpewMan folds
Riche_Dingo7 calls 60
P1xel7 checks
*** FLOP *** [9h Js Ac]
Riche_Dingo7 checks
P1xel7 checks
*** TURN *** [9h Js Ac][Ks]
Riche_Dingo7 checks
P1xel7 bets 120
Riche_Dingo7 folds
P1xel7 collected 360 from pot
*** SUMMARY ***
Total pot 360 | No rake
Board: [9h Js Ac Ks]
Seat 1: P1xel7 (big blind) won 360


Winamax Poker - Tournament "Starting Block WiPT" buyIn: 0€ + 0€ level: 7 - HandId: #3013238420811022337-26-1695655554 - Holdem no limit (10/60/120) - 2023/09/25 15:25:54 UTC
Table: 'Starting Block WiPT(701574241)#0' 6-max (real money) Seat #5 is the button
Seat 1: P1xel7 (1714)
Seat 2: SuperSpewMan (2408)
Seat 5: Riche_Dingo7 (4878)
*** ANTE/BLINDS ***
P1xel7 posts ante 10
SuperSpewMan posts ante 10
Riche_Dingo7 posts ante 10
P1xel7 posts small blind 60
SuperSpewMan posts big blind 120
Dealt to P1xel7 [7c Ks]
*** PRE-FLOP *** 
Riche_Dingo7 folds
P1xel7 raises 150 to 270
SuperSpewMan folds
P1xel7 collected 420 from pot
*** SUMMARY ***
Total pot 420 | No rake
Seat 1: P1xel7 (small blind) won 420


Winamax Poker - Tournament "Starting Block WiPT" buyIn: 0€ + 0€ level: 7 - HandId: #3013238420811022337-27-1695655564 - Holdem no limit (10/60/120) - 2023/09/25 15:26:04 UTC
Table: 'Starting Block WiPT(701574241)#0' 6-max (real money) Seat #1 is the button
Seat 1: P1xel7 (1854)
Seat 2: SuperSpewMan (2278)
Seat 5: Riche_Dingo7 (4868)
*** ANTE/BLINDS ***
SuperSpewMan posts ante 10
Riche_Dingo7 posts ante 10
P1xel7 posts ante 10
SuperSpewMan posts small blind 60
Riche_Dingo7 posts big blind 120
Dealt to P1xel7 [7s 2d]
*** PRE-FLOP *** 
P1xel7 folds
SuperSpewMan raises 270 to 390
Riche_Dingo7 calls 270
*** FLOP *** [8d Th Jh]
SuperSpewMan bets 1878 and is all-in
Riche_Dingo7 calls 1878
*** TURN *** [8d Th Jh][Ts]
*** RIVER *** [8d Th Jh Ts][Jd]
*** SHOW DOWN ***
Riche_Dingo7 shows [9c 6c] (Two pairs : Jacks and Tens)
SuperSpewMan shows [Td Ks] (Full of Tens and Jacks)
SuperSpewMan collected 4566 from pot
*** SUMMARY ***
Total pot 4566 | No rake
Board: [8d Th Jh Ts Jd]
Seat 2: SuperSpewMan (small blind) showed [Td Ks] and won 4566 with Full of Tens and Jacks
Seat 5: Riche_Dingo7 (big blind) showed [9c 6c] and lost with Two pairs : Jacks and Tens


Winamax Poker - Tournament "Starting Block WiPT" buyIn: 0€ + 0€ level: 7 - HandId: #3013238420811022337-28-1695655583 - Holdem no limit (10/60/120) - 2023/09/25 15:26:23 UTC
Table: 'Starting Block WiPT(701574241)#0' 6-max (real money) Seat #2 is the button
Seat 1: P1xel7 (1844)
Seat 2: SuperSpewMan (4566)
Seat 5: Riche_Dingo7 (2590)
*** ANTE/BLINDS ***
Riche_Dingo7 posts ante 10
P1xel7 posts ante 10
SuperSpewMan posts ante 10
Riche_Dingo7 posts small blind 60
P1xel7 posts big blind 120
Dealt to P1xel7 [Ad Qc]
*** PRE-FLOP *** 
SuperSpewMan raises 4436 to 4556 and is all-in
Riche_Dingo7 folds
P1xel7 calls 1714 and is all-in
*** FLOP *** [Qh As Qs]
*** TURN *** [Qh As Qs][Jc]
*** RIVER *** [Qh As Qs Jc][Kh]
*** SHOW DOWN ***
P1xel7 shows [Ad Qc] (Full of Queens and Aces)
SuperSpewMan shows [9s 9c] (Two pairs : Queens and 9)
SuperSpewMan collected 2722 from side pot 1
P1xel7 collected 3758 from main pot
*** SUMMARY ***
Total pot 6480 | No rake
Board: [Qh As Qs Jc Kh]
Seat 1: P1xel7 (big blind) showed [Ad Qc] and won 3758 with Full of Queens and Aces
Seat 2: SuperSpewMan (button) showed [9s 9c] and won 2722 with Two pairs : Queens and 9


Winamax Poker - Tournament "Starting Block WiPT" buyIn: 0€ + 0€ level: 7 - HandId: #3013238420811022337-29-1695655600 - Holdem no limit (10/60/120) - 2023/09/25 15:26:40 UTC
Table: 'Starting Block WiPT(701574241)#0' 6-max (real money) Seat #5 is the button
Seat 1: P1xel7 (3758)
Seat 2: SuperSpewMan (2722)
Seat 5: Riche_Dingo7 (2520)
*** ANTE/BLINDS ***
P1xel7 posts ante 10
SuperSpewMan posts ante 10
Riche_Dingo7 posts ante 10
P1xel7 posts small blind 60
SuperSpewMan posts big blind 120
Dealt to P1xel7 [Kc Js]
*** PRE-FLOP *** 
Riche_Dingo7 folds
P1xel7 raises 180 to 300
SuperSpewMan raises 2412 to 2712 and is all-in
P1xel7 calls 2412
*** FLOP *** [Qd 8h 9h]
*** TURN *** [Qd 8h 9h][4h]
*** RIVER *** [Qd 8h 9h 4h][Ks]
*** SHOW DOWN ***
SuperSpewMan shows [9c Jc] (One pair : 9)
P1xel7 shows [Kc Js] (One pair : Kings)
P1xel7 collected 5454 from pot
*** SUMMARY ***
Total pot 5454 | No rake
Board: [Qd 8h 9h 4h Ks]
Seat 1: P1xel7 (small blind) showed [Kc Js] and won 5454 with One pair : Kings
Seat 2: SuperSpewMan (big blind) showed [9c Jc] and lost with One pair : 9


Winamax Poker - Tournament "Starting Block WiPT" buyIn: 0€ + 0€ level: 7 - HandId: #3013238420811022337-30-1695655619 - Holdem no limit (10/60/120) - 2023/09/25 15:26:59 UTC
Table: 'Starting Block WiPT(701574241)#0' 6-max (real money) Seat #5 is the button
Seat 1: P1xel7 (6490)
Seat 5: Riche_Dingo7 (2510)
*** ANTE/BLINDS ***
Riche_Dingo7 posts ante 10
P1xel7 posts ante 10
Riche_Dingo7 posts small blind 60
P1xel7 posts big blind 120
Dealt to P1xel7 [5h Td]
*** PRE-FLOP *** 
Riche_Dingo7 raises 2380 to 2500 and is all-in
P1xel7 folds
Riche_Dingo7 collected 2640 from pot
*** SUMMARY ***
Total pot 2640 | No rake
Seat 5: Riche_Dingo7 (small blind) (button) won 2640


Winamax Poker - Tournament "Starting Block WiPT" buyIn: 0€ + 0€ level: 7 - HandId: #3013238420811022337-31-1695655632 - Holdem no limit (10/60/120) - 2023/09/25 15:27:12 UTC
Table: 'Starting Block WiPT(701574241)#0' 6-max (real money) Seat #1 is the button
Seat 1: P1xel7 (6360)
Seat 5: Riche_Dingo7 (2640)
*** ANTE/BLINDS ***
P1xel7 posts ante 10
Riche_Dingo7 posts ante 10
P1xel7 posts small blind 60
Riche_Dingo7 posts big blind 120
Dealt to P1xel7 [2s 9h]
*** PRE-FLOP *** 
P1xel7 folds
Riche_Dingo7 collected 200 from pot
*** SUMMARY ***
Total pot 200 | No rake
Seat 5: Riche_Dingo7 (big blind) won 200


Winamax Poker - Tournament "Starting Block WiPT" buyIn: 0€ + 0€ level: 8 - HandId: #3013238420811022337-32-1695655637 - Holdem no limit (16/80/160) - 2023/09/25 15:27:17 UTC
Table: 'Starting Block WiPT(701574241)#0' 6-max (real money) Seat #5 is the button
Seat 1: P1xel7 (6290)
Seat 5: Riche_Dingo7 (2710)
*** ANTE/BLINDS ***
Riche_Dingo7 posts ante 16
P1xel7 posts ante 16
Riche_Dingo7 posts small blind 80
P1xel7 posts big blind 160
Dealt to P1xel7 [8c 3c]
*** PRE-FLOP *** 
Riche_Dingo7 folds
P1xel7 collected 272 from pot
*** SUMMARY ***
Total pot 272 | No rake
Seat 1: P1xel7 (big blind) won 272


Winamax Poker - Tournament "Starting Block WiPT" buyIn: 0€ + 0€ level: 8 - HandId: #3013238420811022337-33-1695655641 - Holdem no limit (16/80/160) - 2023/09/25 15:27:21 UTC
Table: 'Starting Block WiPT(701574241)#0' 6-max (real money) Seat #1 is the button
Seat 1: P1xel7 (6386)
Seat 5: Riche_Dingo7 (2614)
*** ANTE/BLINDS ***
P1xel7 posts ante 16
Riche_Dingo7 posts ante 16
P1xel7 posts small blind 80
Riche_Dingo7 posts big blind 160
Dealt to P1xel7 [6d Qh]
*** PRE-FLOP *** 
P1xel7 folds
Riche_Dingo7 collected 272 from pot
*** SUMMARY ***
Total pot 272 | No rake
Seat 5: Riche_Dingo7 (big blind) won 272


Winamax Poker - Tournament "Starting Block WiPT" buyIn: 0€ + 0€ level: 8 - HandId: #3013238420811022337-34-1695655645 - Holdem no limit (16/80/160) - 2023/09/25 15:27:25 UTC
Table: 'Starting Block WiPT(701574241)#0' 6-max (real money) Seat #5 is the button
Seat 1: P1xel7 (6290)
Seat 5: Riche_Dingo7 (2710)
*** ANTE/BLINDS ***
Riche_Dingo7 posts ante 16
P1xel7 posts ante 16
Riche_Dingo7 posts small blind 80
P1xel7 posts big blind 160
Dealt to P1xel7 [6c 3d]
*** PRE-FLOP *** 
Riche_Dingo7 folds
P1xel7 collected 272 from pot
*** SUMMARY ***
Total pot 272 | No rake
Seat 1: P1xel7 (big blind) won 272


Winamax Poker - Tournament "Starting Block WiPT" buyIn: 0€ + 0€ level: 8 - HandId: #3013238420811022337-35-1695655650 - Holdem no limit (16/80/160) - 2023/09/25 15:27:30 UTC
Table: 'Starting Block WiPT(701574241)#0' 6-max (real money) Seat #1 is the button
Seat 1: P1xel7 (6386)
Seat 5: Riche_Dingo7 (2614)
*** ANTE/BLINDS ***
P1xel7 posts ante 16
Riche_Dingo7 posts ante 16
P1xel7 posts small blind 80
Riche_Dingo7 posts big blind 160
Dealt to P1xel7 [Ks 3c]
*** PRE-FLOP *** 
P1xel7 raises 160 to 320
Riche_Dingo7 calls 160
*** FLOP *** [Ts 5d Js]
Riche_Dingo7 checks
P1xel7 bets 235
Riche_Dingo7 folds
P1xel7 collected 907 from pot
*** SUMMARY ***
Total pot 907 | No rake
Board: [Ts 5d Js]
Seat 1: P1xel7 (small blind) (button) won 907


Winamax Poker - Tournament "Starting Block WiPT" buyIn: 0€ + 0€ level: 8 - HandId: #3013238420811022337-36-1695655661 - Holdem no limit (16/80/160) - 2023/09/25 15:27:41 UTC
Table: 'Starting Block WiPT(701574241)#0' 6-max (real money) Seat #5 is the button
Seat 1: P1xel7 (6722)
Seat 5: Riche_Dingo7 (2278)
*** ANTE/BLINDS ***
Riche_Dingo7 posts ante 16
P1xel7 posts ante 16
Riche_Dingo7 posts small blind 80
P1xel7 posts big blind 160
Dealt to P1xel7 [Qc Kd]
*** PRE-FLOP *** 
Riche_Dingo7 raises 2102 to 2262 and is all-in
P1xel7 calls 2102
*** FLOP *** [Ac 2s 3c]
*** TURN *** [Ac 2s 3c][Jd]
*** RIVER *** [Ac 2s 3c Jd][4s]
*** SHOW DOWN ***
P1xel7 shows [Qc Kd] (High card : Ace)
Riche_Dingo7 shows [2c 7h] (One pair : 2)
Riche_Dingo7 collected 4556 from pot
*** SUMMARY ***
Total pot 4556 | No rake
Board: [Ac 2s 3c Jd 4s]
Seat 1: P1xel7 (big blind) showed [Qc Kd] and lost with High card : Ace
Seat 5: Riche_Dingo7 (small blind) (button) showed [2c 7h] and won 4556 with One pair : 2


Winamax Poker - Tournament "Starting Block WiPT" buyIn: 0€ + 0€ level: 8 - HandId: #3013238420811022337-37-1695655673 - Holdem no limit (16/80/160) - 2023/09/25 15:27:53 UTC
Table: 'Starting Block WiPT(701574241)#0' 6-max (real money) Seat #1 is the button
Seat 1: P1xel7 (4444)
Seat 5: Riche_Dingo7 (4556)
*** ANTE/BLINDS ***
P1xel7 posts ante 16
Riche_Dingo7 posts ante 16
P1xel7 posts small blind 80
Riche_Dingo7 posts big blind 160
Dealt to P1xel7 [8d As]
*** PRE-FLOP *** 
P1xel7 raises 240 to 400
Riche_Dingo7 calls 240
*** FLOP *** [Jd 4s 9s]
Riche_Dingo7 bets 832
P1xel7 raises 1331 to 2163
Riche_Dingo7 calls 1331
*** TURN *** [Jd 4s 9s][Ad]
Riche_Dingo7 bets 1977 and is all-in
P1xel7 calls 1865 and is all-in
*** RIVER *** [Jd 4s 9s Ad][3s]
*** SHOW DOWN ***
P1xel7 shows [8d As] (One pair : Aces)
Riche_Dingo7 shows [Ts 8c] (High card : Ace)
Riche_Dingo7 collected 112 from side pot 1
P1xel7 collected 8888 from main pot
*** SUMMARY ***
Total pot 9000 | No rake
Board: [Jd 4s 9s Ad 3s]
Seat 1: P1xel7 (small blind) (button) showed [8d As] and won 8888 with One pair : Aces
Seat 5: Riche_Dingo7 (big blind) showed [Ts 8c] and won 112 with High card : Ace


Winamax Poker - Tournament "Starting Block WiPT" buyIn: 0€ + 0€ level: 8 - HandId: #3013238420811022337-38-1695655694 - Holdem no limit (16/80/160) - 2023/09/25 15:28:14 UTC
Table: 'Starting Block WiPT(701574241)#0' 6-max (real money) Seat #5 is the button
Seat 1: P1xel7 (8888)
Seat 5: Riche_Dingo7 (112)
*** ANTE/BLINDS ***
Riche_Dingo7 posts ante 16
P1xel7 posts ante 16
Riche_Dingo7 posts small blind 80
P1xel7 posts big blind 160
Dealt to P1xel7 [4s Ac]
*** PRE-FLOP *** 
Riche_Dingo7 calls 16 and is all-in
*** FLOP *** [4h 6d 3c]
*** TURN *** [4h 6d 3c][8c]
*** RIVER *** [4h 6d 3c 8c][3h]
*** SHOW DOWN ***
Riche_Dingo7 shows [Td Qd] (One pair : 3)
P1xel7 shows [4s Ac] (Two pairs : 4 and 3)
P1xel7 collected 288 from pot
*** SUMMARY ***
Total pot 288 | No rake
Board: [4h 6d 3c 8c 3h]
Seat 1: P1xel7 (big blind) showed [4s Ac] and won 288 with Two pairs : 4 and 3
Seat 5: Riche_Dingo7 (small blind) (button) showed [Td Qd] and lost with One pair : 3


