Winamax Poker - Tournament "WESTERN" buyIn: 0.90€ + 0.10€ level: 2 - HandId: #3251765824800686130-1-1710791624 - Holdem no limit (25/100/200) - 2024/03/18 19:53:44 UTC
Table: 'WESTERN(757110730)#049' 6-max (real money) Seat #2 is the button
Seat 1: PrtctYurNuts (19125, 0.45€ bounty)
Seat 2: raling49 (20825, 0.45€ bounty)
Seat 3: Tetedepique (20000, 0.45€ bounty)
Seat 4: P1xel7 (20000, 0.45€ bounty)
Seat 5: livthe34 (20200, 0.45€ bounty)
Seat 6: SiLvA20 (22068, 0.45€ bounty)
*** ANTE/BLINDS ***
P1xel7 posts ante 25
PrtctYurNuts posts ante 25
raling49 posts ante 25
P1xel7 posts small blind 100
PrtctYurNuts posts big blind 200
Dealt to P1xel7 [3d 4d]
*** PRE-FLOP *** 
raling49 folds
P1xel7 raises 400 to 600
PrtctYurNuts folds
P1xel7 collected 875 from pot
*** SUMMARY ***
Total pot 875 | No rake
Seat 4: P1xel7 (small blind) won 875


Winamax Poker - Tournament "WESTERN" buyIn: 0.90€ + 0.10€ level: 2 - HandId: #3251765824800686130-2-1710791650 - Holdem no limit (25/100/200) - 2024/03/18 19:54:10 UTC
Table: 'WESTERN(757110730)#049' 6-max (real money) Seat #4 is the button
Seat 1: PrtctYurNuts (18900, 0.45€ bounty)
Seat 2: raling49 (20800, 0.45€ bounty)
Seat 3: Tetedepique (20000, 0.45€ bounty)
Seat 4: P1xel7 (20250, 0.45€ bounty)
Seat 5: livthe34 (20200, 0.45€ bounty)
Seat 6: SiLvA20 (22068, 0.45€ bounty)
*** ANTE/BLINDS ***
PrtctYurNuts posts ante 25
raling49 posts ante 25
Tetedepique posts ante 25
P1xel7 posts ante 25
PrtctYurNuts posts small blind 100
raling49 posts big blind 200
Dealt to P1xel7 [3h 9d]
*** PRE-FLOP *** 
Tetedepique calls 200
P1xel7 folds
PrtctYurNuts raises 500 to 700
raling49 folds
Tetedepique calls 500
*** FLOP *** [Kh Qc Ad]
PrtctYurNuts checks
Tetedepique checks
*** TURN *** [Kh Qc Ad][7h]
PrtctYurNuts bets 935
Tetedepique calls 935
*** RIVER *** [Kh Qc Ad 7h][5h]
PrtctYurNuts bets 2678
Tetedepique calls 2678
*** SHOW DOWN ***
Tetedepique shows [Qd 8h] (One pair : Queens)
PrtctYurNuts shows [Ah Jh] (Flush Ace high)
PrtctYurNuts collected 8926 from pot
*** SUMMARY ***
Total pot 8926 | No rake
Board: [Kh Qc Ad 7h 5h]
Seat 1: PrtctYurNuts (small blind) showed [Ah Jh] and won 8926 with Flush Ace high
Seat 3: Tetedepique showed [Qd 8h] and lost with One pair : Queens


Winamax Poker - Tournament "WESTERN" buyIn: 0.90€ + 0.10€ level: 1 - HandId: #3251765824800686130-3-1710792060 - Holdem no limit (25/100/200) - 2024/03/18 20:01:00 UTC
Table: 'WESTERN(757110730)#049' 6-max (real money) Seat #1 is the button
Seat 1: PrtctYurNuts (23488, 0.45€ bounty)
Seat 2: raling49 (20575, 0.45€ bounty)
Seat 3: Tetedepique (15662, 0.45€ bounty)
Seat 4: P1xel7 (20225, 0.45€ bounty)
Seat 5: livthe34 (20200, 0.45€ bounty)
Seat 6: SiLvA20 (22068, 0.45€ bounty)
*** ANTE/BLINDS ***
raling49 posts ante 25
Tetedepique posts ante 25
PrtctYurNuts posts ante 25
P1xel7 posts ante 25
livthe34 posts ante 25
SiLvA20 posts ante 25
raling49 posts small blind 100
Tetedepique posts big blind 200
Dealt to P1xel7 [Ac 4d]
*** PRE-FLOP *** 
P1xel7 folds
livthe34 folds
SiLvA20 folds
PrtctYurNuts folds
raling49 raises 500 to 700
Tetedepique calls 500
*** FLOP *** [2h 5h 6c]
raling49 checks
Tetedepique checks
*** TURN *** [2h 5h 6c][6h]
raling49 checks
Tetedepique checks
*** RIVER *** [2h 5h 6c 6h][5c]
raling49 bets 1008
Tetedepique folds
raling49 collected 2558 from pot
*** SUMMARY ***
Total pot 2558 | No rake
Board: [2h 5h 6c 6h 5c]
Seat 2: raling49 (small blind) won 2558


Winamax Poker - Tournament "WESTERN" buyIn: 0.90€ + 0.10€ level: 1 - HandId: #3251765824800686130-4-1710792252 - Holdem no limit (25/100/200) - 2024/03/18 20:04:12 UTC
Table: 'WESTERN(757110730)#049' 6-max (real money) Seat #2 is the button
Seat 1: PrtctYurNuts (23463, 0.45€ bounty)
Seat 2: raling49 (21400, 0.45€ bounty)
Seat 3: Tetedepique (14937, 0.45€ bounty)
Seat 4: P1xel7 (20200, 0.45€ bounty)
Seat 5: livthe34 (20175, 0.45€ bounty)
Seat 6: SiLvA20 (22043, 0.45€ bounty)
*** ANTE/BLINDS ***
Tetedepique posts ante 25
P1xel7 posts ante 25
PrtctYurNuts posts ante 25
raling49 posts ante 25
livthe34 posts ante 25
SiLvA20 posts ante 25
Tetedepique posts small blind 100
P1xel7 posts big blind 200
Dealt to P1xel7 [6h 2s]
*** PRE-FLOP *** 
livthe34 folds
SiLvA20 folds
PrtctYurNuts raises 220 to 420
raling49 folds
Tetedepique calls 320
P1xel7 folds
*** FLOP *** [8c 4d 2h]
Tetedepique checks
PrtctYurNuts checks
*** TURN *** [8c 4d 2h][Kh]
Tetedepique checks
PrtctYurNuts checks
*** RIVER *** [8c 4d 2h Kh][3c]
Tetedepique checks
PrtctYurNuts checks
*** SHOW DOWN ***
PrtctYurNuts shows [As Th] (High card : Ace)
Tetedepique shows [9s 9d] (One pair : 9)
Tetedepique collected 1190 from pot
*** SUMMARY ***
Total pot 1190 | No rake
Board: [8c 4d 2h Kh 3c]
Seat 1: PrtctYurNuts showed [As Th] and lost with High card : Ace
Seat 3: Tetedepique (small blind) showed [9s 9d] and won 1190 with One pair : 9


Winamax Poker - Tournament "WESTERN" buyIn: 0.90€ + 0.10€ level: 1 - HandId: #3251765824800686130-5-1710792340 - Holdem no limit (25/100/200) - 2024/03/18 20:05:40 UTC
Table: 'WESTERN(757110730)#049' 6-max (real money) Seat #3 is the button
Seat 1: PrtctYurNuts (23018, 0.45€ bounty)
Seat 2: raling49 (21375, 0.45€ bounty)
Seat 3: Tetedepique (15682, 0.45€ bounty)
Seat 4: P1xel7 (19975, 0.45€ bounty)
Seat 5: livthe34 (20150, 0.45€ bounty)
*** ANTE/BLINDS ***
P1xel7 posts ante 25
livthe34 posts ante 25
PrtctYurNuts posts ante 25
raling49 posts ante 25
Tetedepique posts ante 25
P1xel7 posts small blind 100
livthe34 posts big blind 200
Dealt to P1xel7 [7h Ks]
*** PRE-FLOP *** 
PrtctYurNuts folds
raling49 raises 400 to 600
Tetedepique folds
P1xel7 folds
livthe34 calls 400
*** FLOP *** [Jc Ah Qd]
livthe34 checks
raling49 checks
*** TURN *** [Jc Ah Qd][8c]
livthe34 bets 499
raling49 calls 499
*** RIVER *** [Jc Ah Qd 8c][3s]
livthe34 bets 1575
raling49 calls 1575
*** SHOW DOWN ***
raling49 shows [As 2s] (One pair : Aces)
livthe34 shows [Jd Qc] (Two pairs : Queens and Jacks)
livthe34 collected 5573 from pot
*** SUMMARY ***
Total pot 5573 | No rake
Board: [Jc Ah Qd 8c 3s]
Seat 2: raling49 showed [As 2s] and lost with One pair : Aces
Seat 5: livthe34 (big blind) showed [Jd Qc] and won 5573 with Two pairs : Queens and Jacks


Winamax Poker - Tournament "WESTERN" buyIn: 0.90€ + 0.10€ level: 1 - HandId: #3251765824800686130-6-1710792418 - Holdem no limit (25/100/200) - 2024/03/18 20:06:58 UTC
Table: 'WESTERN(757110730)#049' 6-max (real money) Seat #4 is the button
Seat 1: PrtctYurNuts (22993, 0.45€ bounty)
Seat 2: raling49 (18676, 0.45€ bounty)
Seat 3: Tetedepique (15657, 0.45€ bounty)
Seat 4: P1xel7 (19850, 0.45€ bounty)
Seat 5: livthe34 (23024, 0.45€ bounty)
Seat 6: Tibo Coco (20000, 0.45€ bounty)
*** ANTE/BLINDS ***
livthe34 posts ante 25
Tibo Coco posts ante 25
PrtctYurNuts posts ante 25
raling49 posts ante 25
Tetedepique posts ante 25
P1xel7 posts ante 25
livthe34 posts small blind 100
Tibo Coco posts big blind 200
Dealt to P1xel7 [5s Td]
*** PRE-FLOP *** 
PrtctYurNuts folds
raling49 folds
Tetedepique calls 200
P1xel7 folds
livthe34 folds
Tibo Coco raises 19775 to 19975 and is all-in
Tetedepique folds
Tibo Coco collected 20425 from pot
*** SUMMARY ***
Total pot 20425 | No rake
Seat 6: Tibo Coco (big blind) won 20425


Winamax Poker - Tournament "WESTERN" buyIn: 0.90€ + 0.10€ level: 1 - HandId: #3251765824800686130-7-1710792450 - Holdem no limit (25/100/200) - 2024/03/18 20:07:30 UTC
Table: 'WESTERN(757110730)#049' 6-max (real money) Seat #5 is the button
Seat 1: PrtctYurNuts (22968, 0.45€ bounty)
Seat 2: raling49 (18651, 0.45€ bounty)
Seat 3: Tetedepique (15432, 0.45€ bounty)
Seat 4: P1xel7 (19825, 0.45€ bounty)
Seat 5: livthe34 (22899, 0.45€ bounty)
Seat 6: Tibo Coco (20425, 0.45€ bounty)
*** ANTE/BLINDS ***
Tibo Coco posts ante 25
PrtctYurNuts posts ante 25
raling49 posts ante 25
Tetedepique posts ante 25
P1xel7 posts ante 25
livthe34 posts ante 25
Tibo Coco posts small blind 100
PrtctYurNuts posts big blind 200
Dealt to P1xel7 [Ac 4d]
*** PRE-FLOP *** 
raling49 raises 400 to 600
Tetedepique folds
P1xel7 folds
livthe34 folds
Tibo Coco folds
PrtctYurNuts folds
raling49 collected 1050 from pot
*** SUMMARY ***
Total pot 1050 | No rake
Seat 2: raling49 won 1050


Winamax Poker - Tournament "WESTERN" buyIn: 0.90€ + 0.10€ level: 1 - HandId: #3251765824800686130-8-1710792484 - Holdem no limit (25/100/200) - 2024/03/18 20:08:04 UTC
Table: 'WESTERN(757110730)#049' 6-max (real money) Seat #6 is the button
Seat 1: PrtctYurNuts (22743, 0.45€ bounty)
Seat 2: raling49 (19076, 0.45€ bounty)
Seat 4: P1xel7 (19800, 0.45€ bounty)
Seat 5: livthe34 (22874, 0.45€ bounty)
Seat 6: Tibo Coco (20300, 0.45€ bounty)
*** ANTE/BLINDS ***
PrtctYurNuts posts ante 25
raling49 posts ante 25
P1xel7 posts ante 25
livthe34 posts ante 25
Tibo Coco posts ante 25
PrtctYurNuts posts small blind 100
raling49 posts big blind 200
Dealt to P1xel7 [5s Ac]
*** PRE-FLOP *** 
P1xel7 folds
livthe34 raises 200 to 400
Tibo Coco calls 400
PrtctYurNuts folds
raling49 folds
*** FLOP *** [4d Ah 3s]
livthe34 checks
Tibo Coco bets 980
livthe34 folds
Tibo Coco collected 2205 from pot
*** SUMMARY ***
Total pot 2205 | No rake
Board: [4d Ah 3s]
Seat 6: Tibo Coco (button) won 2205


Winamax Poker - Tournament "WESTERN" buyIn: 0.90€ + 0.10€ level: 1 - HandId: #3251765824800686130-9-1710792515 - Holdem no limit (25/100/200) - 2024/03/18 20:08:35 UTC
Table: 'WESTERN(757110730)#049' 6-max (real money) Seat #1 is the button
Seat 1: PrtctYurNuts (22618, 0.45€ bounty)
Seat 2: raling49 (18851, 0.45€ bounty)
Seat 3: _Dumbledore_ (20000, 0.45€ bounty)
Seat 4: P1xel7 (19775, 0.45€ bounty)
Seat 5: livthe34 (22449, 0.45€ bounty)
Seat 6: Tibo Coco (21100, 0.45€ bounty)
*** ANTE/BLINDS ***
raling49 posts ante 25
_Dumbledore_ posts ante 25
PrtctYurNuts posts ante 25
P1xel7 posts ante 25
livthe34 posts ante 25
Tibo Coco posts ante 25
raling49 posts small blind 100
_Dumbledore_ posts big blind 200
Dealt to P1xel7 [Th 6d]
*** PRE-FLOP *** 
P1xel7 folds
livthe34 raises 200 to 400
Tibo Coco folds
PrtctYurNuts calls 400
raling49 folds
_Dumbledore_ calls 200
*** FLOP *** [2h 9s 9c]
_Dumbledore_ checks
livthe34 checks
PrtctYurNuts checks
*** TURN *** [2h 9s 9c][8s]
_Dumbledore_ checks
livthe34 checks
PrtctYurNuts checks
*** RIVER *** [2h 9s 9c 8s][5d]
_Dumbledore_ checks
livthe34 bets 507
PrtctYurNuts folds
_Dumbledore_ folds
livthe34 collected 1957 from pot
*** SUMMARY ***
Total pot 1957 | No rake
Board: [2h 9s 9c 8s 5d]
Seat 5: livthe34 won 1957


Winamax Poker - Tournament "WESTERN" buyIn: 0.90€ + 0.10€ level: 1 - HandId: #3251765824800686130-10-1710792614 - Holdem no limit (25/100/200) - 2024/03/18 20:10:14 UTC
Table: 'WESTERN(757110730)#049' 6-max (real money) Seat #2 is the button
Seat 1: PrtctYurNuts (22193, 0.45€ bounty)
Seat 2: raling49 (18726, 0.45€ bounty)
Seat 3: _Dumbledore_ (19575, 0.45€ bounty)
Seat 4: P1xel7 (19750, 0.45€ bounty)
Seat 5: livthe34 (23474, 0.45€ bounty)
Seat 6: Tibo Coco (21075, 0.45€ bounty)
*** ANTE/BLINDS ***
_Dumbledore_ posts ante 25
P1xel7 posts ante 25
PrtctYurNuts posts ante 25
raling49 posts ante 25
livthe34 posts ante 25
Tibo Coco posts ante 25
_Dumbledore_ posts small blind 100
P1xel7 posts big blind 200
Dealt to P1xel7 [7s 7c]
*** PRE-FLOP *** 
livthe34 folds
Tibo Coco folds
PrtctYurNuts folds
raling49 folds
_Dumbledore_ folds
P1xel7 collected 450 from pot
*** SUMMARY ***
Total pot 450 | No rake
Seat 4: P1xel7 (big blind) won 450


Winamax Poker - Tournament "WESTERN" buyIn: 0.90€ + 0.10€ level: 1 - HandId: #3251765824800686130-11-1710792633 - Holdem no limit (25/100/200) - 2024/03/18 20:10:33 UTC
Table: 'WESTERN(757110730)#049' 6-max (real money) Seat #3 is the button
Seat 1: PrtctYurNuts (22168, 0.45€ bounty)
Seat 2: raling49 (18701, 0.45€ bounty)
Seat 3: _Dumbledore_ (19450, 0.45€ bounty)
Seat 4: P1xel7 (19975, 0.45€ bounty)
Seat 5: livthe34 (23449, 0.45€ bounty)
Seat 6: Tibo Coco (21050, 0.45€ bounty)
*** ANTE/BLINDS ***
P1xel7 posts ante 25
livthe34 posts ante 25
PrtctYurNuts posts ante 25
raling49 posts ante 25
_Dumbledore_ posts ante 25
Tibo Coco posts ante 25
P1xel7 posts small blind 100
livthe34 posts big blind 200
Dealt to P1xel7 [Jd Qh]
*** PRE-FLOP *** 
Tibo Coco raises 200 to 400
PrtctYurNuts folds
raling49 folds
_Dumbledore_ folds
P1xel7 calls 300
livthe34 folds
*** FLOP *** [7c Th 8s]
P1xel7 checks
Tibo Coco checks
*** TURN *** [7c Th 8s][4h]
P1xel7 bets 400
Tibo Coco calls 400
*** RIVER *** [7c Th 8s 4h][Ad]
P1xel7 bets 1268
Tibo Coco folds
P1xel7 collected 3218 from pot
*** SUMMARY ***
Total pot 3218 | No rake
Board: [7c Th 8s 4h Ad]
Seat 4: P1xel7 (small blind) won 3218


Winamax Poker - Tournament "WESTERN" buyIn: 0.90€ + 0.10€ level: 1 - HandId: #3251765824800686130-12-1710792679 - Holdem no limit (25/100/200) - 2024/03/18 20:11:19 UTC
Table: 'WESTERN(757110730)#049' 6-max (real money) Seat #4 is the button
Seat 1: PrtctYurNuts (22143, 0.45€ bounty)
Seat 2: raling49 (18676, 0.45€ bounty)
Seat 3: _Dumbledore_ (19425, 0.45€ bounty)
Seat 4: P1xel7 (21100, 0.45€ bounty)
Seat 5: livthe34 (23224, 0.45€ bounty)
Seat 6: Tibo Coco (20225, 0.45€ bounty)
*** ANTE/BLINDS ***
livthe34 posts ante 25
Tibo Coco posts ante 25
PrtctYurNuts posts ante 25
raling49 posts ante 25
_Dumbledore_ posts ante 25
P1xel7 posts ante 25
livthe34 posts small blind 100
Tibo Coco posts big blind 200
Dealt to P1xel7 [5h 4c]
*** PRE-FLOP *** 
PrtctYurNuts folds
raling49 folds
_Dumbledore_ raises 300 to 500
P1xel7 folds
livthe34 folds
Tibo Coco calls 300
*** FLOP *** [Jh Jd 3h]
Tibo Coco checks
_Dumbledore_ bets 725
Tibo Coco raises 2015 to 2740
_Dumbledore_ folds
Tibo Coco shows [2s 8s] (One pair : Jacks)
Tibo Coco collected 4715 from pot
*** SUMMARY ***
Total pot 4715 | No rake
Board: [Jh Jd 3h]
Seat 6: Tibo Coco (big blind) showed [2s 8s] and won 4715 with One pair : Jacks


Winamax Poker - Tournament "WESTERN" buyIn: 0.90€ + 0.10€ level: 1 - HandId: #3251765824800686130-13-1710792729 - Holdem no limit (25/100/200) - 2024/03/18 20:12:09 UTC
Table: 'WESTERN(757110730)#049' 6-max (real money) Seat #5 is the button
Seat 1: PrtctYurNuts (22118, 0.45€ bounty)
Seat 2: raling49 (18651, 0.45€ bounty)
Seat 3: _Dumbledore_ (18175, 0.45€ bounty)
Seat 4: P1xel7 (21075, 0.45€ bounty)
Seat 5: livthe34 (23099, 0.45€ bounty)
Seat 6: Tibo Coco (21675, 0.45€ bounty)
*** ANTE/BLINDS ***
Tibo Coco posts ante 25
PrtctYurNuts posts ante 25
raling49 posts ante 25
_Dumbledore_ posts ante 25
P1xel7 posts ante 25
livthe34 posts ante 25
Tibo Coco posts small blind 100
PrtctYurNuts posts big blind 200
Dealt to P1xel7 [Qd Qh]
*** PRE-FLOP *** 
raling49 folds
_Dumbledore_ folds
P1xel7 raises 300 to 500
livthe34 calls 500
Tibo Coco folds
PrtctYurNuts folds
*** FLOP *** [Ts 5h Kd]
P1xel7 bets 508
livthe34 calls 508
*** TURN *** [Ts 5h Kd][4c]
P1xel7 bets 1233
livthe34 folds
P1xel7 collected 3699 from pot
*** SUMMARY ***
Total pot 3699 | No rake
Board: [Ts 5h Kd 4c]
Seat 4: P1xel7 won 3699


Winamax Poker - Tournament "WESTERN" buyIn: 0.90€ + 0.10€ level: 1 - HandId: #3251765824800686130-14-1710792773 - Holdem no limit (25/100/200) - 2024/03/18 20:12:53 UTC
Table: 'WESTERN(757110730)#049' 6-max (real money) Seat #6 is the button
Seat 1: PrtctYurNuts (21893, 0.45€ bounty)
Seat 2: raling49 (18626, 0.45€ bounty)
Seat 3: _Dumbledore_ (18150, 0.45€ bounty)
Seat 4: P1xel7 (22508, 0.45€ bounty)
Seat 5: livthe34 (22066, 0.45€ bounty)
Seat 6: Tibo Coco (21550, 0.45€ bounty)
*** ANTE/BLINDS ***
PrtctYurNuts posts ante 25
raling49 posts ante 25
_Dumbledore_ posts ante 25
P1xel7 posts ante 25
livthe34 posts ante 25
Tibo Coco posts ante 25
PrtctYurNuts posts small blind 100
raling49 posts big blind 200
Dealt to P1xel7 [6d 5c]
*** PRE-FLOP *** 
_Dumbledore_ folds
P1xel7 folds
livthe34 folds
Tibo Coco folds
PrtctYurNuts raises 500 to 700
raling49 folds
PrtctYurNuts collected 1050 from pot
*** SUMMARY ***
Total pot 1050 | No rake
Seat 1: PrtctYurNuts (small blind) won 1050


Winamax Poker - Tournament "WESTERN" buyIn: 0.90€ + 0.10€ level: 1 - HandId: #3251765824800686130-15-1710792804 - Holdem no limit (25/100/200) - 2024/03/18 20:13:24 UTC
Table: 'WESTERN(757110730)#049' 6-max (real money) Seat #1 is the button
Seat 1: PrtctYurNuts (22218, 0.45€ bounty)
Seat 2: raling49 (18401, 0.45€ bounty)
Seat 3: _Dumbledore_ (18125, 0.45€ bounty)
Seat 4: P1xel7 (22483, 0.45€ bounty)
Seat 5: livthe34 (22041, 0.45€ bounty)
Seat 6: Tibo Coco (21525, 0.45€ bounty)
*** ANTE/BLINDS ***
raling49 posts ante 25
_Dumbledore_ posts ante 25
PrtctYurNuts posts ante 25
P1xel7 posts ante 25
livthe34 posts ante 25
Tibo Coco posts ante 25
raling49 posts small blind 100
_Dumbledore_ posts big blind 200
Dealt to P1xel7 [4h Ad]
*** PRE-FLOP *** 
P1xel7 folds
livthe34 raises 200 to 400
Tibo Coco folds
PrtctYurNuts calls 400
raling49 folds
_Dumbledore_ calls 200
*** FLOP *** [9s Ts 9c]
_Dumbledore_ checks
livthe34 bets 507
PrtctYurNuts folds
_Dumbledore_ folds
livthe34 collected 1957 from pot
*** SUMMARY ***
Total pot 1957 | No rake
Board: [9s Ts 9c]
Seat 5: livthe34 won 1957


Winamax Poker - Tournament "WESTERN" buyIn: 0.90€ + 0.10€ level: 1 - HandId: #3251765824800686130-16-1710792865 - Holdem no limit (25/100/200) - 2024/03/18 20:14:25 UTC
Table: 'WESTERN(757110730)#049' 6-max (real money) Seat #2 is the button
Seat 1: PrtctYurNuts (21793, 0.45€ bounty)
Seat 2: raling49 (18276, 0.45€ bounty)
Seat 3: _Dumbledore_ (17700, 0.45€ bounty)
Seat 4: P1xel7 (22458, 0.45€ bounty)
Seat 5: livthe34 (23066, 0.45€ bounty)
Seat 6: Tibo Coco (21500, 0.45€ bounty)
*** ANTE/BLINDS ***
_Dumbledore_ posts ante 25
P1xel7 posts ante 25
PrtctYurNuts posts ante 25
raling49 posts ante 25
livthe34 posts ante 25
Tibo Coco posts ante 25
_Dumbledore_ posts small blind 100
P1xel7 posts big blind 200
Dealt to P1xel7 [8h Ts]
*** PRE-FLOP *** 
livthe34 raises 200 to 400
Tibo Coco folds
PrtctYurNuts folds
raling49 folds
_Dumbledore_ folds
P1xel7 calls 200
*** FLOP *** [2h As 3d]
P1xel7 checks
livthe34 bets 525
P1xel7 folds
livthe34 collected 1575 from pot
*** SUMMARY ***
Total pot 1575 | No rake
Board: [2h As 3d]
Seat 5: livthe34 won 1575


Winamax Poker - Tournament "WESTERN" buyIn: 0.90€ + 0.10€ level: 1 - HandId: #3251765824800686130-17-1710792902 - Holdem no limit (25/100/200) - 2024/03/18 20:15:02 UTC
Table: 'WESTERN(757110730)#049' 6-max (real money) Seat #3 is the button
Seat 1: PrtctYurNuts (21768, 0.45€ bounty)
Seat 2: raling49 (18251, 0.45€ bounty)
Seat 3: _Dumbledore_ (17575, 0.45€ bounty)
Seat 4: P1xel7 (22033, 0.45€ bounty)
Seat 5: livthe34 (23691, 0.45€ bounty)
*** ANTE/BLINDS ***
P1xel7 posts ante 25
livthe34 posts ante 25
PrtctYurNuts posts ante 25
raling49 posts ante 25
_Dumbledore_ posts ante 25
P1xel7 posts small blind 100
livthe34 posts big blind 200
Dealt to P1xel7 [Ah Kh]
*** PRE-FLOP *** 
PrtctYurNuts folds
raling49 folds
_Dumbledore_ folds
P1xel7 raises 400 to 600
livthe34 folds
P1xel7 collected 925 from pot
*** SUMMARY ***
Total pot 925 | No rake
Seat 4: P1xel7 (small blind) won 925


Winamax Poker - Tournament "WESTERN" buyIn: 0.90€ + 0.10€ level: 1 - HandId: #3251765824800686130-18-1710792932 - Holdem no limit (25/100/200) - 2024/03/18 20:15:32 UTC
Table: 'WESTERN(757110730)#049' 6-max (real money) Seat #4 is the button
Seat 1: PrtctYurNuts (21743, 0.45€ bounty)
Seat 2: raling49 (18226, 0.45€ bounty)
Seat 3: _Dumbledore_ (17550, 0.45€ bounty)
Seat 4: P1xel7 (22333, 0.45€ bounty)
Seat 5: livthe34 (23466, 0.45€ bounty)
Seat 6: m0ry13 (20000, 0.45€ bounty)
*** ANTE/BLINDS ***
livthe34 posts ante 25
m0ry13 posts ante 25
PrtctYurNuts posts ante 25
raling49 posts ante 25
_Dumbledore_ posts ante 25
P1xel7 posts ante 25
livthe34 posts small blind 100
m0ry13 posts big blind 200
Dealt to P1xel7 [6c 6s]
*** PRE-FLOP *** 
PrtctYurNuts folds
raling49 folds
_Dumbledore_ folds
P1xel7 raises 300 to 500
livthe34 folds
m0ry13 calls 300
*** FLOP *** [8c Kd Ks]
m0ry13 checks
P1xel7 bets 1100
m0ry13 folds
P1xel7 collected 2350 from pot
*** SUMMARY ***
Total pot 2350 | No rake
Board: [8c Kd Ks]
Seat 4: P1xel7 (button) won 2350


Winamax Poker - Tournament "WESTERN" buyIn: 0.90€ + 0.10€ level: 1 - HandId: #3251765824800686130-19-1710792972 - Holdem no limit (25/100/200) - 2024/03/18 20:16:12 UTC
Table: 'WESTERN(757110730)#049' 6-max (real money) Seat #5 is the button
Seat 1: PrtctYurNuts (21718, 0.45€ bounty)
Seat 2: raling49 (18201, 0.45€ bounty)
Seat 3: _Dumbledore_ (17525, 0.45€ bounty)
Seat 4: P1xel7 (23058, 0.45€ bounty)
Seat 5: livthe34 (23341, 0.45€ bounty)
Seat 6: m0ry13 (19475, 0.45€ bounty)
*** ANTE/BLINDS ***
m0ry13 posts ante 25
PrtctYurNuts posts ante 25
raling49 posts ante 25
_Dumbledore_ posts ante 25
P1xel7 posts ante 25
livthe34 posts ante 25
m0ry13 posts small blind 100
PrtctYurNuts posts big blind 200
Dealt to P1xel7 [Td 5s]
*** PRE-FLOP *** 
raling49 folds
_Dumbledore_ folds
P1xel7 folds
livthe34 folds
m0ry13 calls 100
PrtctYurNuts checks
*** FLOP *** [3d 6h 4h]
m0ry13 bets 358
PrtctYurNuts calls 358
*** TURN *** [3d 6h 4h][Jh]
m0ry13 bets 443
PrtctYurNuts folds
m0ry13 collected 1709 from pot
*** SUMMARY ***
Total pot 1709 | No rake
Board: [3d 6h 4h Jh]
Seat 6: m0ry13 (small blind) won 1709


Winamax Poker - Tournament "WESTERN" buyIn: 0.90€ + 0.10€ level: 1 - HandId: #3251765824800686130-20-1710793047 - Holdem no limit (25/100/200) - 2024/03/18 20:17:27 UTC
Table: 'WESTERN(757110730)#049' 6-max (real money) Seat #6 is the button
Seat 1: PrtctYurNuts (21135, 0.45€ bounty)
Seat 2: raling49 (18176, 0.45€ bounty)
Seat 3: _Dumbledore_ (17500, 0.45€ bounty)
Seat 4: P1xel7 (23033, 0.45€ bounty)
Seat 5: livthe34 (23316, 0.45€ bounty)
Seat 6: m0ry13 (20158, 0.45€ bounty)
*** ANTE/BLINDS ***
PrtctYurNuts posts ante 25
raling49 posts ante 25
_Dumbledore_ posts ante 25
P1xel7 posts ante 25
livthe34 posts ante 25
m0ry13 posts ante 25
PrtctYurNuts posts small blind 100
raling49 posts big blind 200
Dealt to P1xel7 [4s 8s]
*** PRE-FLOP *** 
_Dumbledore_ folds
P1xel7 folds
livthe34 raises 200 to 400
m0ry13 folds
PrtctYurNuts folds
raling49 calls 200
*** FLOP *** [7d 7c 4h]
raling49 checks
livthe34 checks
*** TURN *** [7d 7c 4h][Jd]
raling49 checks
livthe34 bets 525
raling49 calls 525
*** RIVER *** [7d 7c 4h Jd][3d]
raling49 checks
livthe34 checks
*** SHOW DOWN ***
livthe34 shows [Qh 8d] (One pair : 7)
raling49 shows [5h 5d] (Two pairs : 7 and 5)
raling49 collected 2100 from pot
*** SUMMARY ***
Total pot 2100 | No rake
Board: [7d 7c 4h Jd 3d]
Seat 2: raling49 (big blind) showed [5h 5d] and won 2100 with Two pairs : 7 and 5
Seat 5: livthe34 showed [Qh 8d] and lost with One pair : 7


Winamax Poker - Tournament "WESTERN" buyIn: 0.90€ + 0.10€ level: 1 - HandId: #3251765824800686130-21-1710793117 - Holdem no limit (25/100/200) - 2024/03/18 20:18:37 UTC
Table: 'WESTERN(757110730)#049' 6-max (real money) Seat #1 is the button
Seat 1: PrtctYurNuts (21010, 0.45€ bounty)
Seat 2: raling49 (19326, 0.45€ bounty)
Seat 3: _Dumbledore_ (17475, 0.45€ bounty)
Seat 4: P1xel7 (23008, 0.45€ bounty)
Seat 5: livthe34 (22366, 0.45€ bounty)
Seat 6: m0ry13 (20133, 0.45€ bounty)
*** ANTE/BLINDS ***
raling49 posts ante 25
_Dumbledore_ posts ante 25
PrtctYurNuts posts ante 25
P1xel7 posts ante 25
livthe34 posts ante 25
m0ry13 posts ante 25
raling49 posts small blind 100
_Dumbledore_ posts big blind 200
Dealt to P1xel7 [8d 8h]
*** PRE-FLOP *** 
P1xel7 raises 300 to 500
livthe34 folds
m0ry13 folds
PrtctYurNuts folds
raling49 folds
_Dumbledore_ folds
P1xel7 collected 950 from pot
*** SUMMARY ***
Total pot 950 | No rake
Seat 4: P1xel7 won 950


Winamax Poker - Tournament "WESTERN" buyIn: 0.90€ + 0.10€ level: 1 - HandId: #3251765824800686130-22-1710793145 - Holdem no limit (25/100/200) - 2024/03/18 20:19:05 UTC
Table: 'WESTERN(757110730)#049' 6-max (real money) Seat #2 is the button
Seat 1: PrtctYurNuts (20985, 0.45€ bounty)
Seat 2: raling49 (19201, 0.45€ bounty)
Seat 3: _Dumbledore_ (17250, 0.45€ bounty)
Seat 4: P1xel7 (23433, 0.45€ bounty)
Seat 5: livthe34 (22341, 0.45€ bounty)
Seat 6: m0ry13 (20108, 0.45€ bounty)
*** ANTE/BLINDS ***
_Dumbledore_ posts ante 25
P1xel7 posts ante 25
PrtctYurNuts posts ante 25
raling49 posts ante 25
livthe34 posts ante 25
m0ry13 posts ante 25
_Dumbledore_ posts small blind 100
P1xel7 posts big blind 200
Dealt to P1xel7 [3h Jd]
*** PRE-FLOP *** 
livthe34 folds
m0ry13 calls 200
PrtctYurNuts folds
raling49 folds
_Dumbledore_ folds
P1xel7 checks
*** FLOP *** [4c 7h 2d]
P1xel7 checks
m0ry13 checks
*** TURN *** [4c 7h 2d][8c]
P1xel7 checks
m0ry13 checks
*** RIVER *** [4c 7h 2d 8c][Qc]
P1xel7 checks
m0ry13 checks
*** SHOW DOWN ***
m0ry13 shows [Ts 9c] (High card : Queen)
P1xel7 shows [3h Jd] (High card : Queen)
P1xel7 collected 650 from pot
*** SUMMARY ***
Total pot 650 | No rake
Board: [4c 7h 2d 8c Qc]
Seat 4: P1xel7 (big blind) showed [3h Jd] and won 650 with High card : Queen
Seat 6: m0ry13 showed [Ts 9c] and lost with High card : Queen


Winamax Poker - Tournament "WESTERN" buyIn: 0.90€ + 0.10€ level: 1 - HandId: #3251765824800686130-23-1710793225 - Holdem no limit (25/100/200) - 2024/03/18 20:20:25 UTC
Table: 'WESTERN(757110730)#049' 6-max (real money) Seat #3 is the button
Seat 1: PrtctYurNuts (20960, 0.45€ bounty)
Seat 2: raling49 (19176, 0.45€ bounty)
Seat 3: _Dumbledore_ (17125, 0.45€ bounty)
Seat 4: P1xel7 (23858, 0.45€ bounty)
Seat 5: livthe34 (22316, 0.45€ bounty)
Seat 6: m0ry13 (19883, 0.45€ bounty)
*** ANTE/BLINDS ***
P1xel7 posts ante 25
livthe34 posts ante 25
PrtctYurNuts posts ante 25
raling49 posts ante 25
_Dumbledore_ posts ante 25
m0ry13 posts ante 25
P1xel7 posts small blind 100
livthe34 posts big blind 200
Dealt to P1xel7 [Ts Kd]
*** PRE-FLOP *** 
m0ry13 calls 200
PrtctYurNuts folds
raling49 folds
_Dumbledore_ raises 500 to 700
P1xel7 folds
livthe34 folds
m0ry13 calls 500
*** FLOP *** [Ac 4d 5h]
m0ry13 checks
_Dumbledore_ bets 648
m0ry13 folds
_Dumbledore_ collected 2498 from pot
*** SUMMARY ***
Total pot 2498 | No rake
Board: [Ac 4d 5h]
Seat 3: _Dumbledore_ (button) won 2498


Winamax Poker - Tournament "WESTERN" buyIn: 0.90€ + 0.10€ level: 2 - HandId: #3251765824800686130-24-1710793292 - Holdem no limit (30/125/250) - 2024/03/18 20:21:32 UTC
Table: 'WESTERN(757110730)#049' 6-max (real money) Seat #4 is the button
Seat 1: PrtctYurNuts (20935, 0.45€ bounty)
Seat 2: raling49 (19151, 0.45€ bounty)
Seat 3: _Dumbledore_ (18250, 0.45€ bounty)
Seat 4: P1xel7 (23733, 0.45€ bounty)
Seat 5: livthe34 (22091, 0.45€ bounty)
Seat 6: m0ry13 (19158, 0.45€ bounty)
*** ANTE/BLINDS ***
livthe34 posts ante 30
m0ry13 posts ante 30
PrtctYurNuts posts ante 30
raling49 posts ante 30
_Dumbledore_ posts ante 30
P1xel7 posts ante 30
livthe34 posts small blind 125
m0ry13 posts big blind 250
Dealt to P1xel7 [Ad 5d]
*** PRE-FLOP *** 
PrtctYurNuts folds
raling49 folds
_Dumbledore_ folds
P1xel7 folds
livthe34 calls 125
m0ry13 raises 375 to 625
livthe34 folds
m0ry13 collected 1055 from pot
*** SUMMARY ***
Total pot 1055 | No rake
Seat 6: m0ry13 (big blind) won 1055


Winamax Poker - Tournament "WESTERN" buyIn: 0.90€ + 0.10€ level: 2 - HandId: #3251765824800686130-25-1710793366 - Holdem no limit (30/125/250) - 2024/03/18 20:22:46 UTC
Table: 'WESTERN(757110730)#049' 6-max (real money) Seat #5 is the button
Seat 1: PrtctYurNuts (20905, 0.45€ bounty)
Seat 2: raling49 (19121, 0.45€ bounty)
Seat 3: _Dumbledore_ (18220, 0.45€ bounty)
Seat 4: P1xel7 (23703, 0.45€ bounty)
Seat 5: livthe34 (21811, 0.45€ bounty)
Seat 6: m0ry13 (19558, 0.45€ bounty)
*** ANTE/BLINDS ***
m0ry13 posts ante 30
PrtctYurNuts posts ante 30
raling49 posts ante 30
_Dumbledore_ posts ante 30
P1xel7 posts ante 30
livthe34 posts ante 30
m0ry13 posts small blind 125
PrtctYurNuts posts big blind 250
Dealt to P1xel7 [2h 4d]
*** PRE-FLOP *** 
raling49 folds
_Dumbledore_ folds
P1xel7 folds
livthe34 folds
m0ry13 calls 125
PrtctYurNuts checks
*** FLOP *** [3s Ac 5d]
m0ry13 checks
PrtctYurNuts checks
*** TURN *** [3s Ac 5d][8s]
m0ry13 checks
PrtctYurNuts checks
*** RIVER *** [3s Ac 5d 8s][Qc]
m0ry13 checks
PrtctYurNuts checks
*** SHOW DOWN ***
PrtctYurNuts shows [7h 6c] (High card : Ace)
m0ry13 shows [7d 9d] (High card : Ace)
m0ry13 collected 680 from pot
*** SUMMARY ***
Total pot 680 | No rake
Board: [3s Ac 5d 8s Qc]
Seat 1: PrtctYurNuts (big blind) showed [7h 6c] and lost with High card : Ace
Seat 6: m0ry13 (small blind) showed [7d 9d] and won 680 with High card : Ace


Winamax Poker - Tournament "WESTERN" buyIn: 0.90€ + 0.10€ level: 2 - HandId: #3251765824800686130-26-1710793429 - Holdem no limit (30/125/250) - 2024/03/18 20:23:49 UTC
Table: 'WESTERN(757110730)#049' 6-max (real money) Seat #6 is the button
Seat 1: PrtctYurNuts (20625, 0.45€ bounty)
Seat 2: raling49 (19091, 0.45€ bounty)
Seat 3: _Dumbledore_ (18190, 0.45€ bounty)
Seat 4: P1xel7 (23673, 0.45€ bounty)
Seat 5: livthe34 (21781, 0.45€ bounty)
Seat 6: m0ry13 (19958, 0.45€ bounty)
*** ANTE/BLINDS ***
PrtctYurNuts posts ante 30
raling49 posts ante 30
_Dumbledore_ posts ante 30
P1xel7 posts ante 30
livthe34 posts ante 30
m0ry13 posts ante 30
PrtctYurNuts posts small blind 125
raling49 posts big blind 250
Dealt to P1xel7 [7h 4d]
*** PRE-FLOP *** 
_Dumbledore_ folds
P1xel7 folds
livthe34 folds
m0ry13 raises 805 to 1055
PrtctYurNuts folds
raling49 folds
m0ry13 collected 1610 from pot
*** SUMMARY ***
Total pot 1610 | No rake
Seat 6: m0ry13 (button) won 1610


Winamax Poker - Tournament "WESTERN" buyIn: 0.90€ + 0.10€ level: 2 - HandId: #3251765824800686130-27-1710793454 - Holdem no limit (30/125/250) - 2024/03/18 20:24:14 UTC
Table: 'WESTERN(757110730)#049' 6-max (real money) Seat #1 is the button
Seat 1: PrtctYurNuts (20470, 0.45€ bounty)
Seat 2: raling49 (18811, 0.45€ bounty)
Seat 3: _Dumbledore_ (18160, 0.45€ bounty)
Seat 4: P1xel7 (23643, 0.45€ bounty)
Seat 5: livthe34 (21751, 0.45€ bounty)
Seat 6: m0ry13 (20483, 0.45€ bounty)
*** ANTE/BLINDS ***
raling49 posts ante 30
_Dumbledore_ posts ante 30
PrtctYurNuts posts ante 30
P1xel7 posts ante 30
livthe34 posts ante 30
m0ry13 posts ante 30
raling49 posts small blind 125
_Dumbledore_ posts big blind 250
Dealt to P1xel7 [8c 9h]
*** PRE-FLOP *** 
P1xel7 folds
livthe34 folds
m0ry13 raises 375 to 625
PrtctYurNuts folds
raling49 folds
_Dumbledore_ folds
m0ry13 collected 1180 from pot
*** SUMMARY ***
Total pot 1180 | No rake
Seat 6: m0ry13 won 1180


Winamax Poker - Tournament "WESTERN" buyIn: 0.90€ + 0.10€ level: 2 - HandId: #3251765824800686130-28-1710793525 - Holdem no limit (30/125/250) - 2024/03/18 20:25:25 UTC
Table: 'WESTERN(757110730)#049' 6-max (real money) Seat #2 is the button
Seat 1: PrtctYurNuts (20440, 0.45€ bounty)
Seat 2: raling49 (18656, 0.45€ bounty)
Seat 3: _Dumbledore_ (17880, 0.45€ bounty)
Seat 4: P1xel7 (23613, 0.45€ bounty)
Seat 5: livthe34 (21721, 0.45€ bounty)
Seat 6: m0ry13 (21008, 0.45€ bounty)
*** ANTE/BLINDS ***
_Dumbledore_ posts ante 30
P1xel7 posts ante 30
PrtctYurNuts posts ante 30
raling49 posts ante 30
livthe34 posts ante 30
m0ry13 posts ante 30
_Dumbledore_ posts small blind 125
P1xel7 posts big blind 250
Dealt to P1xel7 [6h 5h]
*** PRE-FLOP *** 
livthe34 folds
m0ry13 folds
PrtctYurNuts raises 275 to 525
raling49 folds
_Dumbledore_ folds
P1xel7 folds
PrtctYurNuts collected 1080 from pot
*** SUMMARY ***
Total pot 1080 | No rake
Seat 1: PrtctYurNuts won 1080


Winamax Poker - Tournament "WESTERN" buyIn: 0.90€ + 0.10€ level: 2 - HandId: #3251765824800686130-29-1710793557 - Holdem no limit (30/125/250) - 2024/03/18 20:25:57 UTC
Table: 'WESTERN(757110730)#049' 6-max (real money) Seat #3 is the button
Seat 1: PrtctYurNuts (20965, 0.45€ bounty)
Seat 2: raling49 (18626, 0.45€ bounty)
Seat 3: _Dumbledore_ (17725, 0.45€ bounty)
Seat 4: P1xel7 (23333, 0.45€ bounty)
Seat 5: livthe34 (21691, 0.45€ bounty)
Seat 6: m0ry13 (20978, 0.45€ bounty)
*** ANTE/BLINDS ***
P1xel7 posts ante 30
livthe34 posts ante 30
PrtctYurNuts posts ante 30
raling49 posts ante 30
_Dumbledore_ posts ante 30
m0ry13 posts ante 30
P1xel7 posts small blind 125
livthe34 posts big blind 250
Dealt to P1xel7 [2h 4d]
*** PRE-FLOP *** 
m0ry13 folds
PrtctYurNuts folds
raling49 raises 500 to 750
_Dumbledore_ folds
P1xel7 folds
livthe34 folds
raling49 collected 1305 from pot
*** SUMMARY ***
Total pot 1305 | No rake
Seat 2: raling49 won 1305


Winamax Poker - Tournament "WESTERN" buyIn: 0.90€ + 0.10€ level: 2 - HandId: #3251765824800686130-30-1710793591 - Holdem no limit (30/125/250) - 2024/03/18 20:26:31 UTC
Table: 'WESTERN(757110730)#049' 6-max (real money) Seat #4 is the button
Seat 1: PrtctYurNuts (20935, 0.45€ bounty)
Seat 2: raling49 (19151, 0.45€ bounty)
Seat 3: _Dumbledore_ (17695, 0.45€ bounty)
Seat 4: P1xel7 (23178, 0.45€ bounty)
Seat 5: livthe34 (21411, 0.45€ bounty)
Seat 6: m0ry13 (20948, 0.45€ bounty)
*** ANTE/BLINDS ***
livthe34 posts ante 30
m0ry13 posts ante 30
PrtctYurNuts posts ante 30
raling49 posts ante 30
_Dumbledore_ posts ante 30
P1xel7 posts ante 30
livthe34 posts small blind 125
m0ry13 posts big blind 250
Dealt to P1xel7 [7d As]
*** PRE-FLOP *** 
PrtctYurNuts folds
raling49 folds
_Dumbledore_ folds
P1xel7 raises 375 to 625
livthe34 folds
m0ry13 folds
P1xel7 collected 1180 from pot
*** SUMMARY ***
Total pot 1180 | No rake
Seat 4: P1xel7 (button) won 1180


Winamax Poker - Tournament "WESTERN" buyIn: 0.90€ + 0.10€ level: 2 - HandId: #3251765824800686130-31-1710793620 - Holdem no limit (30/125/250) - 2024/03/18 20:27:00 UTC
Table: 'WESTERN(757110730)#049' 6-max (real money) Seat #5 is the button
Seat 1: PrtctYurNuts (20905, 0.45€ bounty)
Seat 3: _Dumbledore_ (17665, 0.45€ bounty)
Seat 4: P1xel7 (23703, 0.45€ bounty)
Seat 5: livthe34 (21256, 0.45€ bounty)
Seat 6: m0ry13 (20668, 0.45€ bounty)
*** ANTE/BLINDS ***
m0ry13 posts ante 30
PrtctYurNuts posts ante 30
_Dumbledore_ posts ante 30
P1xel7 posts ante 30
livthe34 posts ante 30
m0ry13 posts small blind 125
PrtctYurNuts posts big blind 250
Dealt to P1xel7 [2s 7h]
*** PRE-FLOP *** 
_Dumbledore_ folds
P1xel7 folds
livthe34 folds
m0ry13 folds
PrtctYurNuts collected 525 from pot
*** SUMMARY ***
Total pot 525 | No rake
Seat 1: PrtctYurNuts (big blind) won 525


Winamax Poker - Tournament "WESTERN" buyIn: 0.90€ + 0.10€ level: 3 - HandId: #3251765824800686130-32-1710793641 - Holdem no limit (35/150/300) - 2024/03/18 20:27:21 UTC
Table: 'WESTERN(757110730)#049' 6-max (real money) Seat #6 is the button
Seat 1: PrtctYurNuts (21150, 0.45€ bounty)
Seat 3: _Dumbledore_ (17635, 0.45€ bounty)
Seat 4: P1xel7 (23673, 0.45€ bounty)
Seat 5: livthe34 (21226, 0.45€ bounty)
Seat 6: m0ry13 (20513, 0.45€ bounty)
*** ANTE/BLINDS ***
PrtctYurNuts posts ante 35
_Dumbledore_ posts ante 35
P1xel7 posts ante 35
livthe34 posts ante 35
m0ry13 posts ante 35
PrtctYurNuts posts small blind 150
_Dumbledore_ posts big blind 300
Dealt to P1xel7 [3c As]
*** PRE-FLOP *** 
P1xel7 folds
livthe34 folds
m0ry13 raises 925 to 1225
PrtctYurNuts folds
_Dumbledore_ folds
m0ry13 collected 1850 from pot
*** SUMMARY ***
Total pot 1850 | No rake
Seat 6: m0ry13 (button) won 1850


Winamax Poker - Tournament "WESTERN" buyIn: 0.90€ + 0.10€ level: 3 - HandId: #3251765824800686130-33-1710793687 - Holdem no limit (35/150/300) - 2024/03/18 20:28:07 UTC
Table: 'WESTERN(757110730)#049' 6-max (real money) Seat #1 is the button
Seat 1: PrtctYurNuts (20965, 0.45€ bounty)
Seat 3: _Dumbledore_ (17300, 0.45€ bounty)
Seat 4: P1xel7 (23638, 0.45€ bounty)
Seat 5: livthe34 (21191, 0.45€ bounty)
Seat 6: m0ry13 (21103, 0.45€ bounty)
*** ANTE/BLINDS ***
_Dumbledore_ posts ante 35
P1xel7 posts ante 35
PrtctYurNuts posts ante 35
livthe34 posts ante 35
m0ry13 posts ante 35
_Dumbledore_ posts small blind 150
P1xel7 posts big blind 300
Dealt to P1xel7 [9s 5h]
*** PRE-FLOP *** 
livthe34 folds
m0ry13 raises 450 to 750
PrtctYurNuts folds
_Dumbledore_ folds
P1xel7 folds
m0ry13 collected 1375 from pot
*** SUMMARY ***
Total pot 1375 | No rake
Seat 6: m0ry13 won 1375


Winamax Poker - Tournament "WESTERN" buyIn: 0.90€ + 0.10€ level: 3 - HandId: #3251765824800686130-34-1710793703 - Holdem no limit (35/150/300) - 2024/03/18 20:28:23 UTC
Table: 'WESTERN(757110730)#049' 6-max (real money) Seat #3 is the button
Seat 1: PrtctYurNuts (20930, 0.45€ bounty)
Seat 3: _Dumbledore_ (17115, 0.45€ bounty)
Seat 4: P1xel7 (23303, 0.45€ bounty)
Seat 5: livthe34 (21156, 0.45€ bounty)
Seat 6: m0ry13 (21693, 0.45€ bounty)
*** ANTE/BLINDS ***
P1xel7 posts ante 35
livthe34 posts ante 35
PrtctYurNuts posts ante 35
_Dumbledore_ posts ante 35
m0ry13 posts ante 35
P1xel7 posts small blind 150
livthe34 posts big blind 300
Dealt to P1xel7 [8h 7s]
*** PRE-FLOP *** 
m0ry13 raises 450 to 750
PrtctYurNuts folds
_Dumbledore_ folds
P1xel7 folds
livthe34 folds
m0ry13 collected 1375 from pot
*** SUMMARY ***
Total pot 1375 | No rake
Seat 6: m0ry13 won 1375


Winamax Poker - Tournament "WESTERN" buyIn: 0.90€ + 0.10€ level: 3 - HandId: #3251765824800686130-35-1710793718 - Holdem no limit (35/150/300) - 2024/03/18 20:28:38 UTC
Table: 'WESTERN(757110730)#049' 6-max (real money) Seat #4 is the button
Seat 1: PrtctYurNuts (20895, 0.45€ bounty)
Seat 3: _Dumbledore_ (17080, 0.45€ bounty)
Seat 4: P1xel7 (23118, 0.45€ bounty)
Seat 5: livthe34 (20821, 0.45€ bounty)
Seat 6: m0ry13 (22283, 0.45€ bounty)
*** ANTE/BLINDS ***
livthe34 posts ante 35
m0ry13 posts ante 35
PrtctYurNuts posts ante 35
_Dumbledore_ posts ante 35
P1xel7 posts ante 35
livthe34 posts small blind 150
m0ry13 posts big blind 300
Dealt to P1xel7 [2h Js]
*** PRE-FLOP *** 
PrtctYurNuts folds
_Dumbledore_ folds
P1xel7 folds
livthe34 calls 150
m0ry13 checks
*** FLOP *** [Qc 4s 3d]
livthe34 bets 388
m0ry13 calls 388
*** TURN *** [Qc 4s 3d][Ac]
livthe34 bets 1008
m0ry13 folds
livthe34 collected 2559 from pot
*** SUMMARY ***
Total pot 2559 | No rake
Board: [Qc 4s 3d Ac]
Seat 5: livthe34 (small blind) won 2559


Winamax Poker - Tournament "WESTERN" buyIn: 0.90€ + 0.10€ level: 3 - HandId: #3251765824800686130-36-1710793780 - Holdem no limit (35/150/300) - 2024/03/18 20:29:40 UTC
Table: 'WESTERN(757110730)#049' 6-max (real money) Seat #5 is the button
Seat 1: PrtctYurNuts (20860, 0.45€ bounty)
Seat 2: Flantasque (20000, 0.45€ bounty)
Seat 3: _Dumbledore_ (17045, 0.45€ bounty)
Seat 4: P1xel7 (23083, 0.45€ bounty)
Seat 5: livthe34 (21649, 0.45€ bounty)
Seat 6: m0ry13 (21560, 0.45€ bounty)
*** ANTE/BLINDS ***
m0ry13 posts ante 35
PrtctYurNuts posts ante 35
Flantasque posts ante 35
_Dumbledore_ posts ante 35
P1xel7 posts ante 35
livthe34 posts ante 35
m0ry13 posts small blind 150
PrtctYurNuts posts big blind 300
Dealt to P1xel7 [5h 4s]
*** PRE-FLOP *** 
Flantasque raises 450 to 750
_Dumbledore_ folds
P1xel7 folds
livthe34 calls 750
m0ry13 calls 600
PrtctYurNuts folds
*** FLOP *** [4c 2h 3h]
m0ry13 checks
Flantasque bets 966
livthe34 calls 966
m0ry13 calls 966
*** TURN *** [4c 2h 3h][8c]
m0ry13 checks
Flantasque bets 3678
livthe34 folds
m0ry13 folds
Flantasque collected 9336 from pot
*** SUMMARY ***
Total pot 9336 | No rake
Board: [4c 2h 3h 8c]
Seat 2: Flantasque won 9336


Winamax Poker - Tournament "WESTERN" buyIn: 0.90€ + 0.10€ level: 3 - HandId: #3251765824800686130-37-1710793882 - Holdem no limit (35/150/300) - 2024/03/18 20:31:22 UTC
Table: 'WESTERN(757110730)#049' 6-max (real money) Seat #6 is the button
Seat 1: PrtctYurNuts (20525, 0.45€ bounty)
Seat 2: Flantasque (23907, 0.45€ bounty)
Seat 3: _Dumbledore_ (17010, 0.45€ bounty)
Seat 4: P1xel7 (23048, 0.45€ bounty)
Seat 5: livthe34 (19898, 0.45€ bounty)
Seat 6: m0ry13 (19809, 0.45€ bounty)
*** ANTE/BLINDS ***
PrtctYurNuts posts ante 35
Flantasque posts ante 35
_Dumbledore_ posts ante 35
P1xel7 posts ante 35
livthe34 posts ante 35
m0ry13 posts ante 35
PrtctYurNuts posts small blind 150
Flantasque posts big blind 300
Dealt to P1xel7 [8d Ts]
*** PRE-FLOP *** 
_Dumbledore_ folds
P1xel7 folds
livthe34 folds
m0ry13 folds
PrtctYurNuts calls 150
Flantasque checks
*** FLOP *** [7s Ad 7c]
PrtctYurNuts checks
Flantasque checks
*** TURN *** [7s Ad 7c][2h]
PrtctYurNuts checks
Flantasque bets 405
PrtctYurNuts calls 405
*** RIVER *** [7s Ad 7c 2h][Kh]
PrtctYurNuts checks
Flantasque checks
*** SHOW DOWN ***
Flantasque shows [3c 2c] (Two pairs : 7 and 2)
PrtctYurNuts shows [9h 9s] (Two pairs : 9 and 7)
PrtctYurNuts collected 1620 from pot
*** SUMMARY ***
Total pot 1620 | No rake
Board: [7s Ad 7c 2h Kh]
Seat 1: PrtctYurNuts (small blind) showed [9h 9s] and won 1620 with Two pairs : 9 and 7
Seat 2: Flantasque (big blind) showed [3c 2c] and lost with Two pairs : 7 and 2


Winamax Poker - Tournament "WESTERN" buyIn: 0.90€ + 0.10€ level: 4 - HandId: #3251765824800686130-38-1710794006 - Holdem no limit (40/175/350) - 2024/03/18 20:33:26 UTC
Table: 'WESTERN(757110730)#049' 6-max (real money) Seat #1 is the button
Seat 1: PrtctYurNuts (21405, 0.45€ bounty)
Seat 2: Flantasque (23167, 0.45€ bounty)
Seat 3: _Dumbledore_ (16975, 0.45€ bounty)
Seat 4: P1xel7 (23013, 0.45€ bounty)
Seat 5: livthe34 (19863, 0.45€ bounty)
Seat 6: m0ry13 (19774, 0.45€ bounty)
*** ANTE/BLINDS ***
Flantasque posts ante 40
_Dumbledore_ posts ante 40
PrtctYurNuts posts ante 40
P1xel7 posts ante 40
livthe34 posts ante 40
m0ry13 posts ante 40
Flantasque posts small blind 175
_Dumbledore_ posts big blind 350
Dealt to P1xel7 [Qh 5c]
*** PRE-FLOP *** 
P1xel7 folds
livthe34 folds
m0ry13 calls 350
PrtctYurNuts folds
Flantasque calls 175
_Dumbledore_ checks
*** FLOP *** [8s 2h As]
Flantasque checks
_Dumbledore_ checks
m0ry13 checks
*** TURN *** [8s 2h As][Ah]
Flantasque checks
_Dumbledore_ bets 452
m0ry13 folds
Flantasque folds
_Dumbledore_ collected 1742 from pot
*** SUMMARY ***
Total pot 1742 | No rake
Board: [8s 2h As Ah]
Seat 3: _Dumbledore_ (big blind) won 1742


Winamax Poker - Tournament "WESTERN" buyIn: 0.90€ + 0.10€ level: 4 - HandId: #3251765824800686130-39-1710794068 - Holdem no limit (40/175/350) - 2024/03/18 20:34:28 UTC
Table: 'WESTERN(757110730)#049' 6-max (real money) Seat #2 is the button
Seat 1: PrtctYurNuts (21365, 0.45€ bounty)
Seat 2: Flantasque (22777, 0.45€ bounty)
Seat 3: _Dumbledore_ (17875, 0.45€ bounty)
Seat 4: P1xel7 (22973, 0.45€ bounty)
Seat 5: livthe34 (19823, 0.45€ bounty)
Seat 6: m0ry13 (19384, 0.45€ bounty)
*** ANTE/BLINDS ***
_Dumbledore_ posts ante 40
P1xel7 posts ante 40
PrtctYurNuts posts ante 40
Flantasque posts ante 40
livthe34 posts ante 40
m0ry13 posts ante 40
_Dumbledore_ posts small blind 175
P1xel7 posts big blind 350
Dealt to P1xel7 [3d 3h]
*** PRE-FLOP *** 
livthe34 folds
m0ry13 raises 350 to 700
PrtctYurNuts folds
Flantasque folds
_Dumbledore_ folds
P1xel7 calls 350
*** FLOP *** [Kh 5h 9d]
P1xel7 checks
m0ry13 bets 1180
P1xel7 folds
m0ry13 collected 2995 from pot
*** SUMMARY ***
Total pot 2995 | No rake
Board: [Kh 5h 9d]
Seat 6: m0ry13 won 2995


Winamax Poker - Tournament "WESTERN" buyIn: 0.90€ + 0.10€ level: 4 - HandId: #3251765824800686130-40-1710794114 - Holdem no limit (40/175/350) - 2024/03/18 20:35:14 UTC
Table: 'WESTERN(757110730)#049' 6-max (real money) Seat #3 is the button
Seat 1: PrtctYurNuts (21325, 0.45€ bounty)
Seat 2: Flantasque (22737, 0.45€ bounty)
Seat 3: _Dumbledore_ (17660, 0.45€ bounty)
Seat 4: P1xel7 (22233, 0.45€ bounty)
Seat 5: livthe34 (19783, 0.45€ bounty)
Seat 6: m0ry13 (20459, 0.45€ bounty)
*** ANTE/BLINDS ***
P1xel7 posts ante 40
livthe34 posts ante 40
PrtctYurNuts posts ante 40
Flantasque posts ante 40
_Dumbledore_ posts ante 40
m0ry13 posts ante 40
P1xel7 posts small blind 175
livthe34 posts big blind 350
Dealt to P1xel7 [8c 8h]
*** PRE-FLOP *** 
m0ry13 raises 525 to 875
PrtctYurNuts folds
Flantasque folds
_Dumbledore_ folds
P1xel7 raises 1750 to 2625
livthe34 folds
m0ry13 calls 1750
*** FLOP *** [7s 3d Ks]
P1xel7 bets 2044
m0ry13 folds
P1xel7 collected 7884 from pot
*** SUMMARY ***
Total pot 7884 | No rake
Board: [7s 3d Ks]
Seat 4: P1xel7 (small blind) won 7884


Winamax Poker - Tournament "WESTERN" buyIn: 0.90€ + 0.10€ level: 4 - HandId: #3251765824800686130-41-1710794159 - Holdem no limit (40/175/350) - 2024/03/18 20:35:59 UTC
Table: 'WESTERN(757110730)#049' 6-max (real money) Seat #4 is the button
Seat 1: PrtctYurNuts (21285, 0.45€ bounty)
Seat 2: Flantasque (22697, 0.45€ bounty)
Seat 3: _Dumbledore_ (17620, 0.45€ bounty)
Seat 4: P1xel7 (25408, 0.45€ bounty)
Seat 5: livthe34 (19393, 0.45€ bounty)
Seat 6: m0ry13 (17794, 0.45€ bounty)
*** ANTE/BLINDS ***
livthe34 posts ante 40
m0ry13 posts ante 40
PrtctYurNuts posts ante 40
Flantasque posts ante 40
_Dumbledore_ posts ante 40
P1xel7 posts ante 40
livthe34 posts small blind 175
m0ry13 posts big blind 350
Dealt to P1xel7 [5h 3h]
*** PRE-FLOP *** 
PrtctYurNuts folds
Flantasque folds
_Dumbledore_ raises 525 to 875
P1xel7 folds
livthe34 raises 1094 to 1969
m0ry13 calls 1619
_Dumbledore_ calls 1094
*** FLOP *** [3c 7h 4h]
livthe34 bets 3074
m0ry13 folds
_Dumbledore_ calls 3074
*** TURN *** [3c 7h 4h][4c]
livthe34 bets 4303
_Dumbledore_ calls 4303
*** RIVER *** [3c 7h 4h 4c][As]
livthe34 bets 10007 and is all-in
_Dumbledore_ folds
livthe34 collected 30908 from pot
*** SUMMARY ***
Total pot 30908 | No rake
Board: [3c 7h 4h 4c As]
Seat 5: livthe34 (small blind) won 30908


Winamax Poker - Tournament "WESTERN" buyIn: 0.90€ + 0.10€ level: 4 - HandId: #3251765824800686130-42-1710794316 - Holdem no limit (40/175/350) - 2024/03/18 20:38:36 UTC
Table: 'WESTERN(757110730)#049' 6-max (real money) Seat #5 is the button
Seat 1: PrtctYurNuts (21245, 0.45€ bounty)
Seat 2: Flantasque (22657, 0.45€ bounty)
Seat 3: _Dumbledore_ (8234, 0.45€ bounty)
Seat 4: P1xel7 (25368, 0.45€ bounty)
Seat 5: livthe34 (30908, 0.45€ bounty)
Seat 6: m0ry13 (15785, 0.45€ bounty)
*** ANTE/BLINDS ***
m0ry13 posts ante 40
PrtctYurNuts posts ante 40
Flantasque posts ante 40
_Dumbledore_ posts ante 40
P1xel7 posts ante 40
livthe34 posts ante 40
m0ry13 posts small blind 175
PrtctYurNuts posts big blind 350
Dealt to P1xel7 [9s Qs]
*** PRE-FLOP *** 
Flantasque folds
_Dumbledore_ folds
P1xel7 folds
livthe34 folds
m0ry13 calls 175
PrtctYurNuts checks
*** FLOP *** [Td 3h 7c]
m0ry13 checks
PrtctYurNuts checks
*** TURN *** [Td 3h 7c][As]
m0ry13 checks
PrtctYurNuts checks
*** RIVER *** [Td 3h 7c As][4s]
m0ry13 checks
PrtctYurNuts checks
*** SHOW DOWN ***
PrtctYurNuts shows [4h 2s] (One pair : 4)
m0ry13 shows [Qc 7d] (One pair : 7)
m0ry13 collected 940 from pot
*** SUMMARY ***
Total pot 940 | No rake
Board: [Td 3h 7c As 4s]
Seat 1: PrtctYurNuts (big blind) showed [4h 2s] and lost with One pair : 4
Seat 6: m0ry13 (small blind) showed [Qc 7d] and won 940 with One pair : 7


Winamax Poker - Tournament "WESTERN" buyIn: 0.90€ + 0.10€ level: 5 - HandId: #3251765824800686130-43-1710794392 - Holdem no limit (50/200/400) - 2024/03/18 20:39:52 UTC
Table: 'WESTERN(757110730)#049' 6-max (real money) Seat #6 is the button
Seat 1: PrtctYurNuts (20855, 0.45€ bounty)
Seat 2: Flantasque (22617, 0.45€ bounty)
Seat 3: _Dumbledore_ (8194, 0.45€ bounty)
Seat 4: P1xel7 (25328, 0.45€ bounty)
Seat 5: livthe34 (30868, 0.45€ bounty)
Seat 6: m0ry13 (16335, 0.45€ bounty)
*** ANTE/BLINDS ***
PrtctYurNuts posts ante 50
Flantasque posts ante 50
_Dumbledore_ posts ante 50
P1xel7 posts ante 50
livthe34 posts ante 50
m0ry13 posts ante 50
PrtctYurNuts posts small blind 200
Flantasque posts big blind 400
Dealt to P1xel7 [9s 4h]
*** PRE-FLOP *** 
_Dumbledore_ folds
P1xel7 folds
livthe34 folds
m0ry13 calls 400
PrtctYurNuts raises 1000 to 1400
Flantasque calls 1000
m0ry13 calls 1000
*** FLOP *** [2c Tc Qc]
PrtctYurNuts checks
Flantasque checks
m0ry13 bets 1575
PrtctYurNuts folds
Flantasque raises 1654 to 3229
m0ry13 calls 1654
*** TURN *** [2c Tc Qc][Td]
Flantasque bets 17938 and is all-in
m0ry13 calls 11656 and is all-in
*** RIVER *** [2c Tc Qc Td][Js]
*** SHOW DOWN ***
Flantasque shows [8s Qd] (Two pairs : Queens and Tens)
m0ry13 shows [Qs 9h] (Two pairs : Queens and Tens)
m0ry13 collected 17135 from main pot
Flantasque collected 23417 from side pot 1
*** SUMMARY ***
Total pot 40552 | No rake
Board: [2c Tc Qc Td Js]
Seat 2: Flantasque (big blind) showed [8s Qd] and won 23417 with Two pairs : Queens and Tens
Seat 6: m0ry13 (button) showed [Qs 9h] and won 17135 with Two pairs : Queens and Tens


Winamax Poker - Tournament "WESTERN" buyIn: 0.90€ + 0.10€ level: 5 - HandId: #3251765824800686130-44-1710794467 - Holdem no limit (50/200/400) - 2024/03/18 20:41:07 UTC
Table: 'WESTERN(757110730)#049' 6-max (real money) Seat #1 is the button
Seat 1: PrtctYurNuts (19405, 0.45€ bounty)
Seat 2: Flantasque (23417, 0.45€ bounty)
Seat 3: _Dumbledore_ (8144, 0.45€ bounty)
Seat 4: P1xel7 (25278, 0.45€ bounty)
Seat 5: livthe34 (30818, 0.45€ bounty)
Seat 6: m0ry13 (17135, 0.45€ bounty)
*** ANTE/BLINDS ***
Flantasque posts ante 50
_Dumbledore_ posts ante 50
PrtctYurNuts posts ante 50
P1xel7 posts ante 50
livthe34 posts ante 50
m0ry13 posts ante 50
Flantasque posts small blind 200
_Dumbledore_ posts big blind 400
Dealt to P1xel7 [3s As]
*** PRE-FLOP *** 
P1xel7 folds
livthe34 folds
m0ry13 folds
PrtctYurNuts raises 440 to 840
Flantasque folds
_Dumbledore_ folds
PrtctYurNuts collected 1740 from pot
*** SUMMARY ***
Total pot 1740 | No rake
Seat 1: PrtctYurNuts (button) won 1740


Winamax Poker - Tournament "WESTERN" buyIn: 0.90€ + 0.10€ level: 5 - HandId: #3251765824800686130-45-1710794502 - Holdem no limit (50/200/400) - 2024/03/18 20:41:42 UTC
Table: 'WESTERN(757110730)#049' 6-max (real money) Seat #2 is the button
Seat 1: PrtctYurNuts (20255, 0.45€ bounty)
Seat 2: Flantasque (23167, 0.45€ bounty)
Seat 3: _Dumbledore_ (7694, 0.45€ bounty)
Seat 4: P1xel7 (25228, 0.45€ bounty)
Seat 5: livthe34 (30768, 0.45€ bounty)
Seat 6: m0ry13 (17085, 0.45€ bounty)
*** ANTE/BLINDS ***
_Dumbledore_ posts ante 50
P1xel7 posts ante 50
PrtctYurNuts posts ante 50
Flantasque posts ante 50
livthe34 posts ante 50
m0ry13 posts ante 50
_Dumbledore_ posts small blind 200
P1xel7 posts big blind 400
Dealt to P1xel7 [5d 5s]
*** PRE-FLOP *** 
livthe34 raises 400 to 800
m0ry13 folds
PrtctYurNuts folds
Flantasque raises 2500 to 3300
_Dumbledore_ folds
P1xel7 folds
livthe34 folds
Flantasque collected 5000 from pot
*** SUMMARY ***
Total pot 5000 | No rake
Seat 2: Flantasque (button) won 5000


Winamax Poker - Tournament "WESTERN" buyIn: 0.90€ + 0.10€ level: 5 - HandId: #3251765824800686130-46-1710794531 - Holdem no limit (50/200/400) - 2024/03/18 20:42:11 UTC
Table: 'WESTERN(757110730)#049' 6-max (real money) Seat #3 is the button
Seat 1: PrtctYurNuts (20205, 0.45€ bounty)
Seat 2: Flantasque (24817, 0.45€ bounty)
Seat 3: _Dumbledore_ (7444, 0.45€ bounty)
Seat 4: P1xel7 (24778, 0.45€ bounty)
Seat 5: livthe34 (29918, 0.45€ bounty)
Seat 6: m0ry13 (17035, 0.45€ bounty)
*** ANTE/BLINDS ***
P1xel7 posts ante 50
livthe34 posts ante 50
PrtctYurNuts posts ante 50
Flantasque posts ante 50
_Dumbledore_ posts ante 50
m0ry13 posts ante 50
P1xel7 posts small blind 200
livthe34 posts big blind 400
Dealt to P1xel7 [3s 4d]
*** PRE-FLOP *** 
m0ry13 raises 800 to 1200
PrtctYurNuts folds
Flantasque folds
_Dumbledore_ calls 1200
P1xel7 folds
livthe34 calls 800
*** FLOP *** [5s Ts Qh]
livthe34 checks
m0ry13 bets 1435
_Dumbledore_ calls 1435
livthe34 calls 1435
*** TURN *** [5s Ts Qh][8c]
livthe34 checks
m0ry13 bets 2942
_Dumbledore_ calls 2942
livthe34 folds
*** RIVER *** [5s Ts Qh 8c][Tc]
m0ry13 bets 1200
_Dumbledore_ raises 617 to 1817 and is all-in
m0ry13 calls 617
*** SHOW DOWN ***
m0ry13 shows [Js As] (One pair : Tens)
_Dumbledore_ shows [Qs Kc] (Two pairs : Queens and Tens)
_Dumbledore_ collected 17923 from pot
*** SUMMARY ***
Total pot 17923 | No rake
Board: [5s Ts Qh 8c Tc]
Seat 3: _Dumbledore_ (button) showed [Qs Kc] and won 17923 with Two pairs : Queens and Tens
Seat 6: m0ry13 showed [Js As] and lost with One pair : Tens


Winamax Poker - Tournament "WESTERN" buyIn: 0.90€ + 0.10€ level: 5 - HandId: #3251765824800686130-47-1710794615 - Holdem no limit (50/200/400) - 2024/03/18 20:43:35 UTC
Table: 'WESTERN(757110730)#049' 6-max (real money) Seat #4 is the button
Seat 1: PrtctYurNuts (20155, 0.45€ bounty)
Seat 2: Flantasque (24767, 0.45€ bounty)
Seat 3: _Dumbledore_ (17923, 0.45€ bounty)
Seat 4: P1xel7 (24528, 0.45€ bounty)
Seat 5: livthe34 (27233, 0.45€ bounty)
Seat 6: m0ry13 (9591, 0.45€ bounty)
*** ANTE/BLINDS ***
livthe34 posts ante 50
m0ry13 posts ante 50
PrtctYurNuts posts ante 50
Flantasque posts ante 50
_Dumbledore_ posts ante 50
P1xel7 posts ante 50
livthe34 posts small blind 200
m0ry13 posts big blind 400
Dealt to P1xel7 [3d Ah]
*** PRE-FLOP *** 
PrtctYurNuts folds
Flantasque folds
_Dumbledore_ folds
P1xel7 folds
livthe34 calls 200
m0ry13 checks
*** FLOP *** [5c 5d Td]
livthe34 bets 550
m0ry13 folds
livthe34 collected 1650 from pot
*** SUMMARY ***
Total pot 1650 | No rake
Board: [5c 5d Td]
Seat 5: livthe34 (small blind) won 1650


Winamax Poker - Tournament "WESTERN" buyIn: 0.90€ + 0.10€ level: 5 - HandId: #3251765824800686130-48-1710794660 - Holdem no limit (50/200/400) - 2024/03/18 20:44:20 UTC
Table: 'WESTERN(757110730)#049' 6-max (real money) Seat #5 is the button
Seat 1: PrtctYurNuts (20105, 0.45€ bounty)
Seat 2: Flantasque (24717, 0.45€ bounty)
Seat 3: _Dumbledore_ (17873, 0.45€ bounty)
Seat 4: P1xel7 (24478, 0.45€ bounty)
Seat 5: livthe34 (27883, 0.45€ bounty)
Seat 6: m0ry13 (9141, 0.45€ bounty)
*** ANTE/BLINDS ***
m0ry13 posts ante 50
PrtctYurNuts posts ante 50
Flantasque posts ante 50
_Dumbledore_ posts ante 50
P1xel7 posts ante 50
livthe34 posts ante 50
m0ry13 posts small blind 200
PrtctYurNuts posts big blind 400
Dealt to P1xel7 [5h Ks]
*** PRE-FLOP *** 
Flantasque folds
_Dumbledore_ folds
P1xel7 folds
livthe34 folds
m0ry13 calls 200
PrtctYurNuts checks
*** FLOP *** [Ad 2s 4d]
m0ry13 checks
PrtctYurNuts checks
*** TURN *** [Ad 2s 4d][Qh]
m0ry13 checks
PrtctYurNuts checks
*** RIVER *** [Ad 2s 4d Qh][7d]
m0ry13 checks
PrtctYurNuts checks
*** SHOW DOWN ***
m0ry13 shows [3s 8s] (High card : Ace)
PrtctYurNuts shows [Jd 3c] (High card : Ace)
PrtctYurNuts collected 1100 from pot
*** SUMMARY ***
Total pot 1100 | No rake
Board: [Ad 2s 4d Qh 7d]
Seat 1: PrtctYurNuts (big blind) showed [Jd 3c] and won 1100 with High card : Ace
Seat 6: m0ry13 (small blind) showed [3s 8s] and lost with High card : Ace


Winamax Poker - Tournament "WESTERN" buyIn: 0.90€ + 0.10€ level: 5 - HandId: #3251765824800686130-49-1710794699 - Holdem no limit (50/200/400) - 2024/03/18 20:44:59 UTC
Table: 'WESTERN(757110730)#049' 6-max (real money) Seat #6 is the button
Seat 1: PrtctYurNuts (20755, 0.45€ bounty)
Seat 2: Flantasque (24667, 0.45€ bounty)
Seat 3: _Dumbledore_ (17823, 0.45€ bounty)
Seat 4: P1xel7 (24428, 0.45€ bounty)
Seat 5: livthe34 (27833, 0.45€ bounty)
Seat 6: m0ry13 (8691, 0.45€ bounty)
*** ANTE/BLINDS ***
PrtctYurNuts posts ante 50
Flantasque posts ante 50
_Dumbledore_ posts ante 50
P1xel7 posts ante 50
livthe34 posts ante 50
m0ry13 posts ante 50
PrtctYurNuts posts small blind 200
Flantasque posts big blind 400
Dealt to P1xel7 [Qc Ks]
*** PRE-FLOP *** 
_Dumbledore_ folds
P1xel7 raises 600 to 1000
livthe34 calls 1000
m0ry13 calls 1000
PrtctYurNuts calls 800
Flantasque folds
*** FLOP *** [3c Jd 6h]
PrtctYurNuts checks
P1xel7 bets 1645
livthe34 calls 1645
m0ry13 calls 1645
PrtctYurNuts folds
*** TURN *** [3c Jd 6h][Qd]
P1xel7 bets 6263
livthe34 calls 6263
m0ry13 calls 5996 and is all-in
*** RIVER *** [3c Jd 6h Qd][5c]
P1xel7 bets 15470 and is all-in
livthe34 calls 15470
*** SHOW DOWN ***
P1xel7 shows [Qc Ks] (One pair : Queens)
m0ry13 shows [Jh 9h] (One pair : Jacks)
livthe34 shows [Ac Qh] (One pair : Queens)
livthe34 collected 59097 from pot
*** SUMMARY ***
Total pot 59097 | No rake
Board: [3c Jd 6h Qd 5c]
Seat 4: P1xel7 showed [Qc Ks] and lost with One pair : Queens
Seat 5: livthe34 showed [Ac Qh] and won 59097 with One pair : Queens
Seat 6: m0ry13 (button) showed [Jh 9h] and lost with One pair : Jacks


