Winamax Poker - Tournament "Monster Stack" buyIn: 0.45€ + 0.05€ level: 7 - HandId: #3236540462089109514-23-1710010394 - Holdem no limit (120/500/1000) - 2024/03/09 18:53:14 UTC
Table: 'Monster Stack(753565799)#0009' 6-max (real money) Seat #5 is the button
Seat 1: P1xel7 (100000)
Seat 2: JeGagne. (85860)
Seat 3: Tino-10 wnm (96190)
Seat 4: KollB (120684)
Seat 5: Dr.DoNuts (99900)
Seat 6: jpgoal33 (205656)
*** ANTE/BLINDS ***
jpgoal33 posts ante 120
P1xel7 posts ante 120
JeGagne. posts ante 120
Tino-10 wnm posts ante 120
KollB posts ante 120
Dr.DoNuts posts ante 120
jpgoal33 posts small blind 500
P1xel7 posts big blind 1000
Dealt to P1xel7 [Kc Jh]
*** PRE-FLOP *** 
JeGagne. folds
Tino-10 wnm folds
KollB folds
Dr.DoNuts folds
jpgoal33 calls 500
P1xel7 raises 2500 to 3500
jpgoal33 calls 2500
*** FLOP *** [9c Th 3d]
jpgoal33 bets 5018
P1xel7 calls 5018
*** TURN *** [9c Th 3d][6s]
jpgoal33 bets 11541
P1xel7 folds
jpgoal33 collected 29297 from pot
*** SUMMARY ***
Total pot 29297 | No rake
Board: [9c Th 3d 6s]
Seat 6: jpgoal33 (small blind) won 29297


Winamax Poker - Tournament "Monster Stack" buyIn: 0.45€ + 0.05€ level: 7 - HandId: #3236540462089109514-24-1710010437 - Holdem no limit (120/500/1000) - 2024/03/09 18:53:57 UTC
Table: 'Monster Stack(753565799)#0009' 6-max (real money) Seat #6 is the button
Seat 1: P1xel7 (91362)
Seat 2: JeGagne. (85740)
Seat 3: Tino-10 wnm (96070)
Seat 4: KollB (120564)
Seat 5: Dr.DoNuts (99780)
Seat 6: jpgoal33 (214774)
*** ANTE/BLINDS ***
P1xel7 posts ante 120
JeGagne. posts ante 120
Tino-10 wnm posts ante 120
KollB posts ante 120
Dr.DoNuts posts ante 120
jpgoal33 posts ante 120
P1xel7 posts small blind 500
JeGagne. posts big blind 1000
Dealt to P1xel7 [Ts 9h]
*** PRE-FLOP *** 
Tino-10 wnm folds
KollB folds
Dr.DoNuts raises 1250 to 2250
jpgoal33 folds
P1xel7 folds
JeGagne. folds
Dr.DoNuts collected 4470 from pot
*** SUMMARY ***
Total pot 4470 | No rake
Seat 5: Dr.DoNuts won 4470


Winamax Poker - Tournament "Monster Stack" buyIn: 0.45€ + 0.05€ level: 7 - HandId: #3236540462089109514-25-1710010484 - Holdem no limit (120/500/1000) - 2024/03/09 18:54:44 UTC
Table: 'Monster Stack(753565799)#0009' 6-max (real money) Seat #1 is the button
Seat 1: P1xel7 (90742)
Seat 2: JeGagne. (84620)
Seat 3: Tino-10 wnm (95950)
Seat 5: Dr.DoNuts (101880)
Seat 6: jpgoal33 (214654)
*** ANTE/BLINDS ***
JeGagne. posts ante 120
Tino-10 wnm posts ante 120
P1xel7 posts ante 120
Dr.DoNuts posts ante 120
jpgoal33 posts ante 120
JeGagne. posts small blind 500
Tino-10 wnm posts big blind 1000
Dealt to P1xel7 [6d Tc]
*** PRE-FLOP *** 
Dr.DoNuts folds
jpgoal33 folds
P1xel7 folds
JeGagne. calls 500
Tino-10 wnm checks
*** FLOP *** [Ac 3c 7d]
JeGagne. bets 1000
Tino-10 wnm calls 1000
*** TURN *** [Ac 3c 7d][6h]
JeGagne. checks
Tino-10 wnm checks
*** RIVER *** [Ac 3c 7d 6h][Qc]
JeGagne. checks
Tino-10 wnm bets 2990
JeGagne. folds
Tino-10 wnm collected 7590 from pot
*** SUMMARY ***
Total pot 7590 | No rake
Board: [Ac 3c 7d 6h Qc]
Seat 3: Tino-10 wnm (big blind) won 7590


Winamax Poker - Tournament "Monster Stack" buyIn: 0.45€ + 0.05€ level: 1 - HandId: #3236540462089109514-28-1710010980 - Holdem no limit (120/500/1000) - 2024/03/09 19:03:00 UTC
Table: 'Monster Stack(753565799)#0009' 6-max (real money) Seat #4 is the button
Seat 1: P1xel7 (90382)
Seat 2: JeGagne. (84480)
Seat 3: Tino-10 wnm (97690)
Seat 4: RY Ghost7148 (98260)
Seat 5: Dr.DoNuts (100520)
Seat 6: jpgoal33 (216514)
*** ANTE/BLINDS ***
Dr.DoNuts posts ante 120
jpgoal33 posts ante 120
P1xel7 posts ante 120
JeGagne. posts ante 120
Tino-10 wnm posts ante 120
RY Ghost7148 posts ante 120
Dr.DoNuts posts small blind 500
jpgoal33 posts big blind 1000
Dealt to P1xel7 [5c 6c]
*** PRE-FLOP *** 
P1xel7 folds
JeGagne. raises 1500 to 2500
Tino-10 wnm calls 2500
RY Ghost7148 folds
Dr.DoNuts folds
jpgoal33 calls 1500
*** FLOP *** [4d 2h Kd]
jpgoal33 checks
JeGagne. checks
Tino-10 wnm checks
*** TURN *** [4d 2h Kd][Qs]
jpgoal33 checks
JeGagne. checks
Tino-10 wnm checks
*** RIVER *** [4d 2h Kd Qs][8d]
jpgoal33 checks
JeGagne. checks
Tino-10 wnm checks
*** SHOW DOWN ***
JeGagne. shows [Ac 9c] (High card : Ace)
Tino-10 wnm shows [As 7s] (High card : Ace)
jpgoal33 shows [7c 8s] (One pair : 8)
jpgoal33 collected 8720 from pot
*** SUMMARY ***
Total pot 8720 | No rake
Board: [4d 2h Kd Qs 8d]
Seat 2: JeGagne. showed [Ac 9c] and lost with High card : Ace
Seat 3: Tino-10 wnm showed [As 7s] and lost with High card : Ace
Seat 6: jpgoal33 (big blind) showed [7c 8s] and won 8720 with One pair : 8


Winamax Poker - Tournament "Monster Stack" buyIn: 0.45€ + 0.05€ level: 1 - HandId: #3236540462089109514-29-1710011042 - Holdem no limit (120/500/1000) - 2024/03/09 19:04:02 UTC
Table: 'Monster Stack(753565799)#0009' 6-max (real money) Seat #5 is the button
Seat 1: P1xel7 (90262)
Seat 2: JeGagne. (81860)
Seat 3: Tino-10 wnm (95070)
Seat 4: RY Ghost7148 (98140)
Seat 5: Dr.DoNuts (99900)
Seat 6: jpgoal33 (222614)
*** ANTE/BLINDS ***
jpgoal33 posts ante 120
P1xel7 posts ante 120
JeGagne. posts ante 120
Tino-10 wnm posts ante 120
RY Ghost7148 posts ante 120
Dr.DoNuts posts ante 120
jpgoal33 posts small blind 500
P1xel7 posts big blind 1000
Dealt to P1xel7 [3h 2d]
*** PRE-FLOP *** 
JeGagne. raises 1500 to 2500
Tino-10 wnm folds
RY Ghost7148 folds
Dr.DoNuts folds
jpgoal33 folds
P1xel7 calls 1500
*** FLOP *** [Qs Qh Jh]
P1xel7 checks
JeGagne. bets 1555
P1xel7 folds
JeGagne. collected 7775 from pot
*** SUMMARY ***
Total pot 7775 | No rake
Board: [Qs Qh Jh]
Seat 2: JeGagne. won 7775


Winamax Poker - Tournament "Monster Stack" buyIn: 0.45€ + 0.05€ level: 1 - HandId: #3236540462089109514-30-1710011084 - Holdem no limit (120/500/1000) - 2024/03/09 19:04:44 UTC
Table: 'Monster Stack(753565799)#0009' 6-max (real money) Seat #6 is the button
Seat 1: P1xel7 (87642)
Seat 2: JeGagne. (85460)
Seat 3: Tino-10 wnm (94950)
Seat 4: RY Ghost7148 (98020)
Seat 5: Dr.DoNuts (99780)
Seat 6: jpgoal33 (221994)
*** ANTE/BLINDS ***
P1xel7 posts ante 120
JeGagne. posts ante 120
Tino-10 wnm posts ante 120
RY Ghost7148 posts ante 120
Dr.DoNuts posts ante 120
jpgoal33 posts ante 120
P1xel7 posts small blind 500
JeGagne. posts big blind 1000
Dealt to P1xel7 [6h Ad]
*** PRE-FLOP *** 
Tino-10 wnm folds
RY Ghost7148 raises 1500 to 2500
Dr.DoNuts raises 6250 to 8750
jpgoal33 folds
P1xel7 folds
JeGagne. folds
RY Ghost7148 calls 6250
*** FLOP *** [Tc Jd 9d]
RY Ghost7148 checks
Dr.DoNuts bets 9860
RY Ghost7148 calls 9860
*** TURN *** [Tc Jd 9d][Ts]
RY Ghost7148 checks
Dr.DoNuts checks
*** RIVER *** [Tc Jd 9d Ts][8c]
RY Ghost7148 bets 13804
Dr.DoNuts raises 67246 to 81050 and is all-in
RY Ghost7148 folds
Dr.DoNuts collected 134294 from pot
*** SUMMARY ***
Total pot 134294 | No rake
Board: [Tc Jd 9d Ts 8c]
Seat 5: Dr.DoNuts won 134294


Winamax Poker - Tournament "Monster Stack" buyIn: 0.45€ + 0.05€ level: 1 - HandId: #3236540462089109514-31-1710011158 - Holdem no limit (120/500/1000) - 2024/03/09 19:05:58 UTC
Table: 'Monster Stack(753565799)#0009' 6-max (real money) Seat #1 is the button
Seat 1: P1xel7 (87022)
Seat 2: JeGagne. (84340)
Seat 3: Tino-10 wnm (94830)
Seat 4: RY Ghost7148 (65486)
Seat 5: Dr.DoNuts (134294)
Seat 6: jpgoal33 (221874)
*** ANTE/BLINDS ***
JeGagne. posts ante 120
Tino-10 wnm posts ante 120
P1xel7 posts ante 120
RY Ghost7148 posts ante 120
Dr.DoNuts posts ante 120
jpgoal33 posts ante 120
JeGagne. posts small blind 500
Tino-10 wnm posts big blind 1000
Dealt to P1xel7 [8h 7h]
*** PRE-FLOP *** 
RY Ghost7148 raises 1500 to 2500
Dr.DoNuts calls 2500
jpgoal33 folds
P1xel7 folds
JeGagne. folds
Tino-10 wnm calls 1500
*** FLOP *** [Qc Td Ah]
Tino-10 wnm checks
RY Ghost7148 checks
Dr.DoNuts bets 3052
Tino-10 wnm calls 3052
RY Ghost7148 calls 3052
*** TURN *** [Qc Td Ah][6s]
Tino-10 wnm checks
RY Ghost7148 checks
Dr.DoNuts checks
*** RIVER *** [Qc Td Ah 6s][Qh]
Tino-10 wnm checks
RY Ghost7148 checks
Dr.DoNuts checks
*** SHOW DOWN ***
Tino-10 wnm shows [7c Kc] (One pair : Queens)
RY Ghost7148 shows [Kd 9d] (One pair : Queens)
Dr.DoNuts shows [Jh Jd] (Two pairs : Queens and Jacks)
Dr.DoNuts collected 17876 from pot
*** SUMMARY ***
Total pot 17876 | No rake
Board: [Qc Td Ah 6s Qh]
Seat 3: Tino-10 wnm (big blind) showed [7c Kc] and lost with One pair : Queens
Seat 4: RY Ghost7148 showed [Kd 9d] and lost with One pair : Queens
Seat 5: Dr.DoNuts showed [Jh Jd] and won 17876 with Two pairs : Queens and Jacks


Winamax Poker - Tournament "Monster Stack" buyIn: 0.45€ + 0.05€ level: 1 - HandId: #3236540462089109514-32-1710011226 - Holdem no limit (120/500/1000) - 2024/03/09 19:07:06 UTC
Table: 'Monster Stack(753565799)#0009' 6-max (real money) Seat #2 is the button
Seat 1: P1xel7 (86902)
Seat 2: JeGagne. (83720)
Seat 3: Tino-10 wnm (89158)
Seat 4: RY Ghost7148 (59814)
Seat 5: Dr.DoNuts (146498)
Seat 6: jpgoal33 (221754)
*** ANTE/BLINDS ***
Tino-10 wnm posts ante 120
RY Ghost7148 posts ante 120
P1xel7 posts ante 120
JeGagne. posts ante 120
Dr.DoNuts posts ante 120
jpgoal33 posts ante 120
Tino-10 wnm posts small blind 500
RY Ghost7148 posts big blind 1000
Dealt to P1xel7 [9h Kc]
*** PRE-FLOP *** 
Dr.DoNuts folds
jpgoal33 folds
P1xel7 folds
JeGagne. raises 1500 to 2500
Tino-10 wnm folds
RY Ghost7148 calls 1500
*** FLOP *** [Jc 8s 5c]
RY Ghost7148 checks
JeGagne. checks
*** TURN *** [Jc 8s 5c][4s]
RY Ghost7148 bets 2177
JeGagne. calls 2177
*** RIVER *** [Jc 8s 5c 4s][6h]
RY Ghost7148 bets 3701
JeGagne. folds
RY Ghost7148 collected 14275 from pot
*** SUMMARY ***
Total pot 14275 | No rake
Board: [Jc 8s 5c 4s 6h]
Seat 4: RY Ghost7148 (big blind) won 14275


Winamax Poker - Tournament "Monster Stack" buyIn: 0.45€ + 0.05€ level: 1 - HandId: #3236540462089109514-33-1710011298 - Holdem no limit (120/500/1000) - 2024/03/09 19:08:18 UTC
Table: 'Monster Stack(753565799)#0009' 6-max (real money) Seat #3 is the button
Seat 1: P1xel7 (86782)
Seat 2: JeGagne. (78923)
Seat 3: Tino-10 wnm (88538)
Seat 4: RY Ghost7148 (65591)
Seat 5: Dr.DoNuts (146378)
Seat 6: jpgoal33 (221634)
*** ANTE/BLINDS ***
RY Ghost7148 posts ante 120
Dr.DoNuts posts ante 120
P1xel7 posts ante 120
JeGagne. posts ante 120
Tino-10 wnm posts ante 120
jpgoal33 posts ante 120
RY Ghost7148 posts small blind 500
Dr.DoNuts posts big blind 1000
Dealt to P1xel7 [2s Th]
*** PRE-FLOP *** 
jpgoal33 raises 1500 to 2500
P1xel7 folds
JeGagne. folds
Tino-10 wnm folds
RY Ghost7148 folds
Dr.DoNuts folds
jpgoal33 collected 4720 from pot
*** SUMMARY ***
Total pot 4720 | No rake
Seat 6: jpgoal33 won 4720


Winamax Poker - Tournament "Monster Stack" buyIn: 0.45€ + 0.05€ level: 1 - HandId: #3236540462089109514-34-1710011325 - Holdem no limit (120/500/1000) - 2024/03/09 19:08:45 UTC
Table: 'Monster Stack(753565799)#0009' 6-max (real money) Seat #4 is the button
Seat 1: P1xel7 (86662)
Seat 2: JeGagne. (78803)
Seat 3: Tino-10 wnm (88418)
Seat 4: RY Ghost7148 (64971)
Seat 5: Dr.DoNuts (145258)
Seat 6: jpgoal33 (223734)
*** ANTE/BLINDS ***
Dr.DoNuts posts ante 120
jpgoal33 posts ante 120
P1xel7 posts ante 120
JeGagne. posts ante 120
Tino-10 wnm posts ante 120
RY Ghost7148 posts ante 120
Dr.DoNuts posts small blind 500
jpgoal33 posts big blind 1000
Dealt to P1xel7 [Qd 7d]
*** PRE-FLOP *** 
P1xel7 folds
JeGagne. folds
Tino-10 wnm raises 1500 to 2500
RY Ghost7148 calls 2500
Dr.DoNuts folds
jpgoal33 folds
*** FLOP *** [6s 2s 8d]
Tino-10 wnm checks
RY Ghost7148 bets 2527
Tino-10 wnm calls 2527
*** TURN *** [6s 2s 8d][2h]
Tino-10 wnm checks
RY Ghost7148 bets 4296
Tino-10 wnm folds
RY Ghost7148 collected 16570 from pot
*** SUMMARY ***
Total pot 16570 | No rake
Board: [6s 2s 8d 2h]
Seat 4: RY Ghost7148 (button) won 16570


Winamax Poker - Tournament "Monster Stack" buyIn: 0.45€ + 0.05€ level: 1 - HandId: #3236540462089109514-35-1710011378 - Holdem no limit (120/500/1000) - 2024/03/09 19:09:38 UTC
Table: 'Monster Stack(753565799)#0009' 6-max (real money) Seat #5 is the button
Seat 1: P1xel7 (86542)
Seat 2: JeGagne. (78683)
Seat 3: Tino-10 wnm (83271)
Seat 4: RY Ghost7148 (72098)
Seat 5: Dr.DoNuts (144638)
Seat 6: jpgoal33 (222614)
*** ANTE/BLINDS ***
jpgoal33 posts ante 120
P1xel7 posts ante 120
JeGagne. posts ante 120
Tino-10 wnm posts ante 120
RY Ghost7148 posts ante 120
Dr.DoNuts posts ante 120
jpgoal33 posts small blind 500
P1xel7 posts big blind 1000
Dealt to P1xel7 [Td 5h]
*** PRE-FLOP *** 
JeGagne. folds
Tino-10 wnm folds
RY Ghost7148 folds
Dr.DoNuts raises 1250 to 2250
jpgoal33 folds
P1xel7 folds
Dr.DoNuts collected 4470 from pot
*** SUMMARY ***
Total pot 4470 | No rake
Seat 5: Dr.DoNuts (button) won 4470


Winamax Poker - Tournament "Monster Stack" buyIn: 0.45€ + 0.05€ level: 1 - HandId: #3236540462089109514-36-1710011422 - Holdem no limit (120/500/1000) - 2024/03/09 19:10:22 UTC
Table: 'Monster Stack(753565799)#0009' 6-max (real money) Seat #6 is the button
Seat 1: P1xel7 (85422)
Seat 2: JeGagne. (78563)
Seat 3: Tino-10 wnm (83151)
Seat 4: RY Ghost7148 (71978)
Seat 5: Dr.DoNuts (146738)
Seat 6: jpgoal33 (221994)
*** ANTE/BLINDS ***
P1xel7 posts ante 120
JeGagne. posts ante 120
Tino-10 wnm posts ante 120
RY Ghost7148 posts ante 120
Dr.DoNuts posts ante 120
jpgoal33 posts ante 120
P1xel7 posts small blind 500
JeGagne. posts big blind 1000
Dealt to P1xel7 [6d Ts]
*** PRE-FLOP *** 
Tino-10 wnm folds
RY Ghost7148 raises 1500 to 2500
Dr.DoNuts folds
jpgoal33 folds
P1xel7 folds
JeGagne. folds
RY Ghost7148 collected 4720 from pot
*** SUMMARY ***
Total pot 4720 | No rake
Seat 4: RY Ghost7148 won 4720


Winamax Poker - Tournament "Monster Stack" buyIn: 0.45€ + 0.05€ level: 1 - HandId: #3236540462089109514-37-1710011453 - Holdem no limit (120/500/1000) - 2024/03/09 19:10:53 UTC
Table: 'Monster Stack(753565799)#0009' 6-max (real money) Seat #1 is the button
Seat 1: P1xel7 (84802)
Seat 2: JeGagne. (77443)
Seat 3: Tino-10 wnm (83031)
Seat 4: RY Ghost7148 (74078)
Seat 5: Dr.DoNuts (146618)
Seat 6: jpgoal33 (221874)
*** ANTE/BLINDS ***
JeGagne. posts ante 120
Tino-10 wnm posts ante 120
P1xel7 posts ante 120
RY Ghost7148 posts ante 120
Dr.DoNuts posts ante 120
jpgoal33 posts ante 120
JeGagne. posts small blind 500
Tino-10 wnm posts big blind 1000
Dealt to P1xel7 [4c Ac]
*** PRE-FLOP *** 
RY Ghost7148 folds
Dr.DoNuts folds
jpgoal33 raises 1500 to 2500
P1xel7 calls 2500
JeGagne. folds
Tino-10 wnm calls 1500
*** FLOP *** [2h 7d Ah]
Tino-10 wnm checks
jpgoal33 bets 4360
P1xel7 calls 4360
Tino-10 wnm folds
*** TURN *** [2h 7d Ah][Qc]
jpgoal33 bets 8720
P1xel7 calls 8720
*** RIVER *** [2h 7d Ah Qc][9d]
jpgoal33 bets 22672
P1xel7 calls 22672
*** SHOW DOWN ***
P1xel7 shows [4c Ac] (One pair : Aces)
jpgoal33 shows [Td Ad] (One pair : Aces)
jpgoal33 collected 80224 from pot
*** SUMMARY ***
Total pot 80224 | No rake
Board: [2h 7d Ah Qc 9d]
Seat 1: P1xel7 (button) showed [4c Ac] and lost with One pair : Aces
Seat 6: jpgoal33 showed [Td Ad] and won 80224 with One pair : Aces


Winamax Poker - Tournament "Monster Stack" buyIn: 0.45€ + 0.05€ level: 1 - HandId: #3236540462089109514-38-1710011554 - Holdem no limit (120/500/1000) - 2024/03/09 19:12:34 UTC
Table: 'Monster Stack(753565799)#0009' 6-max (real money) Seat #2 is the button
Seat 1: P1xel7 (46430)
Seat 2: JeGagne. (76823)
Seat 3: Tino-10 wnm (80411)
Seat 4: RY Ghost7148 (73958)
Seat 5: Dr.DoNuts (146498)
Seat 6: jpgoal33 (263726)
*** ANTE/BLINDS ***
Tino-10 wnm posts ante 120
RY Ghost7148 posts ante 120
P1xel7 posts ante 120
JeGagne. posts ante 120
Dr.DoNuts posts ante 120
jpgoal33 posts ante 120
Tino-10 wnm posts small blind 500
RY Ghost7148 posts big blind 1000
Dealt to P1xel7 [8h Kh]
*** PRE-FLOP *** 
Dr.DoNuts folds
jpgoal33 raises 2000 to 3000
P1xel7 folds
JeGagne. calls 3000
Tino-10 wnm folds
RY Ghost7148 calls 2000
*** FLOP *** [5c 9h Qc]
RY Ghost7148 bets 3577
jpgoal33 raises 3577 to 7154
JeGagne. folds
RY Ghost7148 folds
jpgoal33 collected 20951 from pot
*** SUMMARY ***
Total pot 20951 | No rake
Board: [5c 9h Qc]
Seat 6: jpgoal33 won 20951


Winamax Poker - Tournament "Monster Stack" buyIn: 0.45€ + 0.05€ level: 1 - HandId: #3236540462089109514-39-1710011617 - Holdem no limit (120/500/1000) - 2024/03/09 19:13:37 UTC
Table: 'Monster Stack(753565799)#0009' 6-max (real money) Seat #3 is the button
Seat 1: P1xel7 (46310)
Seat 2: JeGagne. (73703)
Seat 3: Tino-10 wnm (79791)
Seat 4: RY Ghost7148 (67261)
Seat 5: Dr.DoNuts (146378)
Seat 6: jpgoal33 (274403)
*** ANTE/BLINDS ***
RY Ghost7148 posts ante 120
Dr.DoNuts posts ante 120
P1xel7 posts ante 120
JeGagne. posts ante 120
Tino-10 wnm posts ante 120
jpgoal33 posts ante 120
RY Ghost7148 posts small blind 500
Dr.DoNuts posts big blind 1000
Dealt to P1xel7 [Qs 6c]
*** PRE-FLOP *** 
jpgoal33 folds
P1xel7 folds
JeGagne. folds
Tino-10 wnm folds
RY Ghost7148 calls 500
Dr.DoNuts checks
*** FLOP *** [Tc 6d 4h]
RY Ghost7148 bets 1768
Dr.DoNuts folds
RY Ghost7148 collected 4488 from pot
*** SUMMARY ***
Total pot 4488 | No rake
Board: [Tc 6d 4h]
Seat 4: RY Ghost7148 (small blind) won 4488


Winamax Poker - Tournament "Monster Stack" buyIn: 0.45€ + 0.05€ level: 1 - HandId: #3236540462089109514-40-1710011656 - Holdem no limit (120/500/1000) - 2024/03/09 19:14:16 UTC
Table: 'Monster Stack(753565799)#0009' 6-max (real money) Seat #4 is the button
Seat 1: P1xel7 (46190)
Seat 2: JeGagne. (73583)
Seat 3: Tino-10 wnm (79671)
Seat 4: RY Ghost7148 (68861)
Seat 5: Dr.DoNuts (145258)
Seat 6: jpgoal33 (274283)
*** ANTE/BLINDS ***
Dr.DoNuts posts ante 120
jpgoal33 posts ante 120
P1xel7 posts ante 120
JeGagne. posts ante 120
Tino-10 wnm posts ante 120
RY Ghost7148 posts ante 120
Dr.DoNuts posts small blind 500
jpgoal33 posts big blind 1000
Dealt to P1xel7 [Qh 8c]
*** PRE-FLOP *** 
P1xel7 folds
JeGagne. folds
Tino-10 wnm folds
RY Ghost7148 folds
Dr.DoNuts folds
jpgoal33 collected 2220 from pot
*** SUMMARY ***
Total pot 2220 | No rake
Seat 6: jpgoal33 (big blind) won 2220


Winamax Poker - Tournament "Monster Stack" buyIn: 0.45€ + 0.05€ level: 1 - HandId: #3236540462089109514-41-1710011679 - Holdem no limit (120/500/1000) - 2024/03/09 19:14:39 UTC
Table: 'Monster Stack(753565799)#0009' 6-max (real money) Seat #5 is the button
Seat 1: P1xel7 (46070)
Seat 2: JeGagne. (73463)
Seat 3: Tino-10 wnm (79551)
Seat 4: RY Ghost7148 (68741)
Seat 5: Dr.DoNuts (144638)
Seat 6: jpgoal33 (275383)
*** ANTE/BLINDS ***
jpgoal33 posts ante 120
P1xel7 posts ante 120
JeGagne. posts ante 120
Tino-10 wnm posts ante 120
RY Ghost7148 posts ante 120
Dr.DoNuts posts ante 120
jpgoal33 posts small blind 500
P1xel7 posts big blind 1000
Dealt to P1xel7 [5s Js]
*** PRE-FLOP *** 
JeGagne. folds
Tino-10 wnm raises 1500 to 2500
RY Ghost7148 raises 3750 to 6250
Dr.DoNuts folds
jpgoal33 folds
P1xel7 folds
Tino-10 wnm folds
RY Ghost7148 collected 10970 from pot
*** SUMMARY ***
Total pot 10970 | No rake
Seat 4: RY Ghost7148 won 10970


Winamax Poker - Tournament "Monster Stack" buyIn: 0.45€ + 0.05€ level: 1 - HandId: #3236540462089109514-42-1710011715 - Holdem no limit (120/500/1000) - 2024/03/09 19:15:15 UTC
Table: 'Monster Stack(753565799)#0009' 6-max (real money) Seat #6 is the button
Seat 1: P1xel7 (44950)
Seat 2: JeGagne. (73343)
Seat 3: Tino-10 wnm (76931)
Seat 4: RY Ghost7148 (73341)
Seat 5: Dr.DoNuts (144518)
Seat 6: jpgoal33 (274763)
*** ANTE/BLINDS ***
P1xel7 posts ante 120
JeGagne. posts ante 120
Tino-10 wnm posts ante 120
RY Ghost7148 posts ante 120
Dr.DoNuts posts ante 120
jpgoal33 posts ante 120
P1xel7 posts small blind 500
JeGagne. posts big blind 1000
Dealt to P1xel7 [8h 2s]
*** PRE-FLOP *** 
Tino-10 wnm raises 1500 to 2500
RY Ghost7148 folds
Dr.DoNuts folds
jpgoal33 folds
P1xel7 folds
JeGagne. folds
Tino-10 wnm collected 4720 from pot
*** SUMMARY ***
Total pot 4720 | No rake
Seat 3: Tino-10 wnm won 4720


Winamax Poker - Tournament "Monster Stack" buyIn: 0.45€ + 0.05€ level: 1 - HandId: #3236540462089109514-43-1710011738 - Holdem no limit (120/500/1000) - 2024/03/09 19:15:38 UTC
Table: 'Monster Stack(753565799)#0009' 6-max (real money) Seat #1 is the button
Seat 1: P1xel7 (44330)
Seat 2: JeGagne. (72223)
Seat 3: Tino-10 wnm (79031)
Seat 4: RY Ghost7148 (73221)
Seat 5: Dr.DoNuts (144398)
Seat 6: jpgoal33 (274643)
*** ANTE/BLINDS ***
JeGagne. posts ante 120
Tino-10 wnm posts ante 120
P1xel7 posts ante 120
RY Ghost7148 posts ante 120
Dr.DoNuts posts ante 120
jpgoal33 posts ante 120
JeGagne. posts small blind 500
Tino-10 wnm posts big blind 1000
Dealt to P1xel7 [As Ac]
*** PRE-FLOP *** 
RY Ghost7148 folds
Dr.DoNuts raises 1250 to 2250
jpgoal33 folds
P1xel7 raises 4250 to 6500
JeGagne. folds
Tino-10 wnm folds
Dr.DoNuts folds
P1xel7 collected 10970 from pot
*** SUMMARY ***
Total pot 10970 | No rake
Seat 1: P1xel7 (button) won 10970


Winamax Poker - Tournament "Monster Stack" buyIn: 0.45€ + 0.05€ level: 2 - HandId: #3236540462089109514-44-1710011778 - Holdem no limit (140/600/1200) - 2024/03/09 19:16:18 UTC
Table: 'Monster Stack(753565799)#0009' 6-max (real money) Seat #2 is the button
Seat 1: P1xel7 (48680)
Seat 2: JeGagne. (71603)
Seat 3: Tino-10 wnm (77911)
Seat 4: RY Ghost7148 (73101)
Seat 5: Dr.DoNuts (142028)
Seat 6: jpgoal33 (274523)
*** ANTE/BLINDS ***
Tino-10 wnm posts ante 140
RY Ghost7148 posts ante 140
P1xel7 posts ante 140
JeGagne. posts ante 140
Dr.DoNuts posts ante 140
jpgoal33 posts ante 140
Tino-10 wnm posts small blind 600
RY Ghost7148 posts big blind 1200
Dealt to P1xel7 [7h Ts]
*** PRE-FLOP *** 
Dr.DoNuts folds
jpgoal33 folds
P1xel7 folds
JeGagne. raises 1800 to 3000
Tino-10 wnm folds
RY Ghost7148 calls 1800
*** FLOP *** [Kd 2c Td]
RY Ghost7148 checks
JeGagne. bets 2455
RY Ghost7148 folds
JeGagne. collected 9895 from pot
*** SUMMARY ***
Total pot 9895 | No rake
Board: [Kd 2c Td]
Seat 2: JeGagne. (button) won 9895


Winamax Poker - Tournament "Monster Stack" buyIn: 0.45€ + 0.05€ level: 2 - HandId: #3236540462089109514-45-1710011823 - Holdem no limit (140/600/1200) - 2024/03/09 19:17:03 UTC
Table: 'Monster Stack(753565799)#0009' 6-max (real money) Seat #3 is the button
Seat 1: P1xel7 (48540)
Seat 2: JeGagne. (75903)
Seat 3: Tino-10 wnm (77171)
Seat 4: RY Ghost7148 (69961)
Seat 5: Dr.DoNuts (141888)
Seat 6: jpgoal33 (274383)
*** ANTE/BLINDS ***
RY Ghost7148 posts ante 140
Dr.DoNuts posts ante 140
P1xel7 posts ante 140
JeGagne. posts ante 140
Tino-10 wnm posts ante 140
jpgoal33 posts ante 140
RY Ghost7148 posts small blind 600
Dr.DoNuts posts big blind 1200
Dealt to P1xel7 [Kd Jc]
*** PRE-FLOP *** 
jpgoal33 folds
P1xel7 raises 1800 to 3000
JeGagne. folds
Tino-10 wnm folds
RY Ghost7148 calls 2400
Dr.DoNuts folds
*** FLOP *** [9s Ks 3s]
RY Ghost7148 bets 2814
P1xel7 calls 2814
*** TURN *** [9s Ks 3s][6d]
RY Ghost7148 bets 4784
P1xel7 calls 4784
*** RIVER *** [9s Ks 3s 6d][2d]
RY Ghost7148 checks
P1xel7 checks
*** SHOW DOWN ***
RY Ghost7148 shows [9c Tc] (One pair : 9)
P1xel7 shows [Kd Jc] (One pair : Kings)
P1xel7 collected 23236 from pot
*** SUMMARY ***
Total pot 23236 | No rake
Board: [9s Ks 3s 6d 2d]
Seat 1: P1xel7 showed [Kd Jc] and won 23236 with One pair : Kings
Seat 4: RY Ghost7148 (small blind) showed [9c Tc] and lost with One pair : 9


Winamax Poker - Tournament "Monster Stack" buyIn: 0.45€ + 0.05€ level: 2 - HandId: #3236540462089109514-46-1710011893 - Holdem no limit (140/600/1200) - 2024/03/09 19:18:13 UTC
Table: 'Monster Stack(753565799)#0009' 6-max (real money) Seat #4 is the button
Seat 1: P1xel7 (61038)
Seat 2: JeGagne. (75763)
Seat 3: Tino-10 wnm (77031)
Seat 4: RY Ghost7148 (59223)
Seat 5: Dr.DoNuts (140548)
Seat 6: jpgoal33 (274243)
*** ANTE/BLINDS ***
Dr.DoNuts posts ante 140
jpgoal33 posts ante 140
P1xel7 posts ante 140
JeGagne. posts ante 140
Tino-10 wnm posts ante 140
RY Ghost7148 posts ante 140
Dr.DoNuts posts small blind 600
jpgoal33 posts big blind 1200
Dealt to P1xel7 [Ts 2d]
*** PRE-FLOP *** 
P1xel7 folds
JeGagne. folds
Tino-10 wnm folds
RY Ghost7148 folds
Dr.DoNuts folds
jpgoal33 collected 2640 from pot
*** SUMMARY ***
Total pot 2640 | No rake
Seat 6: jpgoal33 (big blind) won 2640


Winamax Poker - Tournament "Monster Stack" buyIn: 0.45€ + 0.05€ level: 2 - HandId: #3236540462089109514-47-1710011983 - Holdem no limit (140/600/1200) - 2024/03/09 19:19:43 UTC
Table: 'Monster Stack(753565799)#0009' 6-max (real money) Seat #5 is the button
Seat 1: P1xel7 (60898)
Seat 2: JeGagne. (75623)
Seat 3: Tino-10 wnm (76891)
Seat 4: RY Ghost7148 (59083)
Seat 5: Dr.DoNuts (139808)
Seat 6: jpgoal33 (275543)
*** ANTE/BLINDS ***
jpgoal33 posts ante 140
P1xel7 posts ante 140
JeGagne. posts ante 140
Tino-10 wnm posts ante 140
RY Ghost7148 posts ante 140
Dr.DoNuts posts ante 140
jpgoal33 posts small blind 600
P1xel7 posts big blind 1200
Dealt to P1xel7 [6s Jc]
*** PRE-FLOP *** 
JeGagne. folds
Tino-10 wnm folds
RY Ghost7148 folds
Dr.DoNuts folds
jpgoal33 folds
P1xel7 collected 2640 from pot
*** SUMMARY ***
Total pot 2640 | No rake
Seat 1: P1xel7 (big blind) won 2640


Winamax Poker - Tournament "Monster Stack" buyIn: 0.45€ + 0.05€ level: 2 - HandId: #3236540462089109514-48-1710012014 - Holdem no limit (140/600/1200) - 2024/03/09 19:20:14 UTC
Table: 'Monster Stack(753565799)#0009' 6-max (real money) Seat #6 is the button
Seat 1: P1xel7 (62198)
Seat 2: JeGagne. (75483)
Seat 3: Tino-10 wnm (76751)
Seat 4: RY Ghost7148 (58943)
Seat 5: Dr.DoNuts (139668)
Seat 6: jpgoal33 (274803)
*** ANTE/BLINDS ***
P1xel7 posts ante 140
JeGagne. posts ante 140
Tino-10 wnm posts ante 140
RY Ghost7148 posts ante 140
Dr.DoNuts posts ante 140
jpgoal33 posts ante 140
P1xel7 posts small blind 600
JeGagne. posts big blind 1200
Dealt to P1xel7 [2h 7s]
*** PRE-FLOP *** 
Tino-10 wnm folds
RY Ghost7148 folds
Dr.DoNuts folds
jpgoal33 folds
P1xel7 folds
JeGagne. collected 2640 from pot
*** SUMMARY ***
Total pot 2640 | No rake
Seat 2: JeGagne. (big blind) won 2640


Winamax Poker - Tournament "Monster Stack" buyIn: 0.45€ + 0.05€ level: 2 - HandId: #3236540462089109514-49-1710012035 - Holdem no limit (140/600/1200) - 2024/03/09 19:20:35 UTC
Table: 'Monster Stack(753565799)#0009' 6-max (real money) Seat #1 is the button
Seat 1: P1xel7 (61458)
Seat 2: JeGagne. (76783)
Seat 3: Tino-10 wnm (76611)
Seat 4: RY Ghost7148 (58803)
Seat 5: Dr.DoNuts (139528)
Seat 6: jpgoal33 (274663)
*** ANTE/BLINDS ***
JeGagne. posts ante 140
Tino-10 wnm posts ante 140
P1xel7 posts ante 140
RY Ghost7148 posts ante 140
Dr.DoNuts posts ante 140
jpgoal33 posts ante 140
JeGagne. posts small blind 600
Tino-10 wnm posts big blind 1200
Dealt to P1xel7 [3d Tc]
*** PRE-FLOP *** 
RY Ghost7148 folds
Dr.DoNuts folds
jpgoal33 folds
P1xel7 folds
JeGagne. raises 3600 to 4800
Tino-10 wnm folds
JeGagne. collected 6840 from pot
*** SUMMARY ***
Total pot 6840 | No rake
Seat 2: JeGagne. (small blind) won 6840


Winamax Poker - Tournament "Monster Stack" buyIn: 0.45€ + 0.05€ level: 2 - HandId: #3236540462089109514-50-1710012066 - Holdem no limit (140/600/1200) - 2024/03/09 19:21:06 UTC
Table: 'Monster Stack(753565799)#0009' 6-max (real money) Seat #2 is the button
Seat 1: P1xel7 (61318)
Seat 2: JeGagne. (78683)
Seat 3: Tino-10 wnm (75271)
Seat 4: RY Ghost7148 (58663)
Seat 5: Dr.DoNuts (139388)
Seat 6: jpgoal33 (274523)
*** ANTE/BLINDS ***
Tino-10 wnm posts ante 140
RY Ghost7148 posts ante 140
P1xel7 posts ante 140
JeGagne. posts ante 140
Dr.DoNuts posts ante 140
jpgoal33 posts ante 140
Tino-10 wnm posts small blind 600
RY Ghost7148 posts big blind 1200
Dealt to P1xel7 [Kd Ac]
*** PRE-FLOP *** 
Dr.DoNuts folds
jpgoal33 calls 1200
P1xel7 raises 3600 to 4800
JeGagne. folds
Tino-10 wnm folds
RY Ghost7148 calls 3600
jpgoal33 calls 3600
*** FLOP *** [8s 2h 5c]
RY Ghost7148 checks
jpgoal33 bets 7920
P1xel7 folds
RY Ghost7148 folds
jpgoal33 collected 23760 from pot
*** SUMMARY ***
Total pot 23760 | No rake
Board: [8s 2h 5c]
Seat 6: jpgoal33 won 23760


Winamax Poker - Tournament "Monster Stack" buyIn: 0.45€ + 0.05€ level: 2 - HandId: #3236540462089109514-51-1710012134 - Holdem no limit (140/600/1200) - 2024/03/09 19:22:14 UTC
Table: 'Monster Stack(753565799)#0009' 6-max (real money) Seat #3 is the button
Seat 1: P1xel7 (56378)
Seat 2: JeGagne. (78543)
Seat 3: Tino-10 wnm (74531)
Seat 4: RY Ghost7148 (53723)
Seat 5: Dr.DoNuts (139248)
Seat 6: jpgoal33 (285423)
*** ANTE/BLINDS ***
RY Ghost7148 posts ante 140
Dr.DoNuts posts ante 140
P1xel7 posts ante 140
JeGagne. posts ante 140
Tino-10 wnm posts ante 140
jpgoal33 posts ante 140
RY Ghost7148 posts small blind 600
Dr.DoNuts posts big blind 1200
Dealt to P1xel7 [Js 2h]
*** PRE-FLOP *** 
jpgoal33 folds
P1xel7 folds
JeGagne. raises 1800 to 3000
Tino-10 wnm folds
RY Ghost7148 folds
Dr.DoNuts folds
JeGagne. collected 5640 from pot
*** SUMMARY ***
Total pot 5640 | No rake
Seat 2: JeGagne. won 5640


Winamax Poker - Tournament "Monster Stack" buyIn: 0.45€ + 0.05€ level: 2 - HandId: #3236540462089109514-52-1710012150 - Holdem no limit (140/600/1200) - 2024/03/09 19:22:30 UTC
Table: 'Monster Stack(753565799)#0009' 6-max (real money) Seat #4 is the button
Seat 1: P1xel7 (56238)
Seat 2: JeGagne. (81043)
Seat 3: Tino-10 wnm (74391)
Seat 4: RY Ghost7148 (52983)
Seat 5: Dr.DoNuts (137908)
Seat 6: jpgoal33 (285283)
*** ANTE/BLINDS ***
Dr.DoNuts posts ante 140
jpgoal33 posts ante 140
P1xel7 posts ante 140
JeGagne. posts ante 140
Tino-10 wnm posts ante 140
RY Ghost7148 posts ante 140
Dr.DoNuts posts small blind 600
jpgoal33 posts big blind 1200
Dealt to P1xel7 [Ts Qs]
*** PRE-FLOP *** 
P1xel7 folds
JeGagne. folds
Tino-10 wnm calls 1200
RY Ghost7148 folds
Dr.DoNuts folds
jpgoal33 checks
*** FLOP *** [9d 7d Kh]
jpgoal33 bets 1344
Tino-10 wnm folds
jpgoal33 collected 5184 from pot
*** SUMMARY ***
Total pot 5184 | No rake
Board: [9d 7d Kh]
Seat 6: jpgoal33 (big blind) won 5184


Winamax Poker - Tournament "Monster Stack" buyIn: 0.45€ + 0.05€ level: 2 - HandId: #3236540462089109514-53-1710012195 - Holdem no limit (140/600/1200) - 2024/03/09 19:23:15 UTC
Table: 'Monster Stack(753565799)#0009' 6-max (real money) Seat #5 is the button
Seat 1: P1xel7 (56098)
Seat 2: JeGagne. (80903)
Seat 3: Tino-10 wnm (73051)
Seat 4: RY Ghost7148 (52843)
Seat 5: Dr.DoNuts (137168)
Seat 6: jpgoal33 (287783)
*** ANTE/BLINDS ***
jpgoal33 posts ante 140
P1xel7 posts ante 140
JeGagne. posts ante 140
Tino-10 wnm posts ante 140
RY Ghost7148 posts ante 140
Dr.DoNuts posts ante 140
jpgoal33 posts small blind 600
P1xel7 posts big blind 1200
Dealt to P1xel7 [Qh 5h]
*** PRE-FLOP *** 
JeGagne. folds
Tino-10 wnm folds
RY Ghost7148 raises 1800 to 3000
Dr.DoNuts raises 7500 to 10500
jpgoal33 calls 9900
P1xel7 folds
RY Ghost7148 raises 42203 to 52703 and is all-in
Dr.DoNuts calls 42203
jpgoal33 calls 42203
*** FLOP *** [2d Ad 3c]
jpgoal33 checks
Dr.DoNuts bets 40037
jpgoal33 folds
*** TURN *** [2d Ad 3c][Qd]
*** RIVER *** [2d Ad 3c Qd][5d]
*** SHOW DOWN ***
RY Ghost7148 shows [Js Jc] (One pair : Jacks)
Dr.DoNuts shows [As Ah] (Trips of Aces)
Dr.DoNuts collected 200186 from pot
*** SUMMARY ***
Total pot 200186 | No rake
Board: [2d Ad 3c Qd 5d]
Seat 4: RY Ghost7148 showed [Js Jc] and lost with One pair : Jacks
Seat 5: Dr.DoNuts (button) showed [As Ah] and won 200186 with Trips of Aces


Winamax Poker - Tournament "Monster Stack" buyIn: 0.45€ + 0.05€ level: 3 - HandId: #3236540462089109514-54-1710012274 - Holdem no limit (160/700/1400) - 2024/03/09 19:24:34 UTC
Table: 'Monster Stack(753565799)#0009' 6-max (real money) Seat #6 is the button
Seat 1: P1xel7 (54758)
Seat 2: JeGagne. (80763)
Seat 3: Tino-10 wnm (72911)
Seat 5: Dr.DoNuts (244474)
Seat 6: jpgoal33 (234940)
*** ANTE/BLINDS ***
P1xel7 posts ante 160
JeGagne. posts ante 160
Tino-10 wnm posts ante 160
Dr.DoNuts posts ante 160
jpgoal33 posts ante 160
P1xel7 posts small blind 700
JeGagne. posts big blind 1400
Dealt to P1xel7 [Ad Qs]
*** PRE-FLOP *** 
Tino-10 wnm folds
Dr.DoNuts folds
jpgoal33 raises 2800 to 4200
P1xel7 raises 6300 to 10500
JeGagne. folds
jpgoal33 calls 6300
*** FLOP *** [2c 4s Th]
P1xel7 checks
jpgoal33 bets 15080
P1xel7 raises 29018 to 44098 and is all-in
jpgoal33 calls 29018
*** TURN *** [2c 4s Th][7h]
*** RIVER *** [2c 4s Th 7h][8s]
*** SHOW DOWN ***
P1xel7 shows [Ad Qs] (High card : Ace)
jpgoal33 shows [6c 6h] (One pair : 6)
jpgoal33 collected 111396 from pot
*** SUMMARY ***
Total pot 111396 | No rake
Board: [2c 4s Th 7h 8s]
Seat 1: P1xel7 (small blind) showed [Ad Qs] and lost with High card : Ace
Seat 6: jpgoal33 (button) showed [6c 6h] and won 111396 with One pair : 6


