Winamax Poker - Tournament "Tremplin Paris" buyIn: 0€ + 0€ level: 1 - HandId: #3259721130730062769-1-1709492429 - Holdem no limit (10/20) - 2024/03/03 19:00:29 UTC
Table: 'Tremplin Paris(758962969)#0944' 8-max (real money) Seat #6 is the button
Seat 1: CTROBETE (3000)
Seat 2: Asdepique76 (3000)
Seat 3: lucifer 999 (3000)
Seat 4: wadimir.Pout (3000)
Seat 5: LUISVGP (3000)
Seat 6: P1xel7 (3000)
Seat 7: HilareMante0 (3000)
Seat 8: oOSELAHoO (3000)
*** ANTE/BLINDS ***
HilareMante0 posts small blind 10
oOSELAHoO posts big blind 20
Dealt to P1xel7 [Ks Kc]
*** PRE-FLOP *** 
CTROBETE folds
Asdepique76 calls 20
lucifer 999 folds
wadimir.Pout raises 2980 to 3000 and is all-in
LUISVGP folds
P1xel7 calls 3000 and is all-in
HilareMante0 folds
oOSELAHoO folds
Asdepique76 folds
*** FLOP *** [6h 2d 3c]
*** TURN *** [6h 2d 3c][9s]
*** RIVER *** [6h 2d 3c 9s][Jh]
*** SHOW DOWN ***
P1xel7 shows [Ks Kc] (One pair : Kings)
wadimir.Pout shows [Js 6d] (Two pairs : Jacks and 6)
wadimir.Pout collected 6050 from pot
*** SUMMARY ***
Total pot 6050 | No rake
Board: [6h 2d 3c 9s Jh]
Seat 4: wadimir.Pout showed [Js 6d] and won 6050 with Two pairs : Jacks and 6
Seat 6: P1xel7 (button) showed [Ks Kc] and lost with One pair : Kings


