Winamax Poker - Tournament "Trident" buyIn: 0.45€ + 0.05€ level: 1 - HandId: #3224003435372216342-1-1709410503 - Holdem no limit (3/10/20) - 2024/03/02 20:15:03 UTC
Table: 'Trident(750646795)#0021' 3-max (real money) Seat #2 is the button
Seat 1: P1xel7 (500, 0.22€ bounty)
Seat 2: MCSniper7607 (500, 0.22€ bounty)
Seat 3: Exces en K (500, 0.22€ bounty)
*** ANTE/BLINDS ***
Exces en K posts ante 3
P1xel7 posts ante 3
MCSniper7607 posts ante 3
Exces en K posts small blind 10
P1xel7 posts big blind 20
Dealt to P1xel7 [Ad 4c]
*** PRE-FLOP *** 
MCSniper7607 calls 20
Exces en K raises 477 to 497 and is all-in
P1xel7 folds
MCSniper7607 folds
Exces en K collected 546 from pot
*** SUMMARY ***
Total pot 546 | No rake
Seat 3: Exces en K (small blind) won 546


Winamax Poker - Tournament "Trident" buyIn: 0.45€ + 0.05€ level: 1 - HandId: #3224003435372216342-2-1709410560 - Holdem no limit (3/10/20) - 2024/03/02 20:16:00 UTC
Table: 'Trident(750646795)#0021' 3-max (real money) Seat #3 is the button
Seat 1: P1xel7 (477, 0.22€ bounty)
Seat 2: MCSniper7607 (477, 0.22€ bounty)
Seat 3: Exces en K (546, 0.22€ bounty)
*** ANTE/BLINDS ***
P1xel7 posts ante 3
MCSniper7607 posts ante 3
Exces en K posts ante 3
P1xel7 posts small blind 10
MCSniper7607 posts big blind 20
Dealt to P1xel7 [7s 4d]
*** PRE-FLOP *** 
Exces en K folds
P1xel7 folds
MCSniper7607 collected 39 from pot
*** SUMMARY ***
Total pot 39 | No rake
Seat 2: MCSniper7607 (big blind) won 39


Winamax Poker - Tournament "Trident" buyIn: 0.45€ + 0.05€ level: 1 - HandId: #3224003435372216342-3-1709410569 - Holdem no limit (3/10/20) - 2024/03/02 20:16:09 UTC
Table: 'Trident(750646795)#0021' 3-max (real money) Seat #1 is the button
Seat 1: P1xel7 (464, 0.22€ bounty)
Seat 2: MCSniper7607 (493, 0.22€ bounty)
Seat 3: Exces en K (543, 0.22€ bounty)
*** ANTE/BLINDS ***
MCSniper7607 posts ante 3
Exces en K posts ante 3
P1xel7 posts ante 3
MCSniper7607 posts small blind 10
Exces en K posts big blind 20
Dealt to P1xel7 [4c 8d]
*** PRE-FLOP *** 
P1xel7 folds
MCSniper7607 raises 470 to 490 and is all-in
Exces en K raises 50 to 540 and is all-in
*** FLOP *** [7d Ah 3c]
*** TURN *** [7d Ah 3c][Kc]
*** RIVER *** [7d Ah 3c Kc][9c]
*** SHOW DOWN ***
MCSniper7607 shows [Ts Ks] (One pair : Kings)
Exces en K shows [Ac 4d] (One pair : Aces)
Exces en K collected 1039 from pot
*** SUMMARY ***
Total pot 1039 | No rake
Board: [7d Ah 3c Kc 9c]
Seat 2: MCSniper7607 (small blind) showed [Ts Ks] and lost with One pair : Kings
Seat 3: Exces en K (big blind) showed [Ac 4d] and won 1039 with One pair : Aces


Winamax Poker - Tournament "Trident" buyIn: 0.45€ + 0.05€ level: 1 - HandId: #3224003435372216342-4-1709410586 - Holdem no limit (3/10/20) - 2024/03/02 20:16:26 UTC
Table: 'Trident(750646795)#0021' 3-max (real money) Seat #3 is the button
Seat 1: P1xel7 (461, 0.22€ bounty)
Seat 3: Exces en K (1039, 0.33€ bounty)
*** ANTE/BLINDS ***
Exces en K posts ante 3
P1xel7 posts ante 3
Exces en K posts small blind 10
P1xel7 posts big blind 20
Dealt to P1xel7 [7c 8d]
*** PRE-FLOP *** 
Exces en K calls 10
P1xel7 checks
*** FLOP *** [6c Th Jc]
P1xel7 checks
Exces en K bets 58
P1xel7 calls 58
*** TURN *** [6c Th Jc][Kc]
P1xel7 checks
Exces en K checks
*** RIVER *** [6c Th Jc Kc][Qs]
P1xel7 bets 100
Exces en K folds
P1xel7 collected 262 from pot
*** SUMMARY ***
Total pot 262 | No rake
Board: [6c Th Jc Kc Qs]
Seat 1: P1xel7 (big blind) won 262


Winamax Poker - Tournament "Trident" buyIn: 0.45€ + 0.05€ level: 1 - HandId: #3224003435372216342-5-1709410622 - Holdem no limit (3/10/20) - 2024/03/02 20:17:02 UTC
Table: 'Trident(750646795)#0021' 3-max (real money) Seat #1 is the button
Seat 1: P1xel7 (542, 0.22€ bounty)
Seat 2: HD-2023 (500, 0.22€ bounty)
*** ANTE/BLINDS ***
P1xel7 posts ante 3
HD-2023 posts ante 3
P1xel7 posts small blind 10
HD-2023 posts big blind 20
Dealt to P1xel7 [4h As]
*** PRE-FLOP *** 
P1xel7 raises 40 to 60
HD-2023 folds
P1xel7 collected 86 from pot
*** SUMMARY ***
Total pot 86 | No rake
Seat 1: P1xel7 (small blind) (button) won 86


Winamax Poker - Tournament "Trident" buyIn: 0.45€ + 0.05€ level: 1 - HandId: #3224003435372216342-6-1709410631 - Holdem no limit (3/10/20) - 2024/03/02 20:17:11 UTC
Table: 'Trident(750646795)#0021' 3-max (real money) Seat #1 is the button
Seat 1: P1xel7 (565, 0.22€ bounty)
Seat 2: HD-2023 (477, 0.22€ bounty)
Seat 3: ulysse 3876 (500, 0.22€ bounty)
*** ANTE/BLINDS ***
HD-2023 posts ante 3
ulysse 3876 posts ante 3
P1xel7 posts ante 3
HD-2023 posts small blind 10
ulysse 3876 posts big blind 20
Dealt to P1xel7 [5c 2d]
*** PRE-FLOP *** 
P1xel7 folds
HD-2023 calls 10
ulysse 3876 checks
*** FLOP *** [5s Qs Qd]
HD-2023 checks
ulysse 3876 checks
*** TURN *** [5s Qs Qd][3s]
HD-2023 bets 20
ulysse 3876 calls 20
*** RIVER *** [5s Qs Qd 3s][8d]
HD-2023 bets 31
ulysse 3876 calls 31
*** SHOW DOWN ***
HD-2023 shows [3h 9h] (Two pairs : Queens and 3)
ulysse 3876 shows [Th 3c] (Two pairs : Queens and 3)
ulysse 3876 collected 151 from pot
*** SUMMARY ***
Total pot 151 | No rake
Board: [5s Qs Qd 3s 8d]
Seat 2: HD-2023 (small blind) showed [3h 9h] and lost with Two pairs : Queens and 3
Seat 3: ulysse 3876 (big blind) showed [Th 3c] and won 151 with Two pairs : Queens and 3


Winamax Poker - Tournament "Trident" buyIn: 0.45€ + 0.05€ level: 2 - HandId: #3224003435372216342-7-1709410658 - Holdem no limit (3/12/25) - 2024/03/02 20:17:38 UTC
Table: 'Trident(750646795)#0021' 3-max (real money) Seat #2 is the button
Seat 1: P1xel7 (562, 0.22€ bounty)
Seat 2: HD-2023 (403, 0.22€ bounty)
Seat 3: ulysse 3876 (577, 0.22€ bounty)
*** ANTE/BLINDS ***
ulysse 3876 posts ante 3
P1xel7 posts ante 3
HD-2023 posts ante 3
ulysse 3876 posts small blind 12
P1xel7 posts big blind 25
Dealt to P1xel7 [6c 5d]
*** PRE-FLOP *** 
HD-2023 raises 38 to 63
ulysse 3876 calls 51
P1xel7 folds
*** FLOP *** [9c 3c 2h]
ulysse 3876 checks
HD-2023 checks
*** TURN *** [9c 3c 2h][9s]
ulysse 3876 bets 25
HD-2023 folds
ulysse 3876 collected 185 from pot
*** SUMMARY ***
Total pot 185 | No rake
Board: [9c 3c 2h 9s]
Seat 3: ulysse 3876 (small blind) won 185


Winamax Poker - Tournament "Trident" buyIn: 0.45€ + 0.05€ level: 2 - HandId: #3224003435372216342-8-1709410678 - Holdem no limit (3/12/25) - 2024/03/02 20:17:58 UTC
Table: 'Trident(750646795)#0021' 3-max (real money) Seat #3 is the button
Seat 1: P1xel7 (534, 0.22€ bounty)
Seat 2: HD-2023 (337, 0.22€ bounty)
Seat 3: ulysse 3876 (671, 0.22€ bounty)
*** ANTE/BLINDS ***
P1xel7 posts ante 3
HD-2023 posts ante 3
ulysse 3876 posts ante 3
P1xel7 posts small blind 12
HD-2023 posts big blind 25
Dealt to P1xel7 [8c As]
*** PRE-FLOP *** 
ulysse 3876 folds
P1xel7 raises 506 to 531 and is all-in
HD-2023 folds
P1xel7 collected 565 from pot
*** SUMMARY ***
Total pot 565 | No rake
Seat 1: P1xel7 (small blind) won 565


Winamax Poker - Tournament "Trident" buyIn: 0.45€ + 0.05€ level: 2 - HandId: #3224003435372216342-9-1709410695 - Holdem no limit (3/12/25) - 2024/03/02 20:18:15 UTC
Table: 'Trident(750646795)#0021' 3-max (real money) Seat #1 is the button
Seat 1: P1xel7 (565, 0.22€ bounty)
Seat 2: HD-2023 (309, 0.22€ bounty)
Seat 3: ulysse 3876 (668, 0.22€ bounty)
*** ANTE/BLINDS ***
HD-2023 posts ante 3
ulysse 3876 posts ante 3
P1xel7 posts ante 3
HD-2023 posts small blind 12
ulysse 3876 posts big blind 25
Dealt to P1xel7 [Kc 8h]
*** PRE-FLOP *** 
P1xel7 folds
HD-2023 raises 38 to 63
ulysse 3876 calls 38
*** FLOP *** [6c 4h Qh]
HD-2023 checks
ulysse 3876 checks
*** TURN *** [6c 4h Qh][6s]
HD-2023 checks
ulysse 3876 checks
*** RIVER *** [6c 4h Qh 6s][Th]
HD-2023 checks
ulysse 3876 checks
*** SHOW DOWN ***
ulysse 3876 shows [9d Js] (One pair : 6)
HD-2023 shows [3d Ah] (One pair : 6)
HD-2023 collected 135 from pot
*** SUMMARY ***
Total pot 135 | No rake
Board: [6c 4h Qh 6s Th]
Seat 2: HD-2023 (small blind) showed [3d Ah] and won 135 with One pair : 6
Seat 3: ulysse 3876 (big blind) showed [9d Js] and lost with One pair : 6


Winamax Poker - Tournament "Trident" buyIn: 0.45€ + 0.05€ level: 2 - HandId: #3224003435372216342-10-1709410726 - Holdem no limit (3/12/25) - 2024/03/02 20:18:46 UTC
Table: 'Trident(750646795)#0021' 3-max (real money) Seat #2 is the button
Seat 1: P1xel7 (562, 0.22€ bounty)
Seat 2: HD-2023 (378, 0.22€ bounty)
Seat 3: ulysse 3876 (602, 0.22€ bounty)
*** ANTE/BLINDS ***
ulysse 3876 posts ante 3
P1xel7 posts ante 3
HD-2023 posts ante 3
ulysse 3876 posts small blind 12
P1xel7 posts big blind 25
Dealt to P1xel7 [4s Ac]
*** PRE-FLOP *** 
HD-2023 folds
ulysse 3876 calls 13
P1xel7 raises 38 to 63
ulysse 3876 calls 38
*** FLOP *** [Td 2s 7c]
ulysse 3876 bets 25
P1xel7 calls 25
*** TURN *** [Td 2s 7c][5d]
ulysse 3876 bets 25
P1xel7 calls 25
*** RIVER *** [Td 2s 7c 5d][8h]
ulysse 3876 bets 25
P1xel7 raises 130 to 155
ulysse 3876 calls 130
*** SHOW DOWN ***
P1xel7 shows [4s Ac] (High card : Ace)
ulysse 3876 shows [9s Th] (One pair : Tens)
ulysse 3876 collected 545 from pot
*** SUMMARY ***
Total pot 545 | No rake
Board: [Td 2s 7c 5d 8h]
Seat 1: P1xel7 (big blind) showed [4s Ac] and lost with High card : Ace
Seat 3: ulysse 3876 (small blind) showed [9s Th] and won 545 with One pair : Tens


Winamax Poker - Tournament "Trident" buyIn: 0.45€ + 0.05€ level: 2 - HandId: #3224003435372216342-11-1709410757 - Holdem no limit (3/12/25) - 2024/03/02 20:19:17 UTC
Table: 'Trident(750646795)#0021' 3-max (real money) Seat #3 is the button
Seat 1: P1xel7 (291, 0.22€ bounty)
Seat 2: HD-2023 (375, 0.22€ bounty)
Seat 3: ulysse 3876 (876, 0.22€ bounty)
*** ANTE/BLINDS ***
P1xel7 posts ante 3
HD-2023 posts ante 3
ulysse 3876 posts ante 3
P1xel7 posts small blind 12
HD-2023 posts big blind 25
Dealt to P1xel7 [3c 7s]
*** PRE-FLOP *** 
ulysse 3876 calls 25
P1xel7 folds
HD-2023 checks
*** FLOP *** [5c Kd 9h]
HD-2023 checks
ulysse 3876 checks
*** TURN *** [5c Kd 9h][2c]
HD-2023 checks
ulysse 3876 bets 25
HD-2023 calls 25
*** RIVER *** [5c Kd 9h 2c][2h]
HD-2023 bets 121
ulysse 3876 folds
HD-2023 collected 242 from pot
*** SUMMARY ***
Total pot 242 | No rake
Board: [5c Kd 9h 2c 2h]
Seat 2: HD-2023 (big blind) won 242


Winamax Poker - Tournament "Trident" buyIn: 0.45€ + 0.05€ level: 2 - HandId: #3224003435372216342-12-1709410786 - Holdem no limit (3/12/25) - 2024/03/02 20:19:46 UTC
Table: 'Trident(750646795)#0021' 3-max (real money) Seat #1 is the button
Seat 1: P1xel7 (276, 0.22€ bounty)
Seat 2: HD-2023 (443, 0.22€ bounty)
Seat 3: ulysse 3876 (823, 0.22€ bounty)
*** ANTE/BLINDS ***
HD-2023 posts ante 3
ulysse 3876 posts ante 3
P1xel7 posts ante 3
HD-2023 posts small blind 12
ulysse 3876 posts big blind 25
Dealt to P1xel7 [6s Js]
*** PRE-FLOP *** 
P1xel7 folds
HD-2023 folds
ulysse 3876 collected 46 from pot
*** SUMMARY ***
Total pot 46 | No rake
Seat 3: ulysse 3876 (big blind) won 46


Winamax Poker - Tournament "Trident" buyIn: 0.45€ + 0.05€ level: 2 - HandId: #3224003435372216342-13-1709410792 - Holdem no limit (3/12/25) - 2024/03/02 20:19:52 UTC
Table: 'Trident(750646795)#0021' 3-max (real money) Seat #2 is the button
Seat 1: P1xel7 (273, 0.22€ bounty)
Seat 2: HD-2023 (428, 0.22€ bounty)
Seat 3: ulysse 3876 (841, 0.22€ bounty)
*** ANTE/BLINDS ***
ulysse 3876 posts ante 3
P1xel7 posts ante 3
HD-2023 posts ante 3
ulysse 3876 posts small blind 12
P1xel7 posts big blind 25
Dealt to P1xel7 [2d Kd]
*** PRE-FLOP *** 
HD-2023 folds
ulysse 3876 calls 13
P1xel7 checks
*** FLOP *** [2s Qh 3s]
ulysse 3876 bets 25
P1xel7 calls 25
*** TURN *** [2s Qh 3s][7c]
ulysse 3876 bets 25
P1xel7 calls 25
*** RIVER *** [2s Qh 3s 7c][Kh]
ulysse 3876 bets 25
P1xel7 raises 170 to 195 and is all-in
ulysse 3876 folds
P1xel7 collected 379 from pot
*** SUMMARY ***
Total pot 379 | No rake
Board: [2s Qh 3s 7c Kh]
Seat 1: P1xel7 (big blind) won 379


Winamax Poker - Tournament "Trident" buyIn: 0.45€ + 0.05€ level: 3 - HandId: #3224003435372216342-14-1709410829 - Holdem no limit (4/15/30) - 2024/03/02 20:20:29 UTC
Table: 'Trident(750646795)#0021' 3-max (real money) Seat #3 is the button
Seat 1: P1xel7 (379, 0.22€ bounty)
Seat 2: HD-2023 (425, 0.22€ bounty)
Seat 3: ulysse 3876 (738, 0.22€ bounty)
*** ANTE/BLINDS ***
P1xel7 posts ante 4
HD-2023 posts ante 4
ulysse 3876 posts ante 4
P1xel7 posts small blind 15
HD-2023 posts big blind 30
Dealt to P1xel7 [2s Kc]
*** PRE-FLOP *** 
ulysse 3876 calls 30
P1xel7 folds
HD-2023 checks
*** FLOP *** [8h As Ks]
HD-2023 checks
ulysse 3876 checks
*** TURN *** [8h As Ks][3h]
HD-2023 checks
ulysse 3876 checks
*** RIVER *** [8h As Ks 3h][5d]
HD-2023 checks
ulysse 3876 checks
*** SHOW DOWN ***
ulysse 3876 shows [Js 4h] (High card : Ace)
HD-2023 shows [Qh 4d] (High card : Ace)
HD-2023 collected 87 from pot
*** SUMMARY ***
Total pot 87 | No rake
Board: [8h As Ks 3h 5d]
Seat 2: HD-2023 (big blind) showed [Qh 4d] and won 87 with High card : Ace
Seat 3: ulysse 3876 (button) showed [Js 4h] and lost with High card : Ace


Winamax Poker - Tournament "Trident" buyIn: 0.45€ + 0.05€ level: 3 - HandId: #3224003435372216342-15-1709410851 - Holdem no limit (4/15/30) - 2024/03/02 20:20:51 UTC
Table: 'Trident(750646795)#0021' 3-max (real money) Seat #1 is the button
Seat 1: P1xel7 (360, 0.22€ bounty)
Seat 2: HD-2023 (478, 0.22€ bounty)
Seat 3: ulysse 3876 (704, 0.22€ bounty)
*** ANTE/BLINDS ***
HD-2023 posts ante 4
ulysse 3876 posts ante 4
P1xel7 posts ante 4
HD-2023 posts small blind 15
ulysse 3876 posts big blind 30
Dealt to P1xel7 [Qs Jc]
*** PRE-FLOP *** 
P1xel7 raises 30 to 60
HD-2023 folds
ulysse 3876 calls 30
*** FLOP *** [Tc As 6s]
ulysse 3876 checks
P1xel7 checks
*** TURN *** [Tc As 6s][4d]
ulysse 3876 checks
P1xel7 bets 45
ulysse 3876 raises 45 to 90
P1xel7 calls 45
*** RIVER *** [Tc As 6s 4d][Js]
ulysse 3876 bets 90
P1xel7 calls 90
*** SHOW DOWN ***
P1xel7 shows [Qs Jc] (One pair : Jacks)
ulysse 3876 shows [6d Ad] (Two pairs : Aces and 6)
ulysse 3876 collected 507 from pot
*** SUMMARY ***
Total pot 507 | No rake
Board: [Tc As 6s 4d Js]
Seat 1: P1xel7 (button) showed [Qs Jc] and lost with One pair : Jacks
Seat 3: ulysse 3876 (big blind) showed [6d Ad] and won 507 with Two pairs : Aces and 6


Winamax Poker - Tournament "Trident" buyIn: 0.45€ + 0.05€ level: 3 - HandId: #3224003435372216342-16-1709410893 - Holdem no limit (4/15/30) - 2024/03/02 20:21:33 UTC
Table: 'Trident(750646795)#0021' 3-max (real money) Seat #2 is the button
Seat 1: P1xel7 (116, 0.22€ bounty)
Seat 2: HD-2023 (459, 0.22€ bounty)
Seat 3: ulysse 3876 (967, 0.22€ bounty)
*** ANTE/BLINDS ***
ulysse 3876 posts ante 4
P1xel7 posts ante 4
HD-2023 posts ante 4
ulysse 3876 posts small blind 15
P1xel7 posts big blind 30
Dealt to P1xel7 [7c Jd]
*** PRE-FLOP *** 
HD-2023 folds
ulysse 3876 calls 15
P1xel7 checks
*** FLOP *** [Ah 5h 8d]
ulysse 3876 checks
P1xel7 checks
*** TURN *** [Ah 5h 8d][Td]
ulysse 3876 checks
P1xel7 checks
*** RIVER *** [Ah 5h 8d Td][Jh]
ulysse 3876 checks
P1xel7 bets 82 and is all-in
ulysse 3876 folds
P1xel7 collected 154 from pot
*** SUMMARY ***
Total pot 154 | No rake
Board: [Ah 5h 8d Td Jh]
Seat 1: P1xel7 (big blind) won 154


Winamax Poker - Tournament "Trident" buyIn: 0.45€ + 0.05€ level: 3 - HandId: #3224003435372216342-17-1709410914 - Holdem no limit (4/15/30) - 2024/03/02 20:21:54 UTC
Table: 'Trident(750646795)#0021' 3-max (real money) Seat #3 is the button
Seat 1: P1xel7 (154, 0.22€ bounty)
Seat 2: HD-2023 (455, 0.22€ bounty)
Seat 3: ulysse 3876 (933, 0.22€ bounty)
*** ANTE/BLINDS ***
P1xel7 posts ante 4
HD-2023 posts ante 4
ulysse 3876 posts ante 4
P1xel7 posts small blind 15
HD-2023 posts big blind 30
Dealt to P1xel7 [8s Tc]
*** PRE-FLOP *** 
ulysse 3876 folds
P1xel7 folds
HD-2023 collected 57 from pot
*** SUMMARY ***
Total pot 57 | No rake
Seat 2: HD-2023 (big blind) won 57


Winamax Poker - Tournament "Trident" buyIn: 0.45€ + 0.05€ level: 3 - HandId: #3224003435372216342-18-1709410920 - Holdem no limit (4/15/30) - 2024/03/02 20:22:00 UTC
Table: 'Trident(750646795)#0021' 3-max (real money) Seat #1 is the button
Seat 1: P1xel7 (135, 0.22€ bounty)
Seat 2: HD-2023 (478, 0.22€ bounty)
Seat 3: ulysse 3876 (929, 0.22€ bounty)
*** ANTE/BLINDS ***
HD-2023 posts ante 4
ulysse 3876 posts ante 4
P1xel7 posts ante 4
HD-2023 posts small blind 15
ulysse 3876 posts big blind 30
Dealt to P1xel7 [6s Js]
*** PRE-FLOP *** 
P1xel7 folds
HD-2023 raises 444 to 474 and is all-in
ulysse 3876 folds
HD-2023 collected 516 from pot
*** SUMMARY ***
Total pot 516 | No rake
Seat 2: HD-2023 (small blind) won 516


Winamax Poker - Tournament "Trident" buyIn: 0.45€ + 0.05€ level: 3 - HandId: #3224003435372216342-19-1709410928 - Holdem no limit (4/15/30) - 2024/03/02 20:22:08 UTC
Table: 'Trident(750646795)#0021' 3-max (real money) Seat #2 is the button
Seat 1: P1xel7 (131, 0.22€ bounty)
Seat 2: HD-2023 (516, 0.22€ bounty)
Seat 3: ulysse 3876 (895, 0.22€ bounty)
*** ANTE/BLINDS ***
ulysse 3876 posts ante 4
P1xel7 posts ante 4
HD-2023 posts ante 4
ulysse 3876 posts small blind 15
P1xel7 posts big blind 30
Dealt to P1xel7 [7c 8c]
*** PRE-FLOP *** 
HD-2023 calls 30
ulysse 3876 calls 15
P1xel7 checks
*** FLOP *** [9d Tc 3s]
ulysse 3876 checks
P1xel7 bets 97 and is all-in
HD-2023 folds
ulysse 3876 calls 97
*** TURN *** [9d Tc 3s][2s]
*** RIVER *** [9d Tc 3s 2s][4d]
*** SHOW DOWN ***
P1xel7 shows [7c 8c] (High card : Ten)
ulysse 3876 shows [9c 3c] (Two pairs : 9 and 3)
ulysse 3876 collected 296 from pot
*** SUMMARY ***
Total pot 296 | No rake
Board: [9d Tc 3s 2s 4d]
Seat 1: P1xel7 (big blind) showed [7c 8c] and lost with High card : Ten
Seat 3: ulysse 3876 (small blind) showed [9c 3c] and won 296 with Two pairs : 9 and 3


Winamax Poker - Tournament "Trident" buyIn: 0.45€ + 0.05€ level: 4 - HandId: #3224003435372216357-33-1709410984 - Holdem no limit (4/17/35) - 2024/03/02 20:23:04 UTC
Table: 'Trident(750646795)#0036' 3-max (real money) Seat #1 is the button
Seat 1: Bad-Bitch (833, 0.22€ bounty)
Seat 2: -manonegra- (1151, 0.44€ bounty)
Seat 3: P1xel7 (500, 0.22€ bounty)
*** ANTE/BLINDS ***
-manonegra- posts ante 4
P1xel7 posts ante 4
Bad-Bitch posts ante 4
-manonegra- posts small blind 17
P1xel7 posts big blind 35
Dealt to P1xel7 [Qc Jd]
*** PRE-FLOP *** 
Bad-Bitch folds
-manonegra- raises 35 to 70
P1xel7 calls 35
*** FLOP *** [5s 5h 7s]
-manonegra- bets 53
P1xel7 folds
-manonegra- collected 205 from pot
*** SUMMARY ***
Total pot 205 | No rake
Board: [5s 5h 7s]
Seat 2: -manonegra- (small blind) won 205


Winamax Poker - Tournament "Trident" buyIn: 0.45€ + 0.05€ level: 4 - HandId: #3224003435372216357-34-1709411009 - Holdem no limit (4/17/35) - 2024/03/02 20:23:29 UTC
Table: 'Trident(750646795)#0036' 3-max (real money) Seat #2 is the button
Seat 1: Bad-Bitch (829, 0.22€ bounty)
Seat 2: -manonegra- (1229, 0.44€ bounty)
Seat 3: P1xel7 (426, 0.22€ bounty)
*** ANTE/BLINDS ***
P1xel7 posts ante 4
Bad-Bitch posts ante 4
-manonegra- posts ante 4
P1xel7 posts small blind 17
Bad-Bitch posts big blind 35
Dealt to P1xel7 [6c Ts]
*** PRE-FLOP *** 
-manonegra- folds
P1xel7 folds
Bad-Bitch collected 64 from pot
*** SUMMARY ***
Total pot 64 | No rake
Seat 1: Bad-Bitch (big blind) won 64


Winamax Poker - Tournament "Trident" buyIn: 0.45€ + 0.05€ level: 4 - HandId: #3224003435372216357-35-1709411027 - Holdem no limit (4/17/35) - 2024/03/02 20:23:47 UTC
Table: 'Trident(750646795)#0036' 3-max (real money) Seat #3 is the button
Seat 1: Bad-Bitch (854, 0.22€ bounty)
Seat 2: -manonegra- (1225, 0.44€ bounty)
Seat 3: P1xel7 (405, 0.22€ bounty)
*** ANTE/BLINDS ***
Bad-Bitch posts ante 4
-manonegra- posts ante 4
P1xel7 posts ante 4
Bad-Bitch posts small blind 17
-manonegra- posts big blind 35
Dealt to P1xel7 [7s 6d]
*** PRE-FLOP *** 
P1xel7 folds
Bad-Bitch raises 53 to 88
-manonegra- folds
Bad-Bitch collected 135 from pot
*** SUMMARY ***
Total pot 135 | No rake
Seat 1: Bad-Bitch (small blind) won 135


Winamax Poker - Tournament "Trident" buyIn: 0.45€ + 0.05€ level: 4 - HandId: #3224003435372216357-36-1709411041 - Holdem no limit (4/17/35) - 2024/03/02 20:24:01 UTC
Table: 'Trident(750646795)#0036' 3-max (real money) Seat #1 is the button
Seat 1: Bad-Bitch (897, 0.22€ bounty)
Seat 2: -manonegra- (1186, 0.44€ bounty)
Seat 3: P1xel7 (401, 0.22€ bounty)
*** ANTE/BLINDS ***
-manonegra- posts ante 4
P1xel7 posts ante 4
Bad-Bitch posts ante 4
-manonegra- posts small blind 17
P1xel7 posts big blind 35
Dealt to P1xel7 [5s 7s]
*** PRE-FLOP *** 
Bad-Bitch folds
-manonegra- folds
P1xel7 collected 64 from pot
*** SUMMARY ***
Total pot 64 | No rake
Seat 3: P1xel7 (big blind) won 64


Winamax Poker - Tournament "Trident" buyIn: 0.45€ + 0.05€ level: 4 - HandId: #3224003435372216357-37-1709411048 - Holdem no limit (4/17/35) - 2024/03/02 20:24:08 UTC
Table: 'Trident(750646795)#0036' 3-max (real money) Seat #2 is the button
Seat 1: Bad-Bitch (893, 0.22€ bounty)
Seat 2: -manonegra- (1165, 0.44€ bounty)
Seat 3: P1xel7 (426, 0.22€ bounty)
*** ANTE/BLINDS ***
P1xel7 posts ante 4
Bad-Bitch posts ante 4
-manonegra- posts ante 4
P1xel7 posts small blind 17
Bad-Bitch posts big blind 35
Dealt to P1xel7 [8s Ah]
*** PRE-FLOP *** 
-manonegra- folds
P1xel7 raises 387 to 422 and is all-in
Bad-Bitch folds
P1xel7 collected 469 from pot
*** SUMMARY ***
Total pot 469 | No rake
Seat 3: P1xel7 (small blind) won 469


Winamax Poker - Tournament "Trident" buyIn: 0.45€ + 0.05€ level: 4 - HandId: #3224003435372216357-38-1709411061 - Holdem no limit (4/17/35) - 2024/03/02 20:24:21 UTC
Table: 'Trident(750646795)#0036' 3-max (real money) Seat #3 is the button
Seat 1: Bad-Bitch (854, 0.22€ bounty)
Seat 2: -manonegra- (1161, 0.44€ bounty)
Seat 3: P1xel7 (469, 0.22€ bounty)
*** ANTE/BLINDS ***
Bad-Bitch posts ante 4
-manonegra- posts ante 4
P1xel7 posts ante 4
Bad-Bitch posts small blind 17
-manonegra- posts big blind 35
Dealt to P1xel7 [Qd Ad]
*** PRE-FLOP *** 
P1xel7 raises 430 to 465 and is all-in
Bad-Bitch raises 385 to 850 and is all-in
-manonegra- folds
*** FLOP *** [3h 4h Ac]
*** TURN *** [3h 4h Ac][2h]
*** RIVER *** [3h 4h Ac 2h][Td]
*** SHOW DOWN ***
P1xel7 shows [Qd Ad] (One pair : Aces)
Bad-Bitch shows [Ah Ts] (Two pairs : Aces and Tens)
Bad-Bitch collected 1362 from pot
*** SUMMARY ***
Total pot 1362 | No rake
Board: [3h 4h Ac 2h Td]
Seat 1: Bad-Bitch (small blind) showed [Ah Ts] and won 1362 with Two pairs : Aces and Tens
Seat 3: P1xel7 (button) showed [Qd Ad] and lost with One pair : Aces


Winamax Poker - Tournament "Trident" buyIn: 0.45€ + 0.05€ level: 4 - HandId: #3224003435372216331-30-1709411083 - Holdem no limit (4/17/35) - 2024/03/02 20:24:43 UTC
Table: 'Trident(750646795)#0010' 3-max (real money) Seat #3 is the button
Seat 1: HansSamaFan (920, 0.22€ bounty)
Seat 2: P1xel7 (500, 0.22€ bounty)
Seat 3: Dicentimes (1580, 0.55€ bounty)
*** ANTE/BLINDS ***
HansSamaFan posts ante 4
P1xel7 posts ante 4
Dicentimes posts ante 4
HansSamaFan posts small blind 17
P1xel7 posts big blind 35
Dealt to P1xel7 [Jd 3h]
*** PRE-FLOP *** 
Dicentimes calls 35
HansSamaFan calls 18
P1xel7 checks
*** FLOP *** [Td 2d 9s]
HansSamaFan checks
P1xel7 checks
Dicentimes checks
*** TURN *** [Td 2d 9s][5c]
HansSamaFan checks
P1xel7 checks
Dicentimes checks
*** RIVER *** [Td 2d 9s 5c][Ah]
HansSamaFan checks
P1xel7 checks
Dicentimes checks
*** SHOW DOWN ***
HansSamaFan shows [4d 7h] (High card : Ace)
Dicentimes shows [3c 6c] (High card : Ace)
P1xel7 shows [Jd 3h] (High card : Ace)
P1xel7 collected 117 from pot
*** SUMMARY ***
Total pot 117 | No rake
Board: [Td 2d 9s 5c Ah]
Seat 1: HansSamaFan (small blind) showed [4d 7h] and lost with High card : Ace
Seat 2: P1xel7 (big blind) showed [Jd 3h] and won 117 with High card : Ace
Seat 3: Dicentimes (button) showed [3c 6c] and lost with High card : Ace


Winamax Poker - Tournament "Trident" buyIn: 0.45€ + 0.05€ level: 5 - HandId: #3224003435372216331-31-1709411133 - Holdem no limit (5/20/40) - 2024/03/02 20:25:33 UTC
Table: 'Trident(750646795)#0010' 3-max (real money) Seat #1 is the button
Seat 1: HansSamaFan (881, 0.22€ bounty)
Seat 2: P1xel7 (578, 0.22€ bounty)
Seat 3: Dicentimes (1541, 0.55€ bounty)
*** ANTE/BLINDS ***
P1xel7 posts ante 5
Dicentimes posts ante 5
HansSamaFan posts ante 5
P1xel7 posts small blind 20
Dicentimes posts big blind 40
Dealt to P1xel7 [8s 3h]
*** PRE-FLOP *** 
HansSamaFan folds
P1xel7 folds
Dicentimes collected 75 from pot
*** SUMMARY ***
Total pot 75 | No rake
Seat 3: Dicentimes (big blind) won 75


Winamax Poker - Tournament "Trident" buyIn: 0.45€ + 0.05€ level: 5 - HandId: #3224003435372216331-32-1709411143 - Holdem no limit (5/20/40) - 2024/03/02 20:25:43 UTC
Table: 'Trident(750646795)#0010' 3-max (real money) Seat #2 is the button
Seat 1: HansSamaFan (876, 0.22€ bounty)
Seat 2: P1xel7 (553, 0.22€ bounty)
Seat 3: Dicentimes (1571, 0.55€ bounty)
*** ANTE/BLINDS ***
Dicentimes posts ante 5
HansSamaFan posts ante 5
P1xel7 posts ante 5
Dicentimes posts small blind 20
HansSamaFan posts big blind 40
Dealt to P1xel7 [8c 6h]
*** PRE-FLOP *** 
P1xel7 folds
Dicentimes raises 1526 to 1566 and is all-in
HansSamaFan folds
Dicentimes collected 1621 from pot
*** SUMMARY ***
Total pot 1621 | No rake
Seat 3: Dicentimes (small blind) won 1621


Winamax Poker - Tournament "Trident" buyIn: 0.45€ + 0.05€ level: 5 - HandId: #3224003435372216331-33-1709411158 - Holdem no limit (5/20/40) - 2024/03/02 20:25:58 UTC
Table: 'Trident(750646795)#0010' 3-max (real money) Seat #3 is the button
Seat 1: HansSamaFan (831, 0.22€ bounty)
Seat 2: P1xel7 (548, 0.22€ bounty)
Seat 3: Dicentimes (1621, 0.55€ bounty)
*** ANTE/BLINDS ***
HansSamaFan posts ante 5
P1xel7 posts ante 5
Dicentimes posts ante 5
HansSamaFan posts small blind 20
P1xel7 posts big blind 40
Dealt to P1xel7 [8c 8s]
*** PRE-FLOP *** 
Dicentimes folds
HansSamaFan calls 20
P1xel7 raises 503 to 543 and is all-in
HansSamaFan folds
P1xel7 collected 598 from pot
*** SUMMARY ***
Total pot 598 | No rake
Seat 2: P1xel7 (big blind) won 598


Winamax Poker - Tournament "Trident" buyIn: 0.45€ + 0.05€ level: 5 - HandId: #3224003435372216331-34-1709411167 - Holdem no limit (5/20/40) - 2024/03/02 20:26:07 UTC
Table: 'Trident(750646795)#0010' 3-max (real money) Seat #1 is the button
Seat 1: HansSamaFan (786, 0.22€ bounty)
Seat 2: P1xel7 (598, 0.22€ bounty)
Seat 3: Dicentimes (1616, 0.55€ bounty)
*** ANTE/BLINDS ***
P1xel7 posts ante 5
Dicentimes posts ante 5
HansSamaFan posts ante 5
P1xel7 posts small blind 20
Dicentimes posts big blind 40
Dealt to P1xel7 [Qd Qs]
*** PRE-FLOP *** 
HansSamaFan folds
P1xel7 raises 40 to 80
Dicentimes calls 40
*** FLOP *** [3c Td Kc]
P1xel7 bets 88
Dicentimes folds
P1xel7 collected 263 from pot
*** SUMMARY ***
Total pot 263 | No rake
Board: [3c Td Kc]
Seat 2: P1xel7 (small blind) won 263


Winamax Poker - Tournament "Trident" buyIn: 0.45€ + 0.05€ level: 5 - HandId: #3224003435372216331-35-1709411184 - Holdem no limit (5/20/40) - 2024/03/02 20:26:24 UTC
Table: 'Trident(750646795)#0010' 3-max (real money) Seat #2 is the button
Seat 1: HansSamaFan (781, 0.22€ bounty)
Seat 2: P1xel7 (688, 0.22€ bounty)
Seat 3: Dicentimes (1531, 0.55€ bounty)
*** ANTE/BLINDS ***
Dicentimes posts ante 5
HansSamaFan posts ante 5
P1xel7 posts ante 5
Dicentimes posts small blind 20
HansSamaFan posts big blind 40
Dealt to P1xel7 [Ts Kh]
*** PRE-FLOP *** 
P1xel7 raises 40 to 80
Dicentimes folds
HansSamaFan calls 40
*** FLOP *** [5s 6d Jh]
HansSamaFan checks
P1xel7 bets 68
HansSamaFan calls 68
*** TURN *** [5s 6d Jh][Kc]
HansSamaFan checks
P1xel7 bets 215
HansSamaFan folds
P1xel7 collected 546 from pot
*** SUMMARY ***
Total pot 546 | No rake
Board: [5s 6d Jh Kc]
Seat 2: P1xel7 (button) won 546


Winamax Poker - Tournament "Trident" buyIn: 0.45€ + 0.05€ level: 5 - HandId: #3224003435372216331-36-1709411214 - Holdem no limit (5/20/40) - 2024/03/02 20:26:54 UTC
Table: 'Trident(750646795)#0010' 3-max (real money) Seat #3 is the button
Seat 1: HansSamaFan (628, 0.22€ bounty)
Seat 2: P1xel7 (866, 0.22€ bounty)
Seat 3: Dicentimes (1506, 0.55€ bounty)
*** ANTE/BLINDS ***
HansSamaFan posts ante 5
P1xel7 posts ante 5
Dicentimes posts ante 5
HansSamaFan posts small blind 20
P1xel7 posts big blind 40
Dealt to P1xel7 [5c Kh]
*** PRE-FLOP *** 
Dicentimes folds
HansSamaFan raises 40 to 80
P1xel7 folds
HansSamaFan collected 135 from pot
*** SUMMARY ***
Total pot 135 | No rake
Seat 1: HansSamaFan (small blind) won 135


Winamax Poker - Tournament "Trident" buyIn: 0.45€ + 0.05€ level: 5 - HandId: #3224003435372216331-37-1709411221 - Holdem no limit (5/20/40) - 2024/03/02 20:27:01 UTC
Table: 'Trident(750646795)#0010' 3-max (real money) Seat #1 is the button
Seat 1: HansSamaFan (678, 0.22€ bounty)
Seat 2: P1xel7 (821, 0.22€ bounty)
Seat 3: Dicentimes (1501, 0.55€ bounty)
*** ANTE/BLINDS ***
P1xel7 posts ante 5
Dicentimes posts ante 5
HansSamaFan posts ante 5
P1xel7 posts small blind 20
Dicentimes posts big blind 40
Dealt to P1xel7 [5h Th]
*** PRE-FLOP *** 
HansSamaFan calls 40
P1xel7 folds
Dicentimes raises 1456 to 1496 and is all-in
HansSamaFan folds
Dicentimes collected 1571 from pot
*** SUMMARY ***
Total pot 1571 | No rake
Seat 3: Dicentimes (big blind) won 1571


Winamax Poker - Tournament "Trident" buyIn: 0.45€ + 0.05€ level: 5 - HandId: #3224003435372216331-38-1709411236 - Holdem no limit (5/20/40) - 2024/03/02 20:27:16 UTC
Table: 'Trident(750646795)#0010' 3-max (real money) Seat #2 is the button
Seat 1: HansSamaFan (633, 0.22€ bounty)
Seat 2: P1xel7 (796, 0.22€ bounty)
Seat 3: Dicentimes (1571, 0.55€ bounty)
*** ANTE/BLINDS ***
Dicentimes posts ante 5
HansSamaFan posts ante 5
P1xel7 posts ante 5
Dicentimes posts small blind 20
HansSamaFan posts big blind 40
Dealt to P1xel7 [Kc 6h]
*** PRE-FLOP *** 
P1xel7 folds
Dicentimes calls 20
HansSamaFan checks
*** FLOP *** [9s 3c 2d]
Dicentimes checks
HansSamaFan bets 40
Dicentimes calls 40
*** TURN *** [9s 3c 2d][7s]
Dicentimes bets 40
HansSamaFan calls 40
*** RIVER *** [9s 3c 2d 7s][Qs]
Dicentimes checks
HansSamaFan checks
*** SHOW DOWN ***
Dicentimes shows [Ad 5s] (High card : Ace)
HansSamaFan shows [Jh 7h] (One pair : 7)
HansSamaFan collected 255 from pot
*** SUMMARY ***
Total pot 255 | No rake
Board: [9s 3c 2d 7s Qs]
Seat 1: HansSamaFan (big blind) showed [Jh 7h] and won 255 with One pair : 7
Seat 3: Dicentimes (small blind) showed [Ad 5s] and lost with High card : Ace


Winamax Poker - Tournament "Trident" buyIn: 0.45€ + 0.05€ level: 6 - HandId: #3224003435372216331-39-1709411262 - Holdem no limit (6/25/50) - 2024/03/02 20:27:42 UTC
Table: 'Trident(750646795)#0010' 3-max (real money) Seat #3 is the button
Seat 1: HansSamaFan (763, 0.22€ bounty)
Seat 2: P1xel7 (791, 0.22€ bounty)
Seat 3: Dicentimes (1446, 0.55€ bounty)
*** ANTE/BLINDS ***
HansSamaFan posts ante 6
P1xel7 posts ante 6
Dicentimes posts ante 6
HansSamaFan posts small blind 25
P1xel7 posts big blind 50
Dealt to P1xel7 [Ah 6s]
*** PRE-FLOP *** 
Dicentimes folds
HansSamaFan folds
P1xel7 collected 93 from pot
*** SUMMARY ***
Total pot 93 | No rake
Seat 2: P1xel7 (big blind) won 93


Winamax Poker - Tournament "Trident" buyIn: 0.45€ + 0.05€ level: 6 - HandId: #3224003435372216331-40-1709411268 - Holdem no limit (6/25/50) - 2024/03/02 20:27:48 UTC
Table: 'Trident(750646795)#0010' 3-max (real money) Seat #1 is the button
Seat 1: HansSamaFan (732, 0.22€ bounty)
Seat 2: P1xel7 (828, 0.22€ bounty)
Seat 3: Dicentimes (1440, 0.55€ bounty)
*** ANTE/BLINDS ***
P1xel7 posts ante 6
Dicentimes posts ante 6
HansSamaFan posts ante 6
P1xel7 posts small blind 25
Dicentimes posts big blind 50
Dealt to P1xel7 [2s Qc]
*** PRE-FLOP *** 
HansSamaFan calls 50
P1xel7 folds
Dicentimes checks
*** FLOP *** [Js Kc 5s]
Dicentimes checks
HansSamaFan bets 100
Dicentimes folds
HansSamaFan collected 243 from pot
*** SUMMARY ***
Total pot 243 | No rake
Board: [Js Kc 5s]
Seat 1: HansSamaFan (button) won 243


Winamax Poker - Tournament "Trident" buyIn: 0.45€ + 0.05€ level: 6 - HandId: #3224003435372216331-41-1709411283 - Holdem no limit (6/25/50) - 2024/03/02 20:28:03 UTC
Table: 'Trident(750646795)#0010' 3-max (real money) Seat #2 is the button
Seat 1: HansSamaFan (819, 0.22€ bounty)
Seat 2: P1xel7 (797, 0.22€ bounty)
Seat 3: Dicentimes (1384, 0.55€ bounty)
*** ANTE/BLINDS ***
Dicentimes posts ante 6
HansSamaFan posts ante 6
P1xel7 posts ante 6
Dicentimes posts small blind 25
HansSamaFan posts big blind 50
Dealt to P1xel7 [7d 7c]
*** PRE-FLOP *** 
P1xel7 raises 741 to 791 and is all-in
Dicentimes folds
HansSamaFan calls 741
*** FLOP *** [2s 9h 8s]
*** TURN *** [2s 9h 8s][4h]
*** RIVER *** [2s 9h 8s 4h][5d]
*** SHOW DOWN ***
HansSamaFan shows [Qh As] (High card : Ace)
P1xel7 shows [7d 7c] (One pair : 7)
P1xel7 collected 1625 from pot
*** SUMMARY ***
Total pot 1625 | No rake
Board: [2s 9h 8s 4h 5d]
Seat 1: HansSamaFan (big blind) showed [Qh As] and lost with High card : Ace
Seat 2: P1xel7 (button) showed [7d 7c] and won 1625 with One pair : 7


Winamax Poker - Tournament "Trident" buyIn: 0.45€ + 0.05€ level: 6 - HandId: #3224003435372216331-42-1709411302 - Holdem no limit (6/25/50) - 2024/03/02 20:28:22 UTC
Table: 'Trident(750646795)#0010' 3-max (real money) Seat #3 is the button
Seat 1: HansSamaFan (22, 0.22€ bounty)
Seat 2: P1xel7 (1625, 0.22€ bounty)
Seat 3: Dicentimes (1353, 0.55€ bounty)
*** ANTE/BLINDS ***
HansSamaFan posts ante 6
P1xel7 posts ante 6
Dicentimes posts ante 6
HansSamaFan posts small blind 16 and is all-in
P1xel7 posts big blind 50
Dealt to P1xel7 [5c 8h]
*** PRE-FLOP *** 
Dicentimes folds
*** FLOP *** [Ah 8d Qc]
*** TURN *** [Ah 8d Qc][4h]
*** RIVER *** [Ah 8d Qc 4h][6h]
*** SHOW DOWN ***
HansSamaFan shows [4c 7c] (One pair : 4)
P1xel7 shows [5c 8h] (One pair : 8)
P1xel7 collected 84 from pot
*** SUMMARY ***
Total pot 84 | No rake
Board: [Ah 8d Qc 4h 6h]
Seat 1: HansSamaFan (small blind) showed [4c 7c] and lost with One pair : 4
Seat 2: P1xel7 (big blind) showed [5c 8h] and won 84 with One pair : 8


Winamax Poker - Tournament "Trident" buyIn: 0.45€ + 0.05€ level: 6 - HandId: #3224003435372216331-43-1709411314 - Holdem no limit (6/25/50) - 2024/03/02 20:28:34 UTC
Table: 'Trident(750646795)#0010' 3-max (real money) Seat #2 is the button
Seat 2: P1xel7 (1653, 0.33€ bounty)
Seat 3: Dicentimes (1347, 0.55€ bounty)
*** ANTE/BLINDS ***
P1xel7 posts ante 6
Dicentimes posts ante 6
P1xel7 posts small blind 25
Dicentimes posts big blind 50
Dealt to P1xel7 [9s 5s]
*** PRE-FLOP *** 
P1xel7 folds
Dicentimes collected 87 from pot
*** SUMMARY ***
Total pot 87 | No rake
Seat 3: Dicentimes (big blind) won 87


Winamax Poker - Tournament "Trident" buyIn: 0.45€ + 0.05€ level: 6 - HandId: #3224003435372216331-44-1709411324 - Holdem no limit (6/25/50) - 2024/03/02 20:28:44 UTC
Table: 'Trident(750646795)#0010' 3-max (real money) Seat #3 is the button
Seat 2: P1xel7 (1622, 0.33€ bounty)
Seat 3: Dicentimes (1378, 0.55€ bounty)
*** ANTE/BLINDS ***
Dicentimes posts ante 6
P1xel7 posts ante 6
Dicentimes posts small blind 25
P1xel7 posts big blind 50
Dealt to P1xel7 [Jh 9s]
*** PRE-FLOP *** 
Dicentimes folds
P1xel7 collected 87 from pot
*** SUMMARY ***
Total pot 87 | No rake
Seat 2: P1xel7 (big blind) won 87


Winamax Poker - Tournament "Trident" buyIn: 0.45€ + 0.05€ level: 6 - HandId: #3224003435372216331-45-1709411330 - Holdem no limit (6/25/50) - 2024/03/02 20:28:50 UTC
Table: 'Trident(750646795)#0010' 3-max (real money) Seat #2 is the button
Seat 2: P1xel7 (1653, 0.33€ bounty)
Seat 3: Dicentimes (1347, 0.55€ bounty)
*** ANTE/BLINDS ***
P1xel7 posts ante 6
Dicentimes posts ante 6
P1xel7 posts small blind 25
Dicentimes posts big blind 50
Dealt to P1xel7 [Kd 5c]
*** PRE-FLOP *** 
P1xel7 folds
Dicentimes collected 87 from pot
*** SUMMARY ***
Total pot 87 | No rake
Seat 3: Dicentimes (big blind) won 87


Winamax Poker - Tournament "Trident" buyIn: 0.45€ + 0.05€ level: 6 - HandId: #3224003435372216331-46-1709411337 - Holdem no limit (6/25/50) - 2024/03/02 20:28:57 UTC
Table: 'Trident(750646795)#0010' 3-max (real money) Seat #3 is the button
Seat 2: P1xel7 (1622, 0.33€ bounty)
Seat 3: Dicentimes (1378, 0.55€ bounty)
*** ANTE/BLINDS ***
Dicentimes posts ante 6
P1xel7 posts ante 6
Dicentimes posts small blind 25
P1xel7 posts big blind 50
Dealt to P1xel7 [Qd 7s]
*** PRE-FLOP *** 
Dicentimes folds
P1xel7 collected 87 from pot
*** SUMMARY ***
Total pot 87 | No rake
Seat 2: P1xel7 (big blind) won 87


Winamax Poker - Tournament "Trident" buyIn: 0.45€ + 0.05€ level: 6 - HandId: #3224003435372216331-47-1709411341 - Holdem no limit (6/25/50) - 2024/03/02 20:29:01 UTC
Table: 'Trident(750646795)#0010' 3-max (real money) Seat #2 is the button
Seat 2: P1xel7 (1653, 0.33€ bounty)
Seat 3: Dicentimes (1347, 0.55€ bounty)
*** ANTE/BLINDS ***
P1xel7 posts ante 6
Dicentimes posts ante 6
P1xel7 posts small blind 25
Dicentimes posts big blind 50
Dealt to P1xel7 [7s 8s]
*** PRE-FLOP *** 
P1xel7 raises 50 to 100
Dicentimes folds
P1xel7 collected 162 from pot
*** SUMMARY ***
Total pot 162 | No rake
Seat 2: P1xel7 (small blind) (button) won 162


Winamax Poker - Tournament "Trident" buyIn: 0.45€ + 0.05€ level: 6 - HandId: #3224003435372216331-48-1709411348 - Holdem no limit (6/25/50) - 2024/03/02 20:29:08 UTC
Table: 'Trident(750646795)#0010' 3-max (real money) Seat #3 is the button
Seat 2: P1xel7 (1709, 0.33€ bounty)
Seat 3: Dicentimes (1291, 0.55€ bounty)
*** ANTE/BLINDS ***
Dicentimes posts ante 6
P1xel7 posts ante 6
Dicentimes posts small blind 25
P1xel7 posts big blind 50
Dealt to P1xel7 [Jd Kc]
*** PRE-FLOP *** 
Dicentimes raises 1235 to 1285 and is all-in
P1xel7 folds
Dicentimes collected 1347 from pot
*** SUMMARY ***
Total pot 1347 | No rake
Seat 3: Dicentimes (small blind) (button) won 1347


Winamax Poker - Tournament "Trident" buyIn: 0.45€ + 0.05€ level: 6 - HandId: #3224003435372216331-49-1709411365 - Holdem no limit (6/25/50) - 2024/03/02 20:29:25 UTC
Table: 'Trident(750646795)#0010' 3-max (real money) Seat #2 is the button
Seat 1: les3JJJ (500, 0.22€ bounty)
Seat 2: P1xel7 (1653, 0.33€ bounty)
Seat 3: Dicentimes (1347, 0.55€ bounty)
*** ANTE/BLINDS ***
P1xel7 posts ante 6
Dicentimes posts ante 6
P1xel7 posts small blind 25
Dicentimes posts big blind 50
Dealt to P1xel7 [Jc 4s]
*** PRE-FLOP *** 
P1xel7 folds
Dicentimes collected 87 from pot
*** SUMMARY ***
Total pot 87 | No rake
Seat 3: Dicentimes (big blind) won 87


Winamax Poker - Tournament "Trident" buyIn: 0.45€ + 0.05€ level: 6 - HandId: #3224003435372216331-50-1709411372 - Holdem no limit (6/25/50) - 2024/03/02 20:29:32 UTC
Table: 'Trident(750646795)#0010' 3-max (real money) Seat #2 is the button
Seat 1: les3JJJ (500, 0.22€ bounty)
Seat 2: P1xel7 (1622, 0.33€ bounty)
Seat 3: Dicentimes (1378, 0.55€ bounty)
*** ANTE/BLINDS ***
Dicentimes posts ante 6
les3JJJ posts ante 6
P1xel7 posts ante 6
Dicentimes posts small blind 25
les3JJJ posts big blind 50
Dealt to P1xel7 [5d Ts]
*** PRE-FLOP *** 
P1xel7 folds
Dicentimes folds
les3JJJ collected 93 from pot
*** SUMMARY ***
Total pot 93 | No rake
Seat 1: les3JJJ (big blind) won 93


Winamax Poker - Tournament "Trident" buyIn: 0.45€ + 0.05€ level: 6 - HandId: #3224003435372216331-51-1709411379 - Holdem no limit (6/25/50) - 2024/03/02 20:29:39 UTC
Table: 'Trident(750646795)#0010' 3-max (real money) Seat #3 is the button
Seat 1: les3JJJ (537, 0.22€ bounty)
Seat 2: P1xel7 (1616, 0.33€ bounty)
Seat 3: Dicentimes (1347, 0.55€ bounty)
*** ANTE/BLINDS ***
les3JJJ posts ante 6
P1xel7 posts ante 6
Dicentimes posts ante 6
les3JJJ posts small blind 25
P1xel7 posts big blind 50
Dealt to P1xel7 [4h Qs]
*** PRE-FLOP *** 
Dicentimes folds
les3JJJ folds
P1xel7 collected 93 from pot
*** SUMMARY ***
Total pot 93 | No rake
Seat 2: P1xel7 (big blind) won 93


Winamax Poker - Tournament "Trident" buyIn: 0.45€ + 0.05€ level: 6 - HandId: #3224003435372216331-52-1709411390 - Holdem no limit (6/25/50) - 2024/03/02 20:29:50 UTC
Table: 'Trident(750646795)#0010' 3-max (real money) Seat #1 is the button
Seat 1: les3JJJ (506, 0.22€ bounty)
Seat 2: P1xel7 (1653, 0.33€ bounty)
Seat 3: Dicentimes (1341, 0.55€ bounty)
*** ANTE/BLINDS ***
P1xel7 posts ante 6
Dicentimes posts ante 6
les3JJJ posts ante 6
P1xel7 posts small blind 25
Dicentimes posts big blind 50
Dealt to P1xel7 [8c Tc]
*** PRE-FLOP *** 
les3JJJ folds
P1xel7 raises 75 to 125
Dicentimes raises 1210 to 1335 and is all-in
P1xel7 folds
Dicentimes collected 1478 from pot
*** SUMMARY ***
Total pot 1478 | No rake
Seat 3: Dicentimes (big blind) won 1478


Winamax Poker - Tournament "Trident" buyIn: 0.45€ + 0.05€ level: 7 - HandId: #3224003435372216331-53-1709411411 - Holdem no limit (7/30/60) - 2024/03/02 20:30:11 UTC
Table: 'Trident(750646795)#0010' 3-max (real money) Seat #2 is the button
Seat 1: les3JJJ (500, 0.22€ bounty)
Seat 2: P1xel7 (1522, 0.33€ bounty)
Seat 3: Dicentimes (1478, 0.55€ bounty)
*** ANTE/BLINDS ***
Dicentimes posts ante 7
les3JJJ posts ante 7
P1xel7 posts ante 7
Dicentimes posts small blind 30
les3JJJ posts big blind 60
Dealt to P1xel7 [Qd 6d]
*** PRE-FLOP *** 
P1xel7 folds
Dicentimes raises 1411 to 1471 and is all-in
les3JJJ folds
Dicentimes collected 1552 from pot
*** SUMMARY ***
Total pot 1552 | No rake
Seat 3: Dicentimes (small blind) won 1552


Winamax Poker - Tournament "Trident" buyIn: 0.45€ + 0.05€ level: 7 - HandId: #3224003435372216331-54-1709411426 - Holdem no limit (7/30/60) - 2024/03/02 20:30:26 UTC
Table: 'Trident(750646795)#0010' 3-max (real money) Seat #3 is the button
Seat 1: les3JJJ (433, 0.22€ bounty)
Seat 2: P1xel7 (1515, 0.33€ bounty)
Seat 3: Dicentimes (1552, 0.55€ bounty)
*** ANTE/BLINDS ***
les3JJJ posts ante 7
P1xel7 posts ante 7
Dicentimes posts ante 7
les3JJJ posts small blind 30
P1xel7 posts big blind 60
Dealt to P1xel7 [5h 7c]
*** PRE-FLOP *** 
Dicentimes folds
les3JJJ folds
P1xel7 collected 111 from pot
*** SUMMARY ***
Total pot 111 | No rake
Seat 2: P1xel7 (big blind) won 111


Winamax Poker - Tournament "Trident" buyIn: 0.45€ + 0.05€ level: 7 - HandId: #3224003435372216331-55-1709411442 - Holdem no limit (7/30/60) - 2024/03/02 20:30:42 UTC
Table: 'Trident(750646795)#0010' 3-max (real money) Seat #1 is the button
Seat 1: les3JJJ (396, 0.22€ bounty)
Seat 2: P1xel7 (1559, 0.33€ bounty)
Seat 3: Dicentimes (1545, 0.55€ bounty)
*** ANTE/BLINDS ***
P1xel7 posts ante 7
Dicentimes posts ante 7
les3JJJ posts ante 7
P1xel7 posts small blind 30
Dicentimes posts big blind 60
Dealt to P1xel7 [Qd Js]
*** PRE-FLOP *** 
les3JJJ folds
P1xel7 raises 90 to 150
Dicentimes folds
P1xel7 collected 231 from pot
*** SUMMARY ***
Total pot 231 | No rake
Seat 2: P1xel7 (small blind) won 231


Winamax Poker - Tournament "Trident" buyIn: 0.45€ + 0.05€ level: 7 - HandId: #3224003435372216331-56-1709411457 - Holdem no limit (7/30/60) - 2024/03/02 20:30:57 UTC
Table: 'Trident(750646795)#0010' 3-max (real money) Seat #2 is the button
Seat 1: les3JJJ (389, 0.22€ bounty)
Seat 2: P1xel7 (1633, 0.33€ bounty)
Seat 3: Dicentimes (1478, 0.55€ bounty)
*** ANTE/BLINDS ***
Dicentimes posts ante 7
les3JJJ posts ante 7
P1xel7 posts ante 7
Dicentimes posts small blind 30
les3JJJ posts big blind 60
Dealt to P1xel7 [6c 5s]
*** PRE-FLOP *** 
P1xel7 folds
Dicentimes calls 30
les3JJJ checks
*** FLOP *** [Jc Qd As]
Dicentimes bets 60
les3JJJ folds
Dicentimes collected 201 from pot
*** SUMMARY ***
Total pot 201 | No rake
Board: [Jc Qd As]
Seat 3: Dicentimes (small blind) won 201


Winamax Poker - Tournament "Trident" buyIn: 0.45€ + 0.05€ level: 7 - HandId: #3224003435372216331-57-1709411492 - Holdem no limit (7/30/60) - 2024/03/02 20:31:32 UTC
Table: 'Trident(750646795)#0010' 3-max (real money) Seat #3 is the button
Seat 1: les3JJJ (322, 0.22€ bounty)
Seat 2: P1xel7 (1626, 0.33€ bounty)
Seat 3: Dicentimes (1552, 0.55€ bounty)
*** ANTE/BLINDS ***
les3JJJ posts ante 7
P1xel7 posts ante 7
Dicentimes posts ante 7
les3JJJ posts small blind 30
P1xel7 posts big blind 60
Dealt to P1xel7 [7h Kh]
*** PRE-FLOP *** 
Dicentimes folds
les3JJJ folds
P1xel7 collected 111 from pot
*** SUMMARY ***
Total pot 111 | No rake
Seat 2: P1xel7 (big blind) won 111


Winamax Poker - Tournament "Trident" buyIn: 0.45€ + 0.05€ level: 7 - HandId: #3224003435372216331-58-1709411510 - Holdem no limit (7/30/60) - 2024/03/02 20:31:50 UTC
Table: 'Trident(750646795)#0010' 3-max (real money) Seat #1 is the button
Seat 1: les3JJJ (285, 0.22€ bounty)
Seat 2: P1xel7 (1670, 0.33€ bounty)
Seat 3: Dicentimes (1545, 0.55€ bounty)
*** ANTE/BLINDS ***
P1xel7 posts ante 7
Dicentimes posts ante 7
les3JJJ posts ante 7
P1xel7 posts small blind 30
Dicentimes posts big blind 60
Dealt to P1xel7 [3h 8d]
*** PRE-FLOP *** 
les3JJJ folds
P1xel7 folds
Dicentimes collected 111 from pot
*** SUMMARY ***
Total pot 111 | No rake
Seat 3: Dicentimes (big blind) won 111


Winamax Poker - Tournament "Trident" buyIn: 0.45€ + 0.05€ level: 7 - HandId: #3224003435372216331-59-1709411526 - Holdem no limit (7/30/60) - 2024/03/02 20:32:06 UTC
Table: 'Trident(750646795)#0010' 3-max (real money) Seat #2 is the button
Seat 1: les3JJJ (278, 0.22€ bounty)
Seat 2: P1xel7 (1633, 0.33€ bounty)
Seat 3: Dicentimes (1589, 0.55€ bounty)
*** ANTE/BLINDS ***
Dicentimes posts ante 7
les3JJJ posts ante 7
P1xel7 posts ante 7
Dicentimes posts small blind 30
les3JJJ posts big blind 60
Dealt to P1xel7 [Kh Js]
*** PRE-FLOP *** 
P1xel7 raises 60 to 120
Dicentimes folds
les3JJJ folds
P1xel7 collected 231 from pot
*** SUMMARY ***
Total pot 231 | No rake
Seat 2: P1xel7 (button) won 231


Winamax Poker - Tournament "Trident" buyIn: 0.45€ + 0.05€ level: 7 - HandId: #3224003435372216331-60-1709411541 - Holdem no limit (7/30/60) - 2024/03/02 20:32:21 UTC
Table: 'Trident(750646795)#0010' 3-max (real money) Seat #3 is the button
Seat 1: les3JJJ (211, 0.22€ bounty)
Seat 2: P1xel7 (1737, 0.33€ bounty)
Seat 3: Dicentimes (1552, 0.55€ bounty)
*** ANTE/BLINDS ***
les3JJJ posts ante 7
P1xel7 posts ante 7
Dicentimes posts ante 7
les3JJJ posts small blind 30
P1xel7 posts big blind 60
Dealt to P1xel7 [Td Qd]
*** PRE-FLOP *** 
Dicentimes calls 60
les3JJJ calls 30
P1xel7 checks
*** FLOP *** [5d 6d Ks]
les3JJJ checks
P1xel7 bets 161
Dicentimes folds
les3JJJ folds
P1xel7 collected 362 from pot
*** SUMMARY ***
Total pot 362 | No rake
Board: [5d 6d Ks]
Seat 2: P1xel7 (big blind) won 362


Winamax Poker - Tournament "Trident" buyIn: 0.45€ + 0.05€ level: 8 - HandId: #3224003435372216331-61-1709411570 - Holdem no limit (8/35/70) - 2024/03/02 20:32:50 UTC
Table: 'Trident(750646795)#0010' 3-max (real money) Seat #1 is the button
Seat 1: les3JJJ (144, 0.22€ bounty)
Seat 2: P1xel7 (1871, 0.33€ bounty)
Seat 3: Dicentimes (1485, 0.55€ bounty)
*** ANTE/BLINDS ***
P1xel7 posts ante 8
Dicentimes posts ante 8
les3JJJ posts ante 8
P1xel7 posts small blind 35
Dicentimes posts big blind 70
Dealt to P1xel7 [Ad 8c]
*** PRE-FLOP *** 
les3JJJ folds
P1xel7 raises 70 to 140
Dicentimes folds
P1xel7 collected 234 from pot
*** SUMMARY ***
Total pot 234 | No rake
Seat 2: P1xel7 (small blind) won 234


Winamax Poker - Tournament "Trident" buyIn: 0.45€ + 0.05€ level: 8 - HandId: #3224003435372216331-62-1709411584 - Holdem no limit (8/35/70) - 2024/03/02 20:33:04 UTC
Table: 'Trident(750646795)#0010' 3-max (real money) Seat #2 is the button
Seat 1: les3JJJ (136, 0.22€ bounty)
Seat 2: P1xel7 (1957, 0.33€ bounty)
Seat 3: Dicentimes (1407, 0.55€ bounty)
*** ANTE/BLINDS ***
Dicentimes posts ante 8
les3JJJ posts ante 8
P1xel7 posts ante 8
Dicentimes posts small blind 35
les3JJJ posts big blind 70
Dealt to P1xel7 [8d 5s]
*** PRE-FLOP *** 
P1xel7 raises 70 to 140
Dicentimes folds
les3JJJ folds
P1xel7 collected 269 from pot
*** SUMMARY ***
Total pot 269 | No rake
Seat 2: P1xel7 (button) won 269


Winamax Poker - Tournament "Trident" buyIn: 0.45€ + 0.05€ level: 8 - HandId: #3224003435372216331-63-1709411599 - Holdem no limit (8/35/70) - 2024/03/02 20:33:19 UTC
Table: 'Trident(750646795)#0010' 3-max (real money) Seat #3 is the button
Seat 1: les3JJJ (58, 0.22€ bounty)
Seat 2: P1xel7 (2078, 0.33€ bounty)
Seat 3: Dicentimes (1364, 0.55€ bounty)
*** ANTE/BLINDS ***
les3JJJ posts ante 8
P1xel7 posts ante 8
Dicentimes posts ante 8
les3JJJ posts small blind 35
P1xel7 posts big blind 70
Dealt to P1xel7 [4c Ac]
*** PRE-FLOP *** 
Dicentimes raises 1286 to 1356 and is all-in
les3JJJ folds
P1xel7 calls 1286
*** FLOP *** [3h Qd 2d]
*** TURN *** [3h Qd 2d][4h]
*** RIVER *** [3h Qd 2d 4h][6h]
*** SHOW DOWN ***
Dicentimes shows [As Js] (High card : Ace)
P1xel7 shows [4c Ac] (One pair : 4)
P1xel7 collected 2771 from pot
*** SUMMARY ***
Total pot 2771 | No rake
Board: [3h Qd 2d 4h 6h]
Seat 2: P1xel7 (big blind) showed [4c Ac] and won 2771 with One pair : 4
Seat 3: Dicentimes (button) showed [As Js] and lost with High card : Ace


Winamax Poker - Tournament "Trident" buyIn: 0.45€ + 0.05€ level: 8 - HandId: #3224003435372216331-64-1709411618 - Holdem no limit (8/35/70) - 2024/03/02 20:33:38 UTC
Table: 'Trident(750646795)#0010' 3-max (real money) Seat #2 is the button
Seat 1: les3JJJ (15, 0.22€ bounty)
Seat 2: P1xel7 (3485, 0.60€ bounty)
*** ANTE/BLINDS ***
P1xel7 posts ante 8
les3JJJ posts ante 8
P1xel7 posts small blind 35
les3JJJ posts big blind 7 and is all-in
Dealt to P1xel7 [2h 9h]
*** PRE-FLOP *** 
*** FLOP *** [Kd Ad As]
*** TURN *** [Kd Ad As][2s]
*** RIVER *** [Kd Ad As 2s][7h]
*** SHOW DOWN ***
les3JJJ shows [5d 3d] (One pair : Aces)
P1xel7 shows [2h 9h] (Two pairs : Aces and 2)
P1xel7 collected 58 from pot
*** SUMMARY ***
Total pot 58 | No rake
Board: [Kd Ad As 2s 7h]
Seat 1: les3JJJ (big blind) showed [5d 3d] and lost with One pair : Aces
Seat 2: P1xel7 (small blind) (button) showed [2h 9h] and won 58 with Two pairs : Aces and 2


Winamax Poker - Tournament "Trident" buyIn: 0.45€ + 0.05€ level: 8 - HandId: #3224003435372216331-65-1709411629 - Holdem no limit (8/35/70) - 2024/03/02 20:33:49 UTC
Table: 'Trident(750646795)#0010' 3-max (real money) Seat #1 is the button
Seat 1: Yoni5384 (500, 0.22€ bounty)
Seat 2: P1xel7 (3500, 0.71€ bounty)
*** ANTE/BLINDS ***
Yoni5384 posts ante 8
P1xel7 posts ante 8
Yoni5384 posts small blind 35
P1xel7 posts big blind 70
Dealt to P1xel7 [6c Ks]
*** PRE-FLOP *** 
Yoni5384 folds
P1xel7 collected 121 from pot
*** SUMMARY ***
Total pot 121 | No rake
Seat 2: P1xel7 (big blind) won 121


Winamax Poker - Tournament "Trident" buyIn: 0.45€ + 0.05€ level: 8 - HandId: #3224003435372216331-66-1709411635 - Holdem no limit (8/35/70) - 2024/03/02 20:33:55 UTC
Table: 'Trident(750646795)#0010' 3-max (real money) Seat #2 is the button
Seat 1: Yoni5384 (457, 0.22€ bounty)
Seat 2: P1xel7 (3543, 0.71€ bounty)
*** ANTE/BLINDS ***
P1xel7 posts ante 8
Yoni5384 posts ante 8
P1xel7 posts small blind 35
Yoni5384 posts big blind 70
Dealt to P1xel7 [5s 7c]
*** PRE-FLOP *** 
P1xel7 raises 3465 to 3535 and is all-in
Yoni5384 calls 379 and is all-in
*** FLOP *** [Ks 5h 2h]
*** TURN *** [Ks 5h 2h][Tc]
*** RIVER *** [Ks 5h 2h Tc][Qs]
*** SHOW DOWN ***
Yoni5384 shows [6c Ad] (High card : Ace)
P1xel7 shows [5s 7c] (One pair : 5)
P1xel7 collected 4000 from pot
*** SUMMARY ***
Total pot 4000 | No rake
Board: [Ks 5h 2h Tc Qs]
Seat 1: Yoni5384 (big blind) showed [6c Ad] and lost with High card : Ace
Seat 2: P1xel7 (small blind) (button) showed [5s 7c] and won 4000 with One pair : 5


Winamax Poker - Tournament "Trident" buyIn: 0.45€ + 0.05€ level: 8 - HandId: #3224003435372216331-67-1709411655 - Holdem no limit (8/35/70) - 2024/03/02 20:34:15 UTC
Table: 'Trident(750646795)#0010' 3-max (real money) Seat #1 is the button
Seat 1: Filet-O-fils (1645, 0.44€ bounty)
Seat 2: P1xel7 (4000, 0.82€ bounty)
*** ANTE/BLINDS ***
Filet-O-fils posts ante 8
P1xel7 posts ante 8
Filet-O-fils posts small blind 35
P1xel7 posts big blind 70
Dealt to P1xel7 [Th Kc]
*** PRE-FLOP *** 
Filet-O-fils folds
P1xel7 collected 121 from pot
*** SUMMARY ***
Total pot 121 | No rake
Seat 2: P1xel7 (big blind) won 121


Winamax Poker - Tournament "Trident" buyIn: 0.45€ + 0.05€ level: 8 - HandId: #3224003435372216331-68-1709411661 - Holdem no limit (8/35/70) - 2024/03/02 20:34:21 UTC
Table: 'Trident(750646795)#0010' 3-max (real money) Seat #2 is the button
Seat 1: Filet-O-fils (1602, 0.44€ bounty)
Seat 2: P1xel7 (4043, 0.82€ bounty)
*** ANTE/BLINDS ***
P1xel7 posts ante 8
Filet-O-fils posts ante 8
P1xel7 posts small blind 35
Filet-O-fils posts big blind 70
Dealt to P1xel7 [7s 8c]
*** PRE-FLOP *** 
P1xel7 raises 105 to 175
Filet-O-fils folds
P1xel7 collected 261 from pot
*** SUMMARY ***
Total pot 261 | No rake
Seat 2: P1xel7 (small blind) (button) won 261


Winamax Poker - Tournament "Trident" buyIn: 0.45€ + 0.05€ level: 8 - HandId: #3224003435372216331-69-1709411669 - Holdem no limit (8/35/70) - 2024/03/02 20:34:29 UTC
Table: 'Trident(750646795)#0010' 3-max (real money) Seat #1 is the button
Seat 1: Filet-O-fils (1524, 0.44€ bounty)
Seat 2: P1xel7 (4121, 0.82€ bounty)
*** ANTE/BLINDS ***
Filet-O-fils posts ante 8
P1xel7 posts ante 8
Filet-O-fils posts small blind 35
P1xel7 posts big blind 70
Dealt to P1xel7 [5d Jc]
*** PRE-FLOP *** 
Filet-O-fils folds
P1xel7 collected 121 from pot
*** SUMMARY ***
Total pot 121 | No rake
Seat 2: P1xel7 (big blind) won 121


Winamax Poker - Tournament "Trident" buyIn: 0.45€ + 0.05€ level: 8 - HandId: #3224003435372216331-70-1709411672 - Holdem no limit (8/35/70) - 2024/03/02 20:34:32 UTC
Table: 'Trident(750646795)#0010' 3-max (real money) Seat #1 is the button
Seat 1: Filet-O-fils (1481, 0.44€ bounty)
Seat 2: P1xel7 (4164, 0.82€ bounty)
Seat 3: ---BALEK--- (2388, 0.55€ bounty)
*** ANTE/BLINDS ***
P1xel7 posts ante 8
---BALEK--- posts ante 8
Filet-O-fils posts ante 8
P1xel7 posts small blind 35
---BALEK--- posts big blind 70
Dealt to P1xel7 [4s 2c]
*** PRE-FLOP *** 
Filet-O-fils folds
P1xel7 folds
---BALEK--- collected 129 from pot
*** SUMMARY ***
Total pot 129 | No rake
Seat 3: ---BALEK--- (big blind) won 129


Winamax Poker - Tournament "Trident" buyIn: 0.45€ + 0.05€ level: 8 - HandId: #3224003435372216331-71-1709411677 - Holdem no limit (8/35/70) - 2024/03/02 20:34:37 UTC
Table: 'Trident(750646795)#0010' 3-max (real money) Seat #2 is the button
Seat 1: Filet-O-fils (1473, 0.44€ bounty)
Seat 2: P1xel7 (4121, 0.82€ bounty)
Seat 3: ---BALEK--- (2439, 0.55€ bounty)
*** ANTE/BLINDS ***
---BALEK--- posts ante 8
Filet-O-fils posts ante 8
P1xel7 posts ante 8
---BALEK--- posts small blind 35
Filet-O-fils posts big blind 70
Dealt to P1xel7 [7d 6d]
*** PRE-FLOP *** 
P1xel7 raises 70 to 140
---BALEK--- folds
Filet-O-fils folds
P1xel7 collected 269 from pot
*** SUMMARY ***
Total pot 269 | No rake
Seat 2: P1xel7 (button) won 269


Winamax Poker - Tournament "Trident" buyIn: 0.45€ + 0.05€ level: 8 - HandId: #3224003435372216331-72-1709411686 - Holdem no limit (8/35/70) - 2024/03/02 20:34:46 UTC
Table: 'Trident(750646795)#0010' 3-max (real money) Seat #3 is the button
Seat 1: Filet-O-fils (1395, 0.44€ bounty)
Seat 2: P1xel7 (4242, 0.82€ bounty)
Seat 3: ---BALEK--- (2396, 0.55€ bounty)
*** ANTE/BLINDS ***
Filet-O-fils posts ante 8
P1xel7 posts ante 8
---BALEK--- posts ante 8
Filet-O-fils posts small blind 35
P1xel7 posts big blind 70
Dealt to P1xel7 [Kc Ts]
*** PRE-FLOP *** 
---BALEK--- folds
Filet-O-fils folds
P1xel7 collected 129 from pot
*** SUMMARY ***
Total pot 129 | No rake
Seat 2: P1xel7 (big blind) won 129


Winamax Poker - Tournament "Trident" buyIn: 0.45€ + 0.05€ level: 8 - HandId: #3224003435372216331-73-1709411694 - Holdem no limit (8/35/70) - 2024/03/02 20:34:54 UTC
Table: 'Trident(750646795)#0010' 3-max (real money) Seat #1 is the button
Seat 1: Filet-O-fils (1352, 0.44€ bounty)
Seat 2: P1xel7 (4293, 0.82€ bounty)
Seat 3: ---BALEK--- (2388, 0.55€ bounty)
*** ANTE/BLINDS ***
P1xel7 posts ante 8
---BALEK--- posts ante 8
Filet-O-fils posts ante 8
P1xel7 posts small blind 35
---BALEK--- posts big blind 70
Dealt to P1xel7 [5s 6s]
*** PRE-FLOP *** 
Filet-O-fils raises 70 to 140
P1xel7 folds
---BALEK--- calls 70
*** FLOP *** [2s Jc 8s]
---BALEK--- checks
Filet-O-fils checks
*** TURN *** [2s Jc 8s][3h]
---BALEK--- bets 140
Filet-O-fils calls 140
*** RIVER *** [2s Jc 8s 3h][4h]
---BALEK--- bets 210
Filet-O-fils folds
---BALEK--- collected 829 from pot
*** SUMMARY ***
Total pot 829 | No rake
Board: [2s Jc 8s 3h 4h]
Seat 3: ---BALEK--- (big blind) won 829


Winamax Poker - Tournament "Trident" buyIn: 0.45€ + 0.05€ level: 9 - HandId: #3224003435372216331-74-1709411720 - Holdem no limit (10/40/80) - 2024/03/02 20:35:20 UTC
Table: 'Trident(750646795)#0010' 3-max (real money) Seat #2 is the button
Seat 1: Filet-O-fils (1064, 0.44€ bounty)
Seat 2: P1xel7 (4250, 0.82€ bounty)
Seat 3: ---BALEK--- (2719, 0.55€ bounty)
*** ANTE/BLINDS ***
---BALEK--- posts ante 10
Filet-O-fils posts ante 10
P1xel7 posts ante 10
---BALEK--- posts small blind 40
Filet-O-fils posts big blind 80
Dealt to P1xel7 [7d 8h]
*** PRE-FLOP *** 
P1xel7 folds
---BALEK--- raises 80 to 160
Filet-O-fils calls 80
*** FLOP *** [2c 3c Ac]
---BALEK--- bets 160
Filet-O-fils folds
---BALEK--- collected 510 from pot
*** SUMMARY ***
Total pot 510 | No rake
Board: [2c 3c Ac]
Seat 3: ---BALEK--- (small blind) won 510


Winamax Poker - Tournament "Trident" buyIn: 0.45€ + 0.05€ level: 9 - HandId: #3224003435372216331-75-1709411803 - Holdem no limit (10/40/80) - 2024/03/02 20:36:43 UTC
Table: 'Trident(750646795)#0010' 3-max (real money) Seat #3 is the button
Seat 1: Filet-O-fils (894, 0.44€ bounty)
Seat 2: P1xel7 (4240, 0.82€ bounty)
Seat 3: ---BALEK--- (2899, 0.55€ bounty)
*** ANTE/BLINDS ***
Filet-O-fils posts ante 10
P1xel7 posts ante 10
---BALEK--- posts ante 10
Filet-O-fils posts small blind 40
P1xel7 posts big blind 80
Dealt to P1xel7 [Td 6s]
*** PRE-FLOP *** 
---BALEK--- folds
Filet-O-fils folds
P1xel7 collected 150 from pot
*** SUMMARY ***
Total pot 150 | No rake
Seat 2: P1xel7 (big blind) won 150


Winamax Poker - Tournament "Trident" buyIn: 0.45€ + 0.05€ level: 9 - HandId: #3224003435372216331-76-1709411809 - Holdem no limit (10/40/80) - 2024/03/02 20:36:49 UTC
Table: 'Trident(750646795)#0010' 3-max (real money) Seat #1 is the button
Seat 1: Filet-O-fils (844, 0.44€ bounty)
Seat 2: P1xel7 (4300, 0.82€ bounty)
Seat 3: ---BALEK--- (2889, 0.55€ bounty)
*** ANTE/BLINDS ***
P1xel7 posts ante 10
---BALEK--- posts ante 10
Filet-O-fils posts ante 10
P1xel7 posts small blind 40
---BALEK--- posts big blind 80
Dealt to P1xel7 [Ts Kc]
*** PRE-FLOP *** 
Filet-O-fils folds
P1xel7 raises 80 to 160
---BALEK--- calls 80
*** FLOP *** [8h 2s Th]
P1xel7 bets 123
---BALEK--- calls 123
*** TURN *** [8h 2s Th][8s]
P1xel7 bets 209
---BALEK--- calls 209
*** RIVER *** [8h 2s Th 8s][2d]
P1xel7 bets 80
---BALEK--- calls 80
*** SHOW DOWN ***
P1xel7 shows [Ts Kc] (Two pairs : Tens and 8)
---BALEK--- shows [Kh Tc] (Two pairs : Tens and 8)
---BALEK--- collected 587 from pot
P1xel7 collected 587 from pot
*** SUMMARY ***
Total pot 1174 | No rake
Board: [8h 2s Th 8s 2d]
Seat 2: P1xel7 (small blind) showed [Ts Kc] and won 587 with Two pairs : Tens and 8
Seat 3: ---BALEK--- (big blind) showed [Kh Tc] and won 587 with Two pairs : Tens and 8


Winamax Poker - Tournament "Trident" buyIn: 0.45€ + 0.05€ level: 9 - HandId: #3224003435372216331-77-1709411830 - Holdem no limit (10/40/80) - 2024/03/02 20:37:10 UTC
Table: 'Trident(750646795)#0010' 3-max (real money) Seat #2 is the button
Seat 1: Filet-O-fils (834, 0.44€ bounty)
Seat 2: P1xel7 (4305, 0.82€ bounty)
Seat 3: ---BALEK--- (2894, 0.55€ bounty)
*** ANTE/BLINDS ***
---BALEK--- posts ante 10
Filet-O-fils posts ante 10
P1xel7 posts ante 10
---BALEK--- posts small blind 40
Filet-O-fils posts big blind 80
Dealt to P1xel7 [Ah 3s]
*** PRE-FLOP *** 
P1xel7 raises 80 to 160
---BALEK--- folds
Filet-O-fils calls 80
*** FLOP *** [6h Kh 4s]
Filet-O-fils checks
P1xel7 bets 4135 and is all-in
Filet-O-fils calls 664 and is all-in
*** TURN *** [6h Kh 4s][3h]
*** RIVER *** [6h Kh 4s 3h][As]
*** SHOW DOWN ***
Filet-O-fils shows [Th Kd] (One pair : Kings)
P1xel7 shows [Ah 3s] (Two pairs : Aces and 3)
P1xel7 collected 5189 from pot
*** SUMMARY ***
Total pot 5189 | No rake
Board: [6h Kh 4s 3h As]
Seat 1: Filet-O-fils (big blind) showed [Th Kd] and lost with One pair : Kings
Seat 2: P1xel7 (button) showed [Ah 3s] and won 5189 with Two pairs : Aces and 3


Winamax Poker - Tournament "Trident" buyIn: 0.45€ + 0.05€ level: 10 - HandId: #3224003435372216331-78-1709411864 - Holdem no limit (12/50/100) - 2024/03/02 20:37:44 UTC
Table: 'Trident(750646795)#0010' 3-max (real money) Seat #2 is the button
Seat 2: P1xel7 (5189, 1.04€ bounty)
Seat 3: ---BALEK--- (2844, 0.55€ bounty)
*** ANTE/BLINDS ***
P1xel7 posts ante 12
---BALEK--- posts ante 12
P1xel7 posts small blind 50
---BALEK--- posts big blind 100
Dealt to P1xel7 [Qh Jc]
*** PRE-FLOP *** 
P1xel7 raises 150 to 250
---BALEK--- calls 150
*** FLOP *** [2s 4c 9h]
---BALEK--- checks
P1xel7 checks
*** TURN *** [2s 4c 9h][Js]
---BALEK--- checks
P1xel7 bets 150
---BALEK--- calls 150
*** RIVER *** [2s 4c 9h Js][4h]
---BALEK--- checks
P1xel7 bets 300
---BALEK--- calls 300
*** SHOW DOWN ***
---BALEK--- shows [6h 6d] (Two pairs : 6 and 4)
P1xel7 shows [Qh Jc] (Two pairs : Jacks and 4)
P1xel7 collected 1424 from pot
*** SUMMARY ***
Total pot 1424 | No rake
Board: [2s 4c 9h Js 4h]
Seat 2: P1xel7 (small blind) (button) showed [Qh Jc] and won 1424 with Two pairs : Jacks and 4
Seat 3: ---BALEK--- (big blind) showed [6h 6d] and lost with Two pairs : 6 and 4


Winamax Poker - Tournament "Trident" buyIn: 0.45€ + 0.05€ level: 10 - HandId: #3224003435372216331-79-1709411894 - Holdem no limit (12/50/100) - 2024/03/02 20:38:14 UTC
Table: 'Trident(750646795)#0010' 3-max (real money) Seat #2 is the button
Seat 1: vinzz59 (500, 0.22€ bounty)
Seat 2: P1xel7 (5901, 1.04€ bounty)
Seat 3: ---BALEK--- (2132, 0.55€ bounty)
*** ANTE/BLINDS ***
---BALEK--- posts ante 12
vinzz59 posts ante 12
P1xel7 posts ante 12
---BALEK--- posts small blind 50
vinzz59 posts big blind 100
Dealt to P1xel7 [6s Tc]
*** PRE-FLOP *** 
P1xel7 folds
---BALEK--- calls 50
vinzz59 checks
*** FLOP *** [Jc 5d Qh]
---BALEK--- bets 2020 and is all-in
vinzz59 calls 388 and is all-in
*** TURN *** [Jc 5d Qh][4d]
*** RIVER *** [Jc 5d Qh 4d][6h]
*** SHOW DOWN ***
vinzz59 shows [5c 7c] (One pair : 5)
---BALEK--- shows [Ad 2s] (High card : Ace)
---BALEK--- collected 1632 from side pot 1
vinzz59 collected 1012 from main pot
*** SUMMARY ***
Total pot 2644 | No rake
Board: [Jc 5d Qh 4d 6h]
Seat 1: vinzz59 (big blind) showed [5c 7c] and won 1012 with One pair : 5
Seat 3: ---BALEK--- (small blind) showed [Ad 2s] and won 1632 with High card : Ace


Winamax Poker - Tournament "Trident" buyIn: 0.45€ + 0.05€ level: 10 - HandId: #3224003435372216331-80-1709411926 - Holdem no limit (12/50/100) - 2024/03/02 20:38:46 UTC
Table: 'Trident(750646795)#0010' 3-max (real money) Seat #3 is the button
Seat 1: vinzz59 (1012, 0.22€ bounty)
Seat 2: P1xel7 (5889, 1.04€ bounty)
Seat 3: ---BALEK--- (1632, 0.55€ bounty)
*** ANTE/BLINDS ***
vinzz59 posts ante 12
P1xel7 posts ante 12
---BALEK--- posts ante 12
vinzz59 posts small blind 50
P1xel7 posts big blind 100
Dealt to P1xel7 [Kc 5d]
*** PRE-FLOP *** 
---BALEK--- folds
vinzz59 calls 50
P1xel7 checks
*** FLOP *** [2s Qh 9c]
vinzz59 checks
P1xel7 checks
*** TURN *** [2s Qh 9c][Ac]
vinzz59 checks
P1xel7 checks
*** RIVER *** [2s Qh 9c Ac][Kh]
vinzz59 checks
P1xel7 bets 236
vinzz59 folds
P1xel7 collected 472 from pot
*** SUMMARY ***
Total pot 472 | No rake
Board: [2s Qh 9c Ac Kh]
Seat 2: P1xel7 (big blind) won 472


Winamax Poker - Tournament "Trident" buyIn: 0.45€ + 0.05€ level: 10 - HandId: #3224003435372216331-81-1709411982 - Holdem no limit (12/50/100) - 2024/03/02 20:39:42 UTC
Table: 'Trident(750646795)#0010' 3-max (real money) Seat #1 is the button
Seat 1: vinzz59 (900, 0.22€ bounty)
Seat 2: P1xel7 (6013, 1.04€ bounty)
Seat 3: ---BALEK--- (1620, 0.55€ bounty)
*** ANTE/BLINDS ***
P1xel7 posts ante 12
---BALEK--- posts ante 12
vinzz59 posts ante 12
P1xel7 posts small blind 50
---BALEK--- posts big blind 100
Dealt to P1xel7 [Kc 4s]
*** PRE-FLOP *** 
vinzz59 folds
P1xel7 raises 5901 to 6001 and is all-in
---BALEK--- calls 1508 and is all-in
*** FLOP *** [3s 9s 6d]
*** TURN *** [3s 9s 6d][8s]
*** RIVER *** [3s 9s 6d 8s][Kd]
*** SHOW DOWN ***
P1xel7 shows [Kc 4s] (One pair : Kings)
---BALEK--- shows [Jd Ks] (One pair : Kings)
---BALEK--- collected 3252 from main pot
P1xel7 collected 4393 from side pot 1
*** SUMMARY ***
Total pot 7645 | No rake
Board: [3s 9s 6d 8s Kd]
Seat 2: P1xel7 (small blind) showed [Kc 4s] and won 4393 with One pair : Kings
Seat 3: ---BALEK--- (big blind) showed [Jd Ks] and won 3252 with One pair : Kings


Winamax Poker - Tournament "Trident" buyIn: 0.45€ + 0.05€ level: 11 - HandId: #3224003435372216331-82-1709412007 - Holdem no limit (14/60/120) - 2024/03/02 20:40:07 UTC
Table: 'Trident(750646795)#0010' 3-max (real money) Seat #2 is the button
Seat 1: vinzz59 (888, 0.22€ bounty)
Seat 2: P1xel7 (4393, 1.04€ bounty)
Seat 3: ---BALEK--- (3252, 0.55€ bounty)
*** ANTE/BLINDS ***
---BALEK--- posts ante 14
vinzz59 posts ante 14
P1xel7 posts ante 14
---BALEK--- posts small blind 60
vinzz59 posts big blind 120
Dealt to P1xel7 [Ad Ah]
*** PRE-FLOP *** 
P1xel7 raises 120 to 240
---BALEK--- calls 180
vinzz59 folds
*** FLOP *** [6c 2d Td]
---BALEK--- checks
P1xel7 checks
*** TURN *** [6c 2d Td][Jc]
---BALEK--- checks
P1xel7 bets 321
---BALEK--- calls 321
*** RIVER *** [6c 2d Td Jc][Qc]
---BALEK--- bets 1027
P1xel7 calls 1027
*** SHOW DOWN ***
P1xel7 shows [Ad Ah] (One pair : Aces)
---BALEK--- shows [Kc 5c] (Flush King high)
---BALEK--- collected 3338 from pot
*** SUMMARY ***
Total pot 3338 | No rake
Board: [6c 2d Td Jc Qc]
Seat 2: P1xel7 (button) showed [Ad Ah] and lost with One pair : Aces
Seat 3: ---BALEK--- (small blind) showed [Kc 5c] and won 3338 with Flush King high


Winamax Poker - Tournament "Trident" buyIn: 0.45€ + 0.05€ level: 11 - HandId: #3224003435372216331-83-1709412065 - Holdem no limit (14/60/120) - 2024/03/02 20:41:05 UTC
Table: 'Trident(750646795)#0010' 3-max (real money) Seat #3 is the button
Seat 1: vinzz59 (754, 0.22€ bounty)
Seat 2: P1xel7 (2791, 1.04€ bounty)
Seat 3: ---BALEK--- (4988, 0.55€ bounty)
*** ANTE/BLINDS ***
vinzz59 posts ante 14
P1xel7 posts ante 14
---BALEK--- posts ante 14
vinzz59 posts small blind 60
P1xel7 posts big blind 120
Dealt to P1xel7 [Ks 8s]
*** PRE-FLOP *** 
---BALEK--- folds
vinzz59 raises 620 to 740 and is all-in
P1xel7 calls 620
*** FLOP *** [2d 9s 5s]
*** TURN *** [2d 9s 5s][Qd]
*** RIVER *** [2d 9s 5s Qd][6d]
*** SHOW DOWN ***
P1xel7 shows [Ks 8s] (High card : King)
vinzz59 shows [9d 8c] (One pair : 9)
vinzz59 collected 1522 from pot
*** SUMMARY ***
Total pot 1522 | No rake
Board: [2d 9s 5s Qd 6d]
Seat 1: vinzz59 (small blind) showed [9d 8c] and won 1522 with One pair : 9
Seat 2: P1xel7 (big blind) showed [Ks 8s] and lost with High card : King


Winamax Poker - Tournament "Trident" buyIn: 0.45€ + 0.05€ level: 11 - HandId: #3224003435372216331-84-1709412079 - Holdem no limit (14/60/120) - 2024/03/02 20:41:19 UTC
Table: 'Trident(750646795)#0010' 3-max (real money) Seat #1 is the button
Seat 1: vinzz59 (1522, 0.22€ bounty)
Seat 2: P1xel7 (2037, 1.04€ bounty)
Seat 3: ---BALEK--- (4974, 0.55€ bounty)
*** ANTE/BLINDS ***
P1xel7 posts ante 14
---BALEK--- posts ante 14
vinzz59 posts ante 14
P1xel7 posts small blind 60
---BALEK--- posts big blind 120
Dealt to P1xel7 [As 8c]
*** PRE-FLOP *** 
vinzz59 raises 1388 to 1508 and is all-in
P1xel7 calls 1448
---BALEK--- folds
*** FLOP *** [Ah 3d 6h]
*** TURN *** [Ah 3d 6h][5h]
*** RIVER *** [Ah 3d 6h 5h][Kc]
*** SHOW DOWN ***
vinzz59 shows [Qh Jc] (High card : Ace)
P1xel7 shows [As 8c] (One pair : Aces)
P1xel7 collected 3178 from pot
*** SUMMARY ***
Total pot 3178 | No rake
Board: [Ah 3d 6h 5h Kc]
Seat 1: vinzz59 (button) showed [Qh Jc] and lost with High card : Ace
Seat 2: P1xel7 (small blind) showed [As 8c] and won 3178 with One pair : Aces


Winamax Poker - Tournament "Trident" buyIn: 0.45€ + 0.05€ level: 11 - HandId: #3224003435372216331-85-1709412098 - Holdem no limit (14/60/120) - 2024/03/02 20:41:38 UTC
Table: 'Trident(750646795)#0010' 3-max (real money) Seat #3 is the button
Seat 2: P1xel7 (3693, 1.15€ bounty)
Seat 3: ---BALEK--- (4840, 0.55€ bounty)
*** ANTE/BLINDS ***
---BALEK--- posts ante 14
P1xel7 posts ante 14
---BALEK--- posts small blind 60
P1xel7 posts big blind 120
Dealt to P1xel7 [9s 3h]
*** PRE-FLOP *** 
---BALEK--- folds
P1xel7 collected 208 from pot
*** SUMMARY ***
Total pot 208 | No rake
Seat 2: P1xel7 (big blind) won 208


Winamax Poker - Tournament "Trident" buyIn: 0.45€ + 0.05€ level: 11 - HandId: #3224003435372216331-86-1709412103 - Holdem no limit (14/60/120) - 2024/03/02 20:41:43 UTC
Table: 'Trident(750646795)#0010' 3-max (real money) Seat #2 is the button
Seat 2: P1xel7 (3767, 1.15€ bounty)
Seat 3: ---BALEK--- (4766, 0.55€ bounty)
*** ANTE/BLINDS ***
P1xel7 posts ante 14
---BALEK--- posts ante 14
P1xel7 posts small blind 60
---BALEK--- posts big blind 120
Dealt to P1xel7 [Kd 9s]
*** PRE-FLOP *** 
P1xel7 raises 240 to 360
---BALEK--- folds
P1xel7 collected 508 from pot
*** SUMMARY ***
Total pot 508 | No rake
Seat 2: P1xel7 (small blind) (button) won 508


Winamax Poker - Tournament "Trident" buyIn: 0.45€ + 0.05€ level: 11 - HandId: #3224003435372216331-87-1709412113 - Holdem no limit (14/60/120) - 2024/03/02 20:41:53 UTC
Table: 'Trident(750646795)#0010' 3-max (real money) Seat #3 is the button
Seat 2: P1xel7 (3901, 1.15€ bounty)
Seat 3: ---BALEK--- (4632, 0.55€ bounty)
*** ANTE/BLINDS ***
---BALEK--- posts ante 14
P1xel7 posts ante 14
---BALEK--- posts small blind 60
P1xel7 posts big blind 120
Dealt to P1xel7 [3s Kh]
*** PRE-FLOP *** 
---BALEK--- calls 60
P1xel7 checks
*** FLOP *** [9s Jc 9c]
P1xel7 bets 240
---BALEK--- calls 240
*** TURN *** [9s Jc 9c][3h]
P1xel7 bets 240
---BALEK--- calls 240
*** RIVER *** [9s Jc 9c 3h][Ac]
P1xel7 checks
---BALEK--- bets 921
P1xel7 folds
---BALEK--- collected 2149 from pot
*** SUMMARY ***
Total pot 2149 | No rake
Board: [9s Jc 9c 3h Ac]
Seat 3: ---BALEK--- (small blind) (button) won 2149


Winamax Poker - Tournament "Trident" buyIn: 0.45€ + 0.05€ level: 11 - HandId: #3224003435372216331-88-1709412135 - Holdem no limit (14/60/120) - 2024/03/02 20:42:15 UTC
Table: 'Trident(750646795)#0010' 3-max (real money) Seat #2 is the button
Seat 1: Alain C T (3901, 0.99€ bounty)
Seat 2: P1xel7 (3287, 1.15€ bounty)
Seat 3: ---BALEK--- (5246, 0.55€ bounty)
*** ANTE/BLINDS ***
P1xel7 posts ante 14
---BALEK--- posts ante 14
P1xel7 posts small blind 60
---BALEK--- posts big blind 120
Dealt to P1xel7 [5s Qh]
*** PRE-FLOP *** 
P1xel7 folds
---BALEK--- collected 208 from pot
*** SUMMARY ***
Total pot 208 | No rake
Seat 3: ---BALEK--- (big blind) won 208


Winamax Poker - Tournament "Trident" buyIn: 0.45€ + 0.05€ level: 11 - HandId: #3224003435372216331-89-1709412139 - Holdem no limit (14/60/120) - 2024/03/02 20:42:19 UTC
Table: 'Trident(750646795)#0010' 3-max (real money) Seat #2 is the button
Seat 1: Alain C T (3901, 0.99€ bounty)
Seat 2: P1xel7 (3213, 1.15€ bounty)
Seat 3: ---BALEK--- (5320, 0.55€ bounty)
*** ANTE/BLINDS ***
---BALEK--- posts ante 14
Alain C T posts ante 14
P1xel7 posts ante 14
---BALEK--- posts small blind 60
Alain C T posts big blind 120
Dealt to P1xel7 [3s 3d]
*** PRE-FLOP *** 
P1xel7 raises 120 to 240
---BALEK--- folds
Alain C T calls 120
*** FLOP *** [5h 8d 6h]
Alain C T checks
P1xel7 checks
*** TURN *** [5h 8d 6h][Ts]
Alain C T checks
P1xel7 bets 300
Alain C T folds
P1xel7 collected 882 from pot
*** SUMMARY ***
Total pot 882 | No rake
Board: [5h 8d 6h Ts]
Seat 2: P1xel7 (button) won 882


Winamax Poker - Tournament "Trident" buyIn: 0.45€ + 0.05€ level: 12 - HandId: #3224003435372216331-90-1709412159 - Holdem no limit (16/70/140) - 2024/03/02 20:42:39 UTC
Table: 'Trident(750646795)#0010' 3-max (real money) Seat #3 is the button
Seat 1: Alain C T (3647, 0.99€ bounty)
Seat 2: P1xel7 (3541, 1.15€ bounty)
Seat 3: ---BALEK--- (5246, 0.55€ bounty)
*** ANTE/BLINDS ***
Alain C T posts ante 16
P1xel7 posts ante 16
---BALEK--- posts ante 16
Alain C T posts small blind 70
P1xel7 posts big blind 140
Dealt to P1xel7 [5h 7h]
*** PRE-FLOP *** 
---BALEK--- raises 140 to 280
Alain C T calls 210
P1xel7 calls 140
*** FLOP *** [Jh 5d Ts]
Alain C T bets 280
P1xel7 folds
---BALEK--- folds
Alain C T collected 1168 from pot
*** SUMMARY ***
Total pot 1168 | No rake
Board: [Jh 5d Ts]
Seat 1: Alain C T (small blind) won 1168


Winamax Poker - Tournament "Trident" buyIn: 0.45€ + 0.05€ level: 12 - HandId: #3224003435372216331-91-1709412181 - Holdem no limit (16/70/140) - 2024/03/02 20:43:01 UTC
Table: 'Trident(750646795)#0010' 3-max (real money) Seat #1 is the button
Seat 1: Alain C T (4239, 0.99€ bounty)
Seat 2: P1xel7 (3245, 1.15€ bounty)
Seat 3: ---BALEK--- (4950, 0.55€ bounty)
*** ANTE/BLINDS ***
P1xel7 posts ante 16
---BALEK--- posts ante 16
Alain C T posts ante 16
P1xel7 posts small blind 70
---BALEK--- posts big blind 140
Dealt to P1xel7 [9s Ks]
*** PRE-FLOP *** 
Alain C T folds
P1xel7 raises 140 to 280
---BALEK--- folds
P1xel7 collected 468 from pot
*** SUMMARY ***
Total pot 468 | No rake
Seat 2: P1xel7 (small blind) won 468


Winamax Poker - Tournament "Trident" buyIn: 0.45€ + 0.05€ level: 12 - HandId: #3224003435372216331-92-1709412189 - Holdem no limit (16/70/140) - 2024/03/02 20:43:09 UTC
Table: 'Trident(750646795)#0010' 3-max (real money) Seat #2 is the button
Seat 1: Alain C T (4223, 0.99€ bounty)
Seat 2: P1xel7 (3417, 1.15€ bounty)
Seat 3: ---BALEK--- (4794, 0.55€ bounty)
*** ANTE/BLINDS ***
---BALEK--- posts ante 16
Alain C T posts ante 16
P1xel7 posts ante 16
---BALEK--- posts small blind 70
Alain C T posts big blind 140
Dealt to P1xel7 [9c Qs]
*** PRE-FLOP *** 
P1xel7 folds
---BALEK--- calls 70
Alain C T raises 280 to 420
---BALEK--- folds
Alain C T collected 608 from pot
*** SUMMARY ***
Total pot 608 | No rake
Seat 1: Alain C T (big blind) won 608


Winamax Poker - Tournament "Trident" buyIn: 0.45€ + 0.05€ level: 12 - HandId: #3224003435372216331-93-1709412200 - Holdem no limit (16/70/140) - 2024/03/02 20:43:20 UTC
Table: 'Trident(750646795)#0010' 3-max (real money) Seat #3 is the button
Seat 1: Alain C T (4395, 0.99€ bounty)
Seat 2: P1xel7 (3401, 1.15€ bounty)
Seat 3: ---BALEK--- (4638, 0.55€ bounty)
*** ANTE/BLINDS ***
Alain C T posts ante 16
P1xel7 posts ante 16
---BALEK--- posts ante 16
Alain C T posts small blind 70
P1xel7 posts big blind 140
Dealt to P1xel7 [Qh 9h]
*** PRE-FLOP *** 
---BALEK--- raises 140 to 280
Alain C T folds
P1xel7 calls 140
*** FLOP *** [4d Jc 4c]
P1xel7 checks
---BALEK--- checks
*** TURN *** [4d Jc 4c][6c]
P1xel7 checks
---BALEK--- bets 280
P1xel7 folds
---BALEK--- collected 958 from pot
*** SUMMARY ***
Total pot 958 | No rake
Board: [4d Jc 4c 6c]
Seat 3: ---BALEK--- (button) won 958


Winamax Poker - Tournament "Trident" buyIn: 0.45€ + 0.05€ level: 12 - HandId: #3224003435372216331-94-1709412230 - Holdem no limit (16/70/140) - 2024/03/02 20:43:50 UTC
Table: 'Trident(750646795)#0010' 3-max (real money) Seat #1 is the button
Seat 1: Alain C T (4309, 0.99€ bounty)
Seat 2: P1xel7 (3105, 1.15€ bounty)
Seat 3: ---BALEK--- (5020, 0.55€ bounty)
*** ANTE/BLINDS ***
P1xel7 posts ante 16
---BALEK--- posts ante 16
Alain C T posts ante 16
P1xel7 posts small blind 70
---BALEK--- posts big blind 140
Dealt to P1xel7 [Tc 5c]
*** PRE-FLOP *** 
Alain C T folds
P1xel7 folds
---BALEK--- collected 258 from pot
*** SUMMARY ***
Total pot 258 | No rake
Seat 3: ---BALEK--- (big blind) won 258


Winamax Poker - Tournament "Trident" buyIn: 0.45€ + 0.05€ level: 12 - HandId: #3224003435372216331-95-1709412234 - Holdem no limit (16/70/140) - 2024/03/02 20:43:54 UTC
Table: 'Trident(750646795)#0010' 3-max (real money) Seat #2 is the button
Seat 1: Alain C T (4293, 0.99€ bounty)
Seat 2: P1xel7 (3019, 1.15€ bounty)
Seat 3: ---BALEK--- (5122, 0.55€ bounty)
*** ANTE/BLINDS ***
---BALEK--- posts ante 16
Alain C T posts ante 16
P1xel7 posts ante 16
---BALEK--- posts small blind 70
Alain C T posts big blind 140
Dealt to P1xel7 [7s 5d]
*** PRE-FLOP *** 
P1xel7 folds
---BALEK--- calls 70
Alain C T checks
*** FLOP *** [Th 6c 5h]
---BALEK--- checks
Alain C T checks
*** TURN *** [Th 6c 5h][9c]
---BALEK--- bets 140
Alain C T calls 140
*** RIVER *** [Th 6c 5h 9c][4h]
---BALEK--- bets 350
Alain C T folds
---BALEK--- collected 958 from pot
*** SUMMARY ***
Total pot 958 | No rake
Board: [Th 6c 5h 9c 4h]
Seat 3: ---BALEK--- (small blind) won 958


Winamax Poker - Tournament "Trident" buyIn: 0.45€ + 0.05€ level: 12 - HandId: #3224003435372216331-96-1709412252 - Holdem no limit (16/70/140) - 2024/03/02 20:44:12 UTC
Table: 'Trident(750646795)#0010' 3-max (real money) Seat #3 is the button
Seat 1: Alain C T (3997, 0.99€ bounty)
Seat 2: P1xel7 (3003, 1.15€ bounty)
Seat 3: ---BALEK--- (5434, 0.55€ bounty)
*** ANTE/BLINDS ***
Alain C T posts ante 16
P1xel7 posts ante 16
---BALEK--- posts ante 16
Alain C T posts small blind 70
P1xel7 posts big blind 140
Dealt to P1xel7 [4h 8s]
*** PRE-FLOP *** 
---BALEK--- folds
Alain C T raises 280 to 420
P1xel7 folds
Alain C T collected 608 from pot
*** SUMMARY ***
Total pot 608 | No rake
Seat 1: Alain C T (small blind) won 608


Winamax Poker - Tournament "Trident" buyIn: 0.45€ + 0.05€ level: 12 - HandId: #3224003435372216331-97-1709412260 - Holdem no limit (16/70/140) - 2024/03/02 20:44:20 UTC
Table: 'Trident(750646795)#0010' 3-max (real money) Seat #1 is the button
Seat 1: Alain C T (4169, 0.99€ bounty)
Seat 2: P1xel7 (2847, 1.15€ bounty)
Seat 3: ---BALEK--- (5418, 0.55€ bounty)
*** ANTE/BLINDS ***
P1xel7 posts ante 16
---BALEK--- posts ante 16
Alain C T posts ante 16
P1xel7 posts small blind 70
---BALEK--- posts big blind 140
Dealt to P1xel7 [5s 6c]
*** PRE-FLOP *** 
Alain C T folds
P1xel7 folds
---BALEK--- collected 258 from pot
*** SUMMARY ***
Total pot 258 | No rake
Seat 3: ---BALEK--- (big blind) won 258


Winamax Poker - Tournament "Trident" buyIn: 0.45€ + 0.05€ level: 12 - HandId: #3224003435372216331-98-1709412266 - Holdem no limit (16/70/140) - 2024/03/02 20:44:26 UTC
Table: 'Trident(750646795)#0010' 3-max (real money) Seat #2 is the button
Seat 1: Alain C T (4153, 0.99€ bounty)
Seat 2: P1xel7 (2761, 1.15€ bounty)
Seat 3: ---BALEK--- (5520, 0.55€ bounty)
*** ANTE/BLINDS ***
---BALEK--- posts ante 16
Alain C T posts ante 16
P1xel7 posts ante 16
---BALEK--- posts small blind 70
Alain C T posts big blind 140
Dealt to P1xel7 [2d 6s]
*** PRE-FLOP *** 
P1xel7 folds
---BALEK--- folds
Alain C T collected 258 from pot
*** SUMMARY ***
Total pot 258 | No rake
Seat 1: Alain C T (big blind) won 258


Winamax Poker - Tournament "Trident" buyIn: 0.45€ + 0.05€ level: 12 - HandId: #3224003435372216331-99-1709412278 - Holdem no limit (16/70/140) - 2024/03/02 20:44:38 UTC
Table: 'Trident(750646795)#0010' 3-max (real money) Seat #3 is the button
Seat 1: Alain C T (4255, 0.99€ bounty)
Seat 2: P1xel7 (2745, 1.15€ bounty)
Seat 3: ---BALEK--- (5434, 0.55€ bounty)
*** ANTE/BLINDS ***
Alain C T posts ante 16
P1xel7 posts ante 16
---BALEK--- posts ante 16
Alain C T posts small blind 70
P1xel7 posts big blind 140
Dealt to P1xel7 [7h 5s]
*** PRE-FLOP *** 
---BALEK--- folds
Alain C T raises 280 to 420
P1xel7 folds
Alain C T collected 608 from pot
*** SUMMARY ***
Total pot 608 | No rake
Seat 1: Alain C T (small blind) won 608


Winamax Poker - Tournament "Trident" buyIn: 0.45€ + 0.05€ level: 12 - HandId: #3224003435372216331-100-1709412287 - Holdem no limit (16/70/140) - 2024/03/02 20:44:47 UTC
Table: 'Trident(750646795)#0010' 3-max (real money) Seat #1 is the button
Seat 1: Alain C T (4427, 0.99€ bounty)
Seat 2: P1xel7 (2589, 1.15€ bounty)
Seat 3: ---BALEK--- (5418, 0.55€ bounty)
*** ANTE/BLINDS ***
P1xel7 posts ante 16
---BALEK--- posts ante 16
Alain C T posts ante 16
P1xel7 posts small blind 70
---BALEK--- posts big blind 140
Dealt to P1xel7 [Ts Jh]
*** PRE-FLOP *** 
Alain C T folds
P1xel7 raises 140 to 280
---BALEK--- calls 140
*** FLOP *** [3s 3h 7h]
P1xel7 checks
---BALEK--- checks
*** TURN *** [3s 3h 7h][Ad]
P1xel7 bets 210
---BALEK--- calls 210
*** RIVER *** [3s 3h 7h Ad][Kd]
P1xel7 bets 514
---BALEK--- calls 514
*** SHOW DOWN ***
P1xel7 shows [Ts Jh] (One pair : 3)
---BALEK--- shows [5c 3d] (Trips of 3)
---BALEK--- collected 2056 from pot
*** SUMMARY ***
Total pot 2056 | No rake
Board: [3s 3h 7h Ad Kd]
Seat 2: P1xel7 (small blind) showed [Ts Jh] and lost with One pair : 3
Seat 3: ---BALEK--- (big blind) showed [5c 3d] and won 2056 with Trips of 3


Winamax Poker - Tournament "Trident" buyIn: 0.45€ + 0.05€ level: 13 - HandId: #3224003435372216331-101-1709412337 - Holdem no limit (20/80/160) - 2024/03/02 20:45:37 UTC
Table: 'Trident(750646795)#0010' 3-max (real money) Seat #2 is the button
Seat 1: Alain C T (4411, 0.99€ bounty)
Seat 2: P1xel7 (1569, 1.15€ bounty)
Seat 3: ---BALEK--- (6454, 0.55€ bounty)
*** ANTE/BLINDS ***
---BALEK--- posts ante 20
Alain C T posts ante 20
P1xel7 posts ante 20
---BALEK--- posts small blind 80
Alain C T posts big blind 160
Dealt to P1xel7 [9h 6h]
*** PRE-FLOP *** 
P1xel7 folds
---BALEK--- calls 80
Alain C T checks
*** FLOP *** [6s Jc 5h]
---BALEK--- checks
Alain C T bets 247
---BALEK--- folds
Alain C T collected 627 from pot
*** SUMMARY ***
Total pot 627 | No rake
Board: [6s Jc 5h]
Seat 1: Alain C T (big blind) won 627


Winamax Poker - Tournament "Trident" buyIn: 0.45€ + 0.05€ level: 13 - HandId: #3224003435372216331-102-1709412358 - Holdem no limit (20/80/160) - 2024/03/02 20:45:58 UTC
Table: 'Trident(750646795)#0010' 3-max (real money) Seat #3 is the button
Seat 1: Alain C T (4611, 0.99€ bounty)
Seat 2: P1xel7 (1549, 1.15€ bounty)
Seat 3: ---BALEK--- (6274, 0.55€ bounty)
*** ANTE/BLINDS ***
Alain C T posts ante 20
P1xel7 posts ante 20
---BALEK--- posts ante 20
Alain C T posts small blind 80
P1xel7 posts big blind 160
Dealt to P1xel7 [Ks 8h]
*** PRE-FLOP *** 
---BALEK--- raises 160 to 320
Alain C T calls 240
P1xel7 folds
*** FLOP *** [6h 3c 5s]
Alain C T checks
---BALEK--- bets 320
Alain C T folds
---BALEK--- collected 1180 from pot
*** SUMMARY ***
Total pot 1180 | No rake
Board: [6h 3c 5s]
Seat 3: ---BALEK--- (button) won 1180


Winamax Poker - Tournament "Trident" buyIn: 0.45€ + 0.05€ level: 13 - HandId: #3224003435372216331-103-1709412371 - Holdem no limit (20/80/160) - 2024/03/02 20:46:11 UTC
Table: 'Trident(750646795)#0010' 3-max (real money) Seat #1 is the button
Seat 1: Alain C T (4271, 0.99€ bounty)
Seat 2: P1xel7 (1369, 1.15€ bounty)
Seat 3: ---BALEK--- (6794, 0.55€ bounty)
*** ANTE/BLINDS ***
P1xel7 posts ante 20
---BALEK--- posts ante 20
Alain C T posts ante 20
P1xel7 posts small blind 80
---BALEK--- posts big blind 160
Dealt to P1xel7 [Jd 4d]
*** PRE-FLOP *** 
Alain C T calls 160
P1xel7 folds
---BALEK--- checks
*** FLOP *** [Th Qc 8c]
---BALEK--- checks
Alain C T bets 320
---BALEK--- folds
Alain C T collected 780 from pot
*** SUMMARY ***
Total pot 780 | No rake
Board: [Th Qc 8c]
Seat 1: Alain C T (button) won 780


Winamax Poker - Tournament "Trident" buyIn: 0.45€ + 0.05€ level: 13 - HandId: #3224003435372216331-104-1709412390 - Holdem no limit (20/80/160) - 2024/03/02 20:46:30 UTC
Table: 'Trident(750646795)#0010' 3-max (real money) Seat #2 is the button
Seat 1: Alain C T (4551, 0.99€ bounty)
Seat 2: P1xel7 (1269, 1.15€ bounty)
Seat 3: ---BALEK--- (6614, 0.55€ bounty)
*** ANTE/BLINDS ***
---BALEK--- posts ante 20
Alain C T posts ante 20
P1xel7 posts ante 20
---BALEK--- posts small blind 80
Alain C T posts big blind 160
Dealt to P1xel7 [3c 8d]
*** PRE-FLOP *** 
P1xel7 folds
---BALEK--- calls 80
Alain C T checks
*** FLOP *** [5d Qd Jh]
---BALEK--- checks
Alain C T bets 320
---BALEK--- folds
Alain C T collected 700 from pot
*** SUMMARY ***
Total pot 700 | No rake
Board: [5d Qd Jh]
Seat 1: Alain C T (big blind) won 700


Winamax Poker - Tournament "Trident" buyIn: 0.45€ + 0.05€ level: 13 - HandId: #3224003435372216331-105-1709412408 - Holdem no limit (20/80/160) - 2024/03/02 20:46:48 UTC
Table: 'Trident(750646795)#0010' 3-max (real money) Seat #3 is the button
Seat 1: Alain C T (4751, 0.99€ bounty)
Seat 2: P1xel7 (1249, 1.15€ bounty)
Seat 3: ---BALEK--- (6434, 0.55€ bounty)
*** ANTE/BLINDS ***
Alain C T posts ante 20
P1xel7 posts ante 20
---BALEK--- posts ante 20
Alain C T posts small blind 80
P1xel7 posts big blind 160
Dealt to P1xel7 [8s 5d]
*** PRE-FLOP *** 
---BALEK--- folds
Alain C T calls 80
P1xel7 checks
*** FLOP *** [Kd 7s 9d]
Alain C T checks
P1xel7 bets 240
Alain C T folds
P1xel7 collected 620 from pot
*** SUMMARY ***
Total pot 620 | No rake
Board: [Kd 7s 9d]
Seat 2: P1xel7 (big blind) won 620


Winamax Poker - Tournament "Trident" buyIn: 0.45€ + 0.05€ level: 13 - HandId: #3224003435372216331-106-1709412425 - Holdem no limit (20/80/160) - 2024/03/02 20:47:05 UTC
Table: 'Trident(750646795)#0010' 3-max (real money) Seat #1 is the button
Seat 1: Alain C T (4571, 0.99€ bounty)
Seat 2: P1xel7 (1449, 1.15€ bounty)
Seat 3: ---BALEK--- (6414, 0.55€ bounty)
*** ANTE/BLINDS ***
P1xel7 posts ante 20
---BALEK--- posts ante 20
Alain C T posts ante 20
P1xel7 posts small blind 80
---BALEK--- posts big blind 160
Dealt to P1xel7 [8h 4d]
*** PRE-FLOP *** 
Alain C T folds
P1xel7 folds
---BALEK--- collected 300 from pot
*** SUMMARY ***
Total pot 300 | No rake
Seat 3: ---BALEK--- (big blind) won 300


Winamax Poker - Tournament "Trident" buyIn: 0.45€ + 0.05€ level: 13 - HandId: #3224003435372216331-107-1709412431 - Holdem no limit (20/80/160) - 2024/03/02 20:47:11 UTC
Table: 'Trident(750646795)#0010' 3-max (real money) Seat #2 is the button
Seat 1: Alain C T (4551, 0.99€ bounty)
Seat 2: P1xel7 (1349, 1.15€ bounty)
Seat 3: ---BALEK--- (6534, 0.55€ bounty)
*** ANTE/BLINDS ***
---BALEK--- posts ante 20
Alain C T posts ante 20
P1xel7 posts ante 20
---BALEK--- posts small blind 80
Alain C T posts big blind 160
Dealt to P1xel7 [2c Qd]
*** PRE-FLOP *** 
P1xel7 folds
---BALEK--- calls 80
Alain C T checks
*** FLOP *** [2s Ah 6h]
---BALEK--- bets 160
Alain C T folds
---BALEK--- collected 540 from pot
*** SUMMARY ***
Total pot 540 | No rake
Board: [2s Ah 6h]
Seat 3: ---BALEK--- (small blind) won 540


Winamax Poker - Tournament "Trident" buyIn: 0.45€ + 0.05€ level: 13 - HandId: #3224003435372216331-108-1709412444 - Holdem no limit (20/80/160) - 2024/03/02 20:47:24 UTC
Table: 'Trident(750646795)#0010' 3-max (real money) Seat #3 is the button
Seat 1: Alain C T (4371, 0.99€ bounty)
Seat 2: P1xel7 (1329, 1.15€ bounty)
Seat 3: ---BALEK--- (6734, 0.55€ bounty)
*** ANTE/BLINDS ***
Alain C T posts ante 20
P1xel7 posts ante 20
---BALEK--- posts ante 20
Alain C T posts small blind 80
P1xel7 posts big blind 160
Dealt to P1xel7 [6h 4d]
*** PRE-FLOP *** 
---BALEK--- folds
Alain C T raises 320 to 480
P1xel7 folds
Alain C T collected 700 from pot
*** SUMMARY ***
Total pot 700 | No rake
Seat 1: Alain C T (small blind) won 700


Winamax Poker - Tournament "Trident" buyIn: 0.45€ + 0.05€ level: 14 - HandId: #3224003435372216331-109-1709412453 - Holdem no limit (25/100/200) - 2024/03/02 20:47:33 UTC
Table: 'Trident(750646795)#0010' 3-max (real money) Seat #1 is the button
Seat 1: Alain C T (4571, 0.99€ bounty)
Seat 2: P1xel7 (1149, 1.15€ bounty)
Seat 3: ---BALEK--- (6714, 0.55€ bounty)
*** ANTE/BLINDS ***
P1xel7 posts ante 25
---BALEK--- posts ante 25
Alain C T posts ante 25
P1xel7 posts small blind 100
---BALEK--- posts big blind 200
Dealt to P1xel7 [8h Jc]
*** PRE-FLOP *** 
Alain C T folds
P1xel7 folds
---BALEK--- collected 375 from pot
*** SUMMARY ***
Total pot 375 | No rake
Seat 3: ---BALEK--- (big blind) won 375


Winamax Poker - Tournament "Trident" buyIn: 0.45€ + 0.05€ level: 14 - HandId: #3224003435372216331-110-1709412461 - Holdem no limit (25/100/200) - 2024/03/02 20:47:41 UTC
Table: 'Trident(750646795)#0010' 3-max (real money) Seat #2 is the button
Seat 1: Alain C T (4546, 0.99€ bounty)
Seat 2: P1xel7 (1024, 1.15€ bounty)
Seat 3: ---BALEK--- (6864, 0.55€ bounty)
*** ANTE/BLINDS ***
---BALEK--- posts ante 25
Alain C T posts ante 25
P1xel7 posts ante 25
---BALEK--- posts small blind 100
Alain C T posts big blind 200
Dealt to P1xel7 [Ks 6h]
*** PRE-FLOP *** 
P1xel7 raises 799 to 999 and is all-in
---BALEK--- calls 899
Alain C T folds
*** FLOP *** [Ac 4c 5c]
*** TURN *** [Ac 4c 5c][8c]
*** RIVER *** [Ac 4c 5c 8c][7h]
*** SHOW DOWN ***
---BALEK--- shows [Kh Jh] (High card : Ace)
P1xel7 shows [Ks 6h] (Straight 8 high)
P1xel7 collected 2273 from pot
*** SUMMARY ***
Total pot 2273 | No rake
Board: [Ac 4c 5c 8c 7h]
Seat 2: P1xel7 (button) showed [Ks 6h] and won 2273 with Straight 8 high
Seat 3: ---BALEK--- (small blind) showed [Kh Jh] and lost with High card : Ace


Winamax Poker - Tournament "Trident" buyIn: 0.45€ + 0.05€ level: 14 - HandId: #3224003435372216331-111-1709412477 - Holdem no limit (25/100/200) - 2024/03/02 20:47:57 UTC
Table: 'Trident(750646795)#0010' 3-max (real money) Seat #3 is the button
Seat 1: Alain C T (4321, 0.99€ bounty)
Seat 2: P1xel7 (2273, 1.15€ bounty)
Seat 3: ---BALEK--- (5840, 0.55€ bounty)
*** ANTE/BLINDS ***
Alain C T posts ante 25
P1xel7 posts ante 25
---BALEK--- posts ante 25
Alain C T posts small blind 100
P1xel7 posts big blind 200
Dealt to P1xel7 [6h 8d]
*** PRE-FLOP *** 
---BALEK--- folds
Alain C T folds
P1xel7 collected 375 from pot
*** SUMMARY ***
Total pot 375 | No rake
Seat 2: P1xel7 (big blind) won 375


Winamax Poker - Tournament "Trident" buyIn: 0.45€ + 0.05€ level: 14 - HandId: #3224003435372216331-112-1709412482 - Holdem no limit (25/100/200) - 2024/03/02 20:48:02 UTC
Table: 'Trident(750646795)#0010' 3-max (real money) Seat #1 is the button
Seat 1: Alain C T (4196, 0.99€ bounty)
Seat 2: P1xel7 (2423, 1.15€ bounty)
Seat 3: ---BALEK--- (5815, 0.55€ bounty)
*** ANTE/BLINDS ***
P1xel7 posts ante 25
---BALEK--- posts ante 25
Alain C T posts ante 25
P1xel7 posts small blind 100
---BALEK--- posts big blind 200
Dealt to P1xel7 [6h Kd]
*** PRE-FLOP *** 
Alain C T folds
P1xel7 folds
---BALEK--- collected 375 from pot
*** SUMMARY ***
Total pot 375 | No rake
Seat 3: ---BALEK--- (big blind) won 375


Winamax Poker - Tournament "Trident" buyIn: 0.45€ + 0.05€ level: 14 - HandId: #3224003435372216331-113-1709412487 - Holdem no limit (25/100/200) - 2024/03/02 20:48:07 UTC
Table: 'Trident(750646795)#0010' 3-max (real money) Seat #2 is the button
Seat 1: Alain C T (4171, 0.99€ bounty)
Seat 2: P1xel7 (2298, 1.15€ bounty)
Seat 3: ---BALEK--- (5965, 0.55€ bounty)
*** ANTE/BLINDS ***
---BALEK--- posts ante 25
Alain C T posts ante 25
P1xel7 posts ante 25
---BALEK--- posts small blind 100
Alain C T posts big blind 200
Dealt to P1xel7 [4d 3c]
*** PRE-FLOP *** 
P1xel7 folds
---BALEK--- calls 100
Alain C T checks
*** FLOP *** [Ts Jh 5s]
---BALEK--- checks
Alain C T checks
*** TURN *** [Ts Jh 5s][6s]
---BALEK--- bets 200
Alain C T folds
---BALEK--- collected 675 from pot
*** SUMMARY ***
Total pot 675 | No rake
Board: [Ts Jh 5s 6s]
Seat 3: ---BALEK--- (small blind) won 675


Winamax Poker - Tournament "Trident" buyIn: 0.45€ + 0.05€ level: 14 - HandId: #3224003435372216331-114-1709412503 - Holdem no limit (25/100/200) - 2024/03/02 20:48:23 UTC
Table: 'Trident(750646795)#0010' 3-max (real money) Seat #3 is the button
Seat 1: Alain C T (3946, 0.99€ bounty)
Seat 2: P1xel7 (2273, 1.15€ bounty)
Seat 3: ---BALEK--- (6215, 0.55€ bounty)
*** ANTE/BLINDS ***
Alain C T posts ante 25
P1xel7 posts ante 25
---BALEK--- posts ante 25
Alain C T posts small blind 100
P1xel7 posts big blind 200
Dealt to P1xel7 [Tc 8h]
*** PRE-FLOP *** 
---BALEK--- raises 200 to 400
Alain C T folds
P1xel7 folds
---BALEK--- collected 775 from pot
*** SUMMARY ***
Total pot 775 | No rake
Seat 3: ---BALEK--- (button) won 775


Winamax Poker - Tournament "Trident" buyIn: 0.45€ + 0.05€ level: 14 - HandId: #3224003435372216331-115-1709412511 - Holdem no limit (25/100/200) - 2024/03/02 20:48:31 UTC
Table: 'Trident(750646795)#0010' 3-max (real money) Seat #1 is the button
Seat 1: Alain C T (3821, 0.99€ bounty)
Seat 2: P1xel7 (2048, 1.15€ bounty)
Seat 3: ---BALEK--- (6565, 0.55€ bounty)
*** ANTE/BLINDS ***
P1xel7 posts ante 25
---BALEK--- posts ante 25
Alain C T posts ante 25
P1xel7 posts small blind 100
---BALEK--- posts big blind 200
Dealt to P1xel7 [2s Js]
*** PRE-FLOP *** 
Alain C T folds
P1xel7 folds
---BALEK--- collected 375 from pot
*** SUMMARY ***
Total pot 375 | No rake
Seat 3: ---BALEK--- (big blind) won 375


Winamax Poker - Tournament "Trident" buyIn: 0.45€ + 0.05€ level: 14 - HandId: #3224003435372216331-116-1709412517 - Holdem no limit (25/100/200) - 2024/03/02 20:48:37 UTC
Table: 'Trident(750646795)#0010' 3-max (real money) Seat #2 is the button
Seat 1: Alain C T (3796, 0.99€ bounty)
Seat 2: P1xel7 (1923, 1.15€ bounty)
Seat 3: ---BALEK--- (6715, 0.55€ bounty)
*** ANTE/BLINDS ***
---BALEK--- posts ante 25
Alain C T posts ante 25
P1xel7 posts ante 25
---BALEK--- posts small blind 100
Alain C T posts big blind 200
Dealt to P1xel7 [3d 7s]
*** PRE-FLOP *** 
P1xel7 folds
---BALEK--- folds
Alain C T collected 375 from pot
*** SUMMARY ***
Total pot 375 | No rake
Seat 1: Alain C T (big blind) won 375


Winamax Poker - Tournament "Trident" buyIn: 0.45€ + 0.05€ level: 14 - HandId: #3224003435372216331-117-1709412525 - Holdem no limit (25/100/200) - 2024/03/02 20:48:45 UTC
Table: 'Trident(750646795)#0010' 3-max (real money) Seat #3 is the button
Seat 1: Alain C T (3946, 0.99€ bounty)
Seat 2: P1xel7 (1898, 1.15€ bounty)
Seat 3: ---BALEK--- (6590, 0.55€ bounty)
*** ANTE/BLINDS ***
Alain C T posts ante 25
P1xel7 posts ante 25
---BALEK--- posts ante 25
Alain C T posts small blind 100
P1xel7 posts big blind 200
Dealt to P1xel7 [6d 5s]
*** PRE-FLOP *** 
---BALEK--- raises 200 to 400
Alain C T calls 300
P1xel7 calls 200
*** FLOP *** [4c Kh Qh]
Alain C T checks
P1xel7 checks
---BALEK--- bets 400
Alain C T folds
P1xel7 folds
---BALEK--- collected 1675 from pot
*** SUMMARY ***
Total pot 1675 | No rake
Board: [4c Kh Qh]
Seat 3: ---BALEK--- (button) won 1675


Winamax Poker - Tournament "Trident" buyIn: 0.45€ + 0.05€ level: 14 - HandId: #3224003435372216323-103-1709412573 - Holdem no limit (25/100/200) - 2024/03/02 20:49:33 UTC
Table: 'Trident(750646795)#0002' 3-max (real money) Seat #3 is the button
Seat 1: MayThe4thBWM (6918, 0.98€ bounty)
Seat 2: P1xel7 (1473, 1.15€ bounty)
Seat 3: Mr Chin (6936, 1.37€ bounty)
*** ANTE/BLINDS ***
MayThe4thBWM posts ante 25
P1xel7 posts ante 25
Mr Chin posts ante 25
MayThe4thBWM posts small blind 100
P1xel7 posts big blind 200
Dealt to P1xel7 [6c Tc]
*** PRE-FLOP *** 
Mr Chin raises 200 to 400
MayThe4thBWM folds
P1xel7 calls 200
*** FLOP *** [9s Qs 2c]
P1xel7 checks
Mr Chin bets 300
P1xel7 folds
Mr Chin collected 1275 from pot
*** SUMMARY ***
Total pot 1275 | No rake
Board: [9s Qs 2c]
Seat 3: Mr Chin (button) won 1275


Winamax Poker - Tournament "Trident" buyIn: 0.45€ + 0.05€ level: 15 - HandId: #3224003435372216323-104-1709412604 - Holdem no limit (30/125/250) - 2024/03/02 20:50:04 UTC
Table: 'Trident(750646795)#0002' 3-max (real money) Seat #1 is the button
Seat 1: MayThe4thBWM (6793, 0.98€ bounty)
Seat 2: P1xel7 (1048, 1.15€ bounty)
Seat 3: Mr Chin (7486, 1.37€ bounty)
*** ANTE/BLINDS ***
P1xel7 posts ante 30
Mr Chin posts ante 30
MayThe4thBWM posts ante 30
P1xel7 posts small blind 125
Mr Chin posts big blind 250
Dealt to P1xel7 [Th 3d]
*** PRE-FLOP *** 
MayThe4thBWM folds
P1xel7 folds
Mr Chin collected 465 from pot
*** SUMMARY ***
Total pot 465 | No rake
Seat 3: Mr Chin (big blind) won 465


Winamax Poker - Tournament "Trident" buyIn: 0.45€ + 0.05€ level: 15 - HandId: #3224003435372216323-105-1709412616 - Holdem no limit (30/125/250) - 2024/03/02 20:50:16 UTC
Table: 'Trident(750646795)#0002' 3-max (real money) Seat #2 is the button
Seat 1: MayThe4thBWM (6763, 0.98€ bounty)
Seat 2: P1xel7 (893, 1.15€ bounty)
Seat 3: Mr Chin (7671, 1.37€ bounty)
*** ANTE/BLINDS ***
Mr Chin posts ante 30
MayThe4thBWM posts ante 30
P1xel7 posts ante 30
Mr Chin posts small blind 125
MayThe4thBWM posts big blind 250
Dealt to P1xel7 [3d 6c]
*** PRE-FLOP *** 
P1xel7 folds
Mr Chin folds
MayThe4thBWM collected 465 from pot
*** SUMMARY ***
Total pot 465 | No rake
Seat 1: MayThe4thBWM (big blind) won 465


Winamax Poker - Tournament "Trident" buyIn: 0.45€ + 0.05€ level: 15 - HandId: #3224003435372216323-106-1709412627 - Holdem no limit (30/125/250) - 2024/03/02 20:50:27 UTC
Table: 'Trident(750646795)#0002' 3-max (real money) Seat #3 is the button
Seat 1: MayThe4thBWM (6948, 0.98€ bounty)
Seat 2: P1xel7 (863, 1.15€ bounty)
Seat 3: Mr Chin (7516, 1.37€ bounty)
*** ANTE/BLINDS ***
MayThe4thBWM posts ante 30
P1xel7 posts ante 30
Mr Chin posts ante 30
MayThe4thBWM posts small blind 125
P1xel7 posts big blind 250
Dealt to P1xel7 [6d 2s]
*** PRE-FLOP *** 
Mr Chin folds
MayThe4thBWM raises 6668 to 6918 and is all-in
P1xel7 folds
MayThe4thBWM collected 7258 from pot
*** SUMMARY ***
Total pot 7258 | No rake
Seat 1: MayThe4thBWM (small blind) won 7258


Winamax Poker - Tournament "Trident" buyIn: 0.45€ + 0.05€ level: 15 - HandId: #3224003435372216323-107-1709412635 - Holdem no limit (30/125/250) - 2024/03/02 20:50:35 UTC
Table: 'Trident(750646795)#0002' 3-max (real money) Seat #1 is the button
Seat 1: MayThe4thBWM (7258, 0.98€ bounty)
Seat 2: P1xel7 (583, 1.15€ bounty)
Seat 3: Mr Chin (7486, 1.37€ bounty)
*** ANTE/BLINDS ***
P1xel7 posts ante 30
Mr Chin posts ante 30
MayThe4thBWM posts ante 30
P1xel7 posts small blind 125
Mr Chin posts big blind 250
Dealt to P1xel7 [9d 5s]
*** PRE-FLOP *** 
MayThe4thBWM raises 275 to 525
P1xel7 folds
Mr Chin folds
MayThe4thBWM collected 990 from pot
*** SUMMARY ***
Total pot 990 | No rake
Seat 1: MayThe4thBWM (button) won 990


Winamax Poker - Tournament "Trident" buyIn: 0.45€ + 0.05€ level: 15 - HandId: #3224003435372216323-108-1709412647 - Holdem no limit (30/125/250) - 2024/03/02 20:50:47 UTC
Table: 'Trident(750646795)#0002' 3-max (real money) Seat #2 is the button
Seat 1: MayThe4thBWM (7693, 0.98€ bounty)
Seat 2: P1xel7 (428, 1.15€ bounty)
Seat 3: Mr Chin (7206, 1.37€ bounty)
*** ANTE/BLINDS ***
Mr Chin posts ante 30
MayThe4thBWM posts ante 30
P1xel7 posts ante 30
Mr Chin posts small blind 125
MayThe4thBWM posts big blind 250
Dealt to P1xel7 [9d 5d]
*** PRE-FLOP *** 
P1xel7 folds
Mr Chin folds
MayThe4thBWM collected 465 from pot
*** SUMMARY ***
Total pot 465 | No rake
Seat 1: MayThe4thBWM (big blind) won 465


Winamax Poker - Tournament "Trident" buyIn: 0.45€ + 0.05€ level: 15 - HandId: #3224003435372216323-109-1709412656 - Holdem no limit (30/125/250) - 2024/03/02 20:50:56 UTC
Table: 'Trident(750646795)#0002' 3-max (real money) Seat #3 is the button
Seat 1: MayThe4thBWM (7878, 0.98€ bounty)
Seat 2: P1xel7 (398, 1.15€ bounty)
Seat 3: Mr Chin (7051, 1.37€ bounty)
*** ANTE/BLINDS ***
MayThe4thBWM posts ante 30
P1xel7 posts ante 30
Mr Chin posts ante 30
MayThe4thBWM posts small blind 125
P1xel7 posts big blind 250
Dealt to P1xel7 [6c 2h]
*** PRE-FLOP *** 
Mr Chin folds
MayThe4thBWM raises 275 to 525
P1xel7 calls 118 and is all-in
*** FLOP *** [Qc 5s Ah]
*** TURN *** [Qc 5s Ah][9d]
*** RIVER *** [Qc 5s Ah 9d][Ad]
*** SHOW DOWN ***
P1xel7 shows [6c 2h] (One pair : Aces)
MayThe4thBWM shows [7c 2s] (One pair : Aces)
MayThe4thBWM collected 983 from pot
*** SUMMARY ***
Total pot 983 | No rake
Board: [Qc 5s Ah 9d Ad]
Seat 1: MayThe4thBWM (small blind) showed [7c 2s] and won 983 with One pair : Aces
Seat 2: P1xel7 (big blind) showed [6c 2h] and lost with One pair : Aces


