Winamax Poker - Tournament "SKENIGMA Payant B" buyIn: 2.70€ + 0.30€ level: 1 - HandId: #3229252911905112065-1-1709667004 - Holdem no limit (15/50/100) - 2024/03/05 19:30:04 UTC
Table: 'SKENIGMA Payant B(751869034)#00' 6-max (real money) Seat #4 is the button
Seat 1: P1xel7 (20000)
Seat 4: archylamoula (20000)
Seat 5: Abdecadabra (20000)
Seat 6: Etisan (20000)
*** ANTE/BLINDS ***
Abdecadabra posts ante 15
Etisan posts ante 15
P1xel7 posts ante 15
archylamoula posts ante 15
Abdecadabra posts small blind 50
Etisan posts big blind 100
Dealt to P1xel7 [6c 5h]
*** PRE-FLOP *** 
P1xel7 folds
archylamoula folds
Abdecadabra raises 100 to 200
Etisan folds
Abdecadabra collected 360 from pot
*** SUMMARY ***
Total pot 360 | No rake
Seat 5: Abdecadabra (small blind) won 360


Winamax Poker - Tournament "SKENIGMA Payant B" buyIn: 2.70€ + 0.30€ level: 1 - HandId: #3229252911905112065-2-1709667119 - Holdem no limit (15/50/100) - 2024/03/05 19:31:59 UTC
Table: 'SKENIGMA Payant B(751869034)#00' 6-max (real money) Seat #5 is the button
Seat 1: P1xel7 (19985)
Seat 4: archylamoula (19985)
Seat 5: Abdecadabra (20145)
Seat 6: Etisan (19885)
*** ANTE/BLINDS ***
Etisan posts ante 15
P1xel7 posts ante 15
archylamoula posts ante 15
Abdecadabra posts ante 15
Etisan posts small blind 50
P1xel7 posts big blind 100
Dealt to P1xel7 [8c Kc]
*** PRE-FLOP *** 
archylamoula raises 100 to 200
Abdecadabra folds
Etisan folds
P1xel7 calls 100
*** FLOP *** [5d 5c 2d]
P1xel7 checks
archylamoula checks
*** TURN *** [5d 5c 2d][8h]
P1xel7 bets 350
archylamoula folds
P1xel7 collected 860 from pot
*** SUMMARY ***
Total pot 860 | No rake
Board: [5d 5c 2d 8h]
Seat 1: P1xel7 (big blind) won 860


Winamax Poker - Tournament "SKENIGMA Payant B" buyIn: 2.70€ + 0.30€ level: 1 - HandId: #3229252911905112065-3-1709667181 - Holdem no limit (15/50/100) - 2024/03/05 19:33:01 UTC
Table: 'SKENIGMA Payant B(751869034)#00' 6-max (real money) Seat #6 is the button
Seat 1: P1xel7 (20280)
Seat 4: archylamoula (19770)
Seat 5: Abdecadabra (20130)
Seat 6: Etisan (19820)
*** ANTE/BLINDS ***
P1xel7 posts ante 15
archylamoula posts ante 15
Abdecadabra posts ante 15
Etisan posts ante 15
P1xel7 posts small blind 50
archylamoula posts big blind 100
Dealt to P1xel7 [Qs Th]
*** PRE-FLOP *** 
Abdecadabra folds
Etisan folds
P1xel7 raises 200 to 300
archylamoula folds
P1xel7 collected 460 from pot
*** SUMMARY ***
Total pot 460 | No rake
Seat 1: P1xel7 (small blind) won 460


Winamax Poker - Tournament "SKENIGMA Payant B" buyIn: 2.70€ + 0.30€ level: 1 - HandId: #3229252911905112065-4-1709667211 - Holdem no limit (15/50/100) - 2024/03/05 19:33:31 UTC
Table: 'SKENIGMA Payant B(751869034)#00' 6-max (real money) Seat #1 is the button
Seat 1: P1xel7 (20425)
Seat 4: archylamoula (19655)
Seat 5: Abdecadabra (20115)
Seat 6: Etisan (19805)
*** ANTE/BLINDS ***
archylamoula posts ante 15
Abdecadabra posts ante 15
P1xel7 posts ante 15
Etisan posts ante 15
archylamoula posts small blind 50
Abdecadabra posts big blind 100
Dealt to P1xel7 [7c 2h]
*** PRE-FLOP *** 
Etisan folds
P1xel7 folds
archylamoula raises 200 to 300
Abdecadabra folds
archylamoula collected 460 from pot
*** SUMMARY ***
Total pot 460 | No rake
Seat 4: archylamoula (small blind) won 460


Winamax Poker - Tournament "SKENIGMA Payant B" buyIn: 2.70€ + 0.30€ level: 1 - HandId: #3229252911905112065-5-1709667224 - Holdem no limit (15/50/100) - 2024/03/05 19:33:44 UTC
Table: 'SKENIGMA Payant B(751869034)#00' 6-max (real money) Seat #4 is the button
Seat 1: P1xel7 (20410)
Seat 4: archylamoula (19800)
Seat 5: Abdecadabra (20000)
Seat 6: Etisan (19790)
*** ANTE/BLINDS ***
Abdecadabra posts ante 15
Etisan posts ante 15
P1xel7 posts ante 15
archylamoula posts ante 15
Abdecadabra posts small blind 50
Etisan posts big blind 100
Dealt to P1xel7 [Ac Ts]
*** PRE-FLOP *** 
P1xel7 raises 200 to 300
archylamoula folds
Abdecadabra folds
Etisan calls 200
*** FLOP *** [3s 2d 6s]
Etisan checks
P1xel7 bets 250
Etisan folds
P1xel7 collected 960 from pot
*** SUMMARY ***
Total pot 960 | No rake
Board: [3s 2d 6s]
Seat 1: P1xel7 won 960


Winamax Poker - Tournament "SKENIGMA Payant B" buyIn: 2.70€ + 0.30€ level: 1 - HandId: #3229252911905112065-6-1709667282 - Holdem no limit (15/50/100) - 2024/03/05 19:34:42 UTC
Table: 'SKENIGMA Payant B(751869034)#00' 6-max (real money) Seat #5 is the button
Seat 1: P1xel7 (20805)
Seat 4: archylamoula (19785)
Seat 5: Abdecadabra (19935)
Seat 6: Etisan (19475)
*** ANTE/BLINDS ***
Etisan posts ante 15
P1xel7 posts ante 15
archylamoula posts ante 15
Abdecadabra posts ante 15
Etisan posts small blind 50
P1xel7 posts big blind 100
Dealt to P1xel7 [Qd 6d]
*** PRE-FLOP *** 
archylamoula folds
Abdecadabra raises 100 to 200
Etisan folds
P1xel7 folds
Abdecadabra collected 410 from pot
*** SUMMARY ***
Total pot 410 | No rake
Seat 5: Abdecadabra (button) won 410


Winamax Poker - Tournament "SKENIGMA Payant B" buyIn: 2.70€ + 0.30€ level: 1 - HandId: #3229252911905112065-7-1709667304 - Holdem no limit (15/50/100) - 2024/03/05 19:35:04 UTC
Table: 'SKENIGMA Payant B(751869034)#00' 6-max (real money) Seat #6 is the button
Seat 1: P1xel7 (20690)
Seat 4: archylamoula (19770)
Seat 5: Abdecadabra (20130)
Seat 6: Etisan (19410)
*** ANTE/BLINDS ***
P1xel7 posts ante 15
archylamoula posts ante 15
Abdecadabra posts ante 15
Etisan posts ante 15
P1xel7 posts small blind 50
archylamoula posts big blind 100
Dealt to P1xel7 [2s 6d]
*** PRE-FLOP *** 
Abdecadabra folds
Etisan raises 150 to 250
P1xel7 folds
archylamoula folds
Etisan collected 460 from pot
*** SUMMARY ***
Total pot 460 | No rake
Seat 6: Etisan (button) won 460


Winamax Poker - Tournament "SKENIGMA Payant B" buyIn: 2.70€ + 0.30€ level: 1 - HandId: #3229252911905112065-8-1709667326 - Holdem no limit (15/50/100) - 2024/03/05 19:35:26 UTC
Table: 'SKENIGMA Payant B(751869034)#00' 6-max (real money) Seat #1 is the button
Seat 1: P1xel7 (20625)
Seat 4: archylamoula (19655)
Seat 5: Abdecadabra (20115)
Seat 6: Etisan (19605)
*** ANTE/BLINDS ***
archylamoula posts ante 15
Abdecadabra posts ante 15
P1xel7 posts ante 15
Etisan posts ante 15
archylamoula posts small blind 50
Abdecadabra posts big blind 100
Dealt to P1xel7 [Js 2c]
*** PRE-FLOP *** 
Etisan folds
P1xel7 folds
archylamoula folds
Abdecadabra collected 210 from pot
*** SUMMARY ***
Total pot 210 | No rake
Seat 5: Abdecadabra (big blind) won 210


Winamax Poker - Tournament "SKENIGMA Payant B" buyIn: 2.70€ + 0.30€ level: 1 - HandId: #3229252911905112065-9-1709667339 - Holdem no limit (15/50/100) - 2024/03/05 19:35:39 UTC
Table: 'SKENIGMA Payant B(751869034)#00' 6-max (real money) Seat #4 is the button
Seat 1: P1xel7 (20610)
Seat 4: archylamoula (19590)
Seat 5: Abdecadabra (20210)
Seat 6: Etisan (19590)
*** ANTE/BLINDS ***
Abdecadabra posts ante 15
Etisan posts ante 15
P1xel7 posts ante 15
archylamoula posts ante 15
Abdecadabra posts small blind 50
Etisan posts big blind 100
Dealt to P1xel7 [Qh 7s]
*** PRE-FLOP *** 
P1xel7 folds
archylamoula folds
Abdecadabra folds
Etisan collected 210 from pot
*** SUMMARY ***
Total pot 210 | No rake
Seat 6: Etisan (big blind) won 210


Winamax Poker - Tournament "SKENIGMA Payant B" buyIn: 2.70€ + 0.30€ level: 1 - HandId: #3229252911905112065-10-1709667360 - Holdem no limit (15/50/100) - 2024/03/05 19:36:00 UTC
Table: 'SKENIGMA Payant B(751869034)#00' 6-max (real money) Seat #5 is the button
Seat 1: P1xel7 (20595)
Seat 4: archylamoula (19575)
Seat 5: Abdecadabra (20145)
Seat 6: Etisan (19685)
*** ANTE/BLINDS ***
Etisan posts ante 15
P1xel7 posts ante 15
archylamoula posts ante 15
Abdecadabra posts ante 15
Etisan posts small blind 50
P1xel7 posts big blind 100
Dealt to P1xel7 [6s 2d]
*** PRE-FLOP *** 
archylamoula raises 100 to 200
Abdecadabra folds
Etisan folds
P1xel7 folds
archylamoula collected 410 from pot
*** SUMMARY ***
Total pot 410 | No rake
Seat 4: archylamoula won 410


Winamax Poker - Tournament "SKENIGMA Payant B" buyIn: 2.70€ + 0.30€ level: 1 - HandId: #3229252911905112065-11-1709667416 - Holdem no limit (15/50/100) - 2024/03/05 19:36:56 UTC
Table: 'SKENIGMA Payant B(751869034)#00' 6-max (real money) Seat #6 is the button
Seat 1: P1xel7 (20480)
Seat 4: archylamoula (19770)
Seat 5: Abdecadabra (20130)
Seat 6: Etisan (19620)
*** ANTE/BLINDS ***
P1xel7 posts ante 15
archylamoula posts ante 15
Abdecadabra posts ante 15
Etisan posts ante 15
P1xel7 posts small blind 50
archylamoula posts big blind 100
Dealt to P1xel7 [2c Qd]
*** PRE-FLOP *** 
Abdecadabra folds
Etisan folds
P1xel7 folds
archylamoula collected 210 from pot
*** SUMMARY ***
Total pot 210 | No rake
Seat 4: archylamoula (big blind) won 210


Winamax Poker - Tournament "SKENIGMA Payant B" buyIn: 2.70€ + 0.30€ level: 1 - HandId: #3229252911905112065-12-1709667447 - Holdem no limit (15/50/100) - 2024/03/05 19:37:27 UTC
Table: 'SKENIGMA Payant B(751869034)#00' 6-max (real money) Seat #1 is the button
Seat 1: P1xel7 (20415)
Seat 4: archylamoula (19865)
Seat 5: Abdecadabra (20115)
Seat 6: Etisan (19605)
*** ANTE/BLINDS ***
archylamoula posts ante 15
Abdecadabra posts ante 15
P1xel7 posts ante 15
Etisan posts ante 15
archylamoula posts small blind 50
Abdecadabra posts big blind 100
Dealt to P1xel7 [Jc Kh]
*** PRE-FLOP *** 
Etisan folds
P1xel7 raises 150 to 250
archylamoula folds
Abdecadabra folds
P1xel7 collected 460 from pot
*** SUMMARY ***
Total pot 460 | No rake
Seat 1: P1xel7 (button) won 460


Winamax Poker - Tournament "SKENIGMA Payant B" buyIn: 2.70€ + 0.30€ level: 2 - HandId: #3229252911905112065-13-1709667483 - Holdem no limit (20/75/150) - 2024/03/05 19:38:03 UTC
Table: 'SKENIGMA Payant B(751869034)#00' 6-max (real money) Seat #4 is the button
Seat 1: P1xel7 (20610)
Seat 4: archylamoula (19800)
Seat 5: Abdecadabra (20000)
Seat 6: Etisan (19590)
*** ANTE/BLINDS ***
Abdecadabra posts ante 20
Etisan posts ante 20
P1xel7 posts ante 20
archylamoula posts ante 20
Abdecadabra posts small blind 75
Etisan posts big blind 150
Dealt to P1xel7 [Kc Tc]
*** PRE-FLOP *** 
P1xel7 raises 300 to 450
archylamoula folds
Abdecadabra folds
Etisan folds
P1xel7 collected 755 from pot
*** SUMMARY ***
Total pot 755 | No rake
Seat 1: P1xel7 won 755


Winamax Poker - Tournament "SKENIGMA Payant B" buyIn: 2.70€ + 0.30€ level: 2 - HandId: #3229252911905112065-14-1709667518 - Holdem no limit (20/75/150) - 2024/03/05 19:38:38 UTC
Table: 'SKENIGMA Payant B(751869034)#00' 6-max (real money) Seat #5 is the button
Seat 1: P1xel7 (20895)
Seat 4: archylamoula (19780)
Seat 5: Abdecadabra (19905)
Seat 6: Etisan (19420)
*** ANTE/BLINDS ***
Etisan posts ante 20
P1xel7 posts ante 20
archylamoula posts ante 20
Abdecadabra posts ante 20
Etisan posts small blind 75
P1xel7 posts big blind 150
Dealt to P1xel7 [8c Qh]
*** PRE-FLOP *** 
archylamoula folds
Abdecadabra folds
Etisan raises 225 to 375
P1xel7 calls 225
*** FLOP *** [9h 5d Ks]
Etisan bets 291
P1xel7 folds
Etisan collected 1121 from pot
*** SUMMARY ***
Total pot 1121 | No rake
Board: [9h 5d Ks]
Seat 6: Etisan (small blind) won 1121


Winamax Poker - Tournament "SKENIGMA Payant B" buyIn: 2.70€ + 0.30€ level: 2 - HandId: #3229252911905112065-15-1709667560 - Holdem no limit (20/75/150) - 2024/03/05 19:39:20 UTC
Table: 'SKENIGMA Payant B(751869034)#00' 6-max (real money) Seat #6 is the button
Seat 1: P1xel7 (20500)
Seat 4: archylamoula (19760)
Seat 5: Abdecadabra (19885)
Seat 6: Etisan (19855)
*** ANTE/BLINDS ***
P1xel7 posts ante 20
archylamoula posts ante 20
Abdecadabra posts ante 20
Etisan posts ante 20
P1xel7 posts small blind 75
archylamoula posts big blind 150
Dealt to P1xel7 [8d 3c]
*** PRE-FLOP *** 
Abdecadabra raises 150 to 300
Etisan folds
P1xel7 folds
archylamoula folds
Abdecadabra collected 605 from pot
*** SUMMARY ***
Total pot 605 | No rake
Seat 5: Abdecadabra won 605


Winamax Poker - Tournament "SKENIGMA Payant B" buyIn: 2.70€ + 0.30€ level: 2 - HandId: #3229252911905112065-16-1709667588 - Holdem no limit (20/75/150) - 2024/03/05 19:39:48 UTC
Table: 'SKENIGMA Payant B(751869034)#00' 6-max (real money) Seat #1 is the button
Seat 1: P1xel7 (20405)
Seat 4: archylamoula (19590)
Seat 5: Abdecadabra (20170)
Seat 6: Etisan (19835)
*** ANTE/BLINDS ***
archylamoula posts ante 20
Abdecadabra posts ante 20
P1xel7 posts ante 20
Etisan posts ante 20
archylamoula posts small blind 75
Abdecadabra posts big blind 150
Dealt to P1xel7 [Kd 4d]
*** PRE-FLOP *** 
Etisan raises 150 to 300
P1xel7 folds
archylamoula folds
Abdecadabra folds
Etisan collected 605 from pot
*** SUMMARY ***
Total pot 605 | No rake
Seat 6: Etisan won 605


Winamax Poker - Tournament "SKENIGMA Payant B" buyIn: 2.70€ + 0.30€ level: 2 - HandId: #3229252911905112065-17-1709667611 - Holdem no limit (20/75/150) - 2024/03/05 19:40:11 UTC
Table: 'SKENIGMA Payant B(751869034)#00' 6-max (real money) Seat #4 is the button
Seat 1: P1xel7 (20385)
Seat 4: archylamoula (19495)
Seat 5: Abdecadabra (20000)
Seat 6: Etisan (20120)
*** ANTE/BLINDS ***
Abdecadabra posts ante 20
Etisan posts ante 20
P1xel7 posts ante 20
archylamoula posts ante 20
Abdecadabra posts small blind 75
Etisan posts big blind 150
Dealt to P1xel7 [As 4c]
*** PRE-FLOP *** 
P1xel7 raises 225 to 375
archylamoula folds
Abdecadabra folds
Etisan raises 750 to 1125
P1xel7 folds
Etisan collected 1655 from pot
*** SUMMARY ***
Total pot 1655 | No rake
Seat 6: Etisan (big blind) won 1655


Winamax Poker - Tournament "SKENIGMA Payant B" buyIn: 2.70€ + 0.30€ level: 2 - HandId: #3229252911905112065-18-1709667651 - Holdem no limit (20/75/150) - 2024/03/05 19:40:51 UTC
Table: 'SKENIGMA Payant B(751869034)#00' 6-max (real money) Seat #5 is the button
Seat 1: P1xel7 (19990)
Seat 4: archylamoula (19475)
Seat 5: Abdecadabra (19905)
Seat 6: Etisan (20630)
*** ANTE/BLINDS ***
Etisan posts ante 20
P1xel7 posts ante 20
archylamoula posts ante 20
Abdecadabra posts ante 20
Etisan posts small blind 75
P1xel7 posts big blind 150
Dealt to P1xel7 [5d 4d]
*** PRE-FLOP *** 
archylamoula folds
Abdecadabra raises 150 to 300
Etisan folds
P1xel7 calls 150
*** FLOP *** [Jc 4h 7d]
P1xel7 checks
Abdecadabra checks
*** TURN *** [Jc 4h 7d][8h]
P1xel7 checks
Abdecadabra checks
*** RIVER *** [Jc 4h 7d 8h][6d]
P1xel7 bets 375
Abdecadabra folds
P1xel7 collected 1130 from pot
*** SUMMARY ***
Total pot 1130 | No rake
Board: [Jc 4h 7d 8h 6d]
Seat 1: P1xel7 (big blind) won 1130


Winamax Poker - Tournament "SKENIGMA Payant B" buyIn: 2.70€ + 0.30€ level: 2 - HandId: #3229252911905112065-19-1709667714 - Holdem no limit (20/75/150) - 2024/03/05 19:41:54 UTC
Table: 'SKENIGMA Payant B(751869034)#00' 6-max (real money) Seat #6 is the button
Seat 1: P1xel7 (20425)
Seat 4: archylamoula (19455)
Seat 5: Abdecadabra (19585)
Seat 6: Etisan (20535)
*** ANTE/BLINDS ***
P1xel7 posts ante 20
archylamoula posts ante 20
Abdecadabra posts ante 20
Etisan posts ante 20
P1xel7 posts small blind 75
archylamoula posts big blind 150
Dealt to P1xel7 [9c 2d]
*** PRE-FLOP *** 
Abdecadabra raises 150 to 300
Etisan folds
P1xel7 folds
archylamoula folds
Abdecadabra collected 605 from pot
*** SUMMARY ***
Total pot 605 | No rake
Seat 5: Abdecadabra won 605


Winamax Poker - Tournament "SKENIGMA Payant B" buyIn: 2.70€ + 0.30€ level: 2 - HandId: #3229252911905112065-20-1709667760 - Holdem no limit (20/75/150) - 2024/03/05 19:42:40 UTC
Table: 'SKENIGMA Payant B(751869034)#00' 6-max (real money) Seat #1 is the button
Seat 1: P1xel7 (20330)
Seat 4: archylamoula (19285)
Seat 5: Abdecadabra (19870)
Seat 6: Etisan (20515)
*** ANTE/BLINDS ***
archylamoula posts ante 20
Abdecadabra posts ante 20
P1xel7 posts ante 20
Etisan posts ante 20
archylamoula posts small blind 75
Abdecadabra posts big blind 150
Dealt to P1xel7 [As Qd]
*** PRE-FLOP *** 
Etisan folds
P1xel7 raises 225 to 375
archylamoula folds
Abdecadabra folds
P1xel7 collected 680 from pot
*** SUMMARY ***
Total pot 680 | No rake
Seat 1: P1xel7 (button) won 680


Winamax Poker - Tournament "SKENIGMA Payant B" buyIn: 2.70€ + 0.30€ level: 2 - HandId: #3229252911905112065-21-1709667787 - Holdem no limit (20/75/150) - 2024/03/05 19:43:07 UTC
Table: 'SKENIGMA Payant B(751869034)#00' 6-max (real money) Seat #4 is the button
Seat 1: P1xel7 (20615)
Seat 4: archylamoula (19190)
Seat 5: Abdecadabra (19700)
Seat 6: Etisan (20495)
*** ANTE/BLINDS ***
Abdecadabra posts ante 20
Etisan posts ante 20
P1xel7 posts ante 20
archylamoula posts ante 20
Abdecadabra posts small blind 75
Etisan posts big blind 150
Dealt to P1xel7 [4h 3h]
*** PRE-FLOP *** 
P1xel7 folds
archylamoula folds
Abdecadabra calls 75
Etisan checks
*** FLOP *** [4c Th Td]
Abdecadabra checks
Etisan checks
*** TURN *** [4c Th Td][Kd]
Abdecadabra checks
Etisan checks
*** RIVER *** [4c Th Td Kd][4d]
Abdecadabra checks
Etisan checks
*** SHOW DOWN ***
Abdecadabra shows [7d 5s] (Two pairs : Tens and 4)
Etisan shows [5h 3c] (Two pairs : Tens and 4)
Etisan collected 190 from pot
Abdecadabra collected 190 from pot
*** SUMMARY ***
Total pot 380 | No rake
Board: [4c Th Td Kd 4d]
Seat 5: Abdecadabra (small blind) showed [7d 5s] and won 190 with Two pairs : Tens and 4
Seat 6: Etisan (big blind) showed [5h 3c] and won 190 with Two pairs : Tens and 4


Winamax Poker - Tournament "SKENIGMA Payant B" buyIn: 2.70€ + 0.30€ level: 2 - HandId: #3229252911905112065-22-1709667841 - Holdem no limit (20/75/150) - 2024/03/05 19:44:01 UTC
Table: 'SKENIGMA Payant B(751869034)#00' 6-max (real money) Seat #5 is the button
Seat 1: P1xel7 (20595)
Seat 4: archylamoula (19170)
Seat 5: Abdecadabra (19720)
Seat 6: Etisan (20515)
*** ANTE/BLINDS ***
Etisan posts ante 20
P1xel7 posts ante 20
archylamoula posts ante 20
Abdecadabra posts ante 20
Etisan posts small blind 75
P1xel7 posts big blind 150
Dealt to P1xel7 [Qs 3s]
*** PRE-FLOP *** 
archylamoula folds
Abdecadabra folds
Etisan raises 150 to 300
P1xel7 calls 150
*** FLOP *** [4d Qh 5s]
Etisan checks
P1xel7 bets 238
Etisan calls 238
*** TURN *** [4d Qh 5s][Tc]
Etisan checks
P1xel7 bets 578
Etisan folds
P1xel7 collected 1734 from pot
*** SUMMARY ***
Total pot 1734 | No rake
Board: [4d Qh 5s Tc]
Seat 1: P1xel7 (big blind) won 1734


Winamax Poker - Tournament "SKENIGMA Payant B" buyIn: 2.70€ + 0.30€ level: 2 - HandId: #3229252911905112065-23-1709667890 - Holdem no limit (20/75/150) - 2024/03/05 19:44:50 UTC
Table: 'SKENIGMA Payant B(751869034)#00' 6-max (real money) Seat #6 is the button
Seat 1: P1xel7 (21193)
Seat 4: archylamoula (19150)
Seat 5: Abdecadabra (19700)
Seat 6: Etisan (19957)
*** ANTE/BLINDS ***
P1xel7 posts ante 20
archylamoula posts ante 20
Abdecadabra posts ante 20
Etisan posts ante 20
P1xel7 posts small blind 75
archylamoula posts big blind 150
Dealt to P1xel7 [2d 9h]
*** PRE-FLOP *** 
Abdecadabra raises 150 to 300
Etisan folds
P1xel7 folds
archylamoula calls 150
*** FLOP *** [6s Jh Ac]
archylamoula checks
Abdecadabra checks
*** TURN *** [6s Jh Ac][4d]
archylamoula checks
Abdecadabra checks
*** RIVER *** [6s Jh Ac 4d][4c]
archylamoula bets 378
Abdecadabra calls 378
*** SHOW DOWN ***
archylamoula shows [7s Qc] (One pair : 4)
Abdecadabra shows [Js Ks] (Two pairs : Jacks and 4)
Abdecadabra collected 1511 from pot
*** SUMMARY ***
Total pot 1511 | No rake
Board: [6s Jh Ac 4d 4c]
Seat 4: archylamoula (big blind) showed [7s Qc] and lost with One pair : 4
Seat 5: Abdecadabra showed [Js Ks] and won 1511 with Two pairs : Jacks and 4


Winamax Poker - Tournament "SKENIGMA Payant B" buyIn: 2.70€ + 0.30€ level: 2 - HandId: #3229252911905112065-24-1709667940 - Holdem no limit (20/75/150) - 2024/03/05 19:45:40 UTC
Table: 'SKENIGMA Payant B(751869034)#00' 6-max (real money) Seat #1 is the button
Seat 1: P1xel7 (21098)
Seat 4: archylamoula (18452)
Seat 5: Abdecadabra (20513)
Seat 6: Etisan (19937)
*** ANTE/BLINDS ***
archylamoula posts ante 20
Abdecadabra posts ante 20
P1xel7 posts ante 20
Etisan posts ante 20
archylamoula posts small blind 75
Abdecadabra posts big blind 150
Dealt to P1xel7 [6d 3s]
*** PRE-FLOP *** 
Etisan folds
P1xel7 folds
archylamoula folds
Abdecadabra collected 305 from pot
*** SUMMARY ***
Total pot 305 | No rake
Seat 5: Abdecadabra (big blind) won 305


Winamax Poker - Tournament "SKENIGMA Payant B" buyIn: 2.70€ + 0.30€ level: 3 - HandId: #3229252911905112065-25-1709667962 - Holdem no limit (25/100/200) - 2024/03/05 19:46:02 UTC
Table: 'SKENIGMA Payant B(751869034)#00' 6-max (real money) Seat #4 is the button
Seat 1: P1xel7 (21078)
Seat 4: archylamoula (18357)
Seat 5: Abdecadabra (20648)
Seat 6: Etisan (19917)
*** ANTE/BLINDS ***
Abdecadabra posts ante 25
Etisan posts ante 25
P1xel7 posts ante 25
archylamoula posts ante 25
Abdecadabra posts small blind 100
Etisan posts big blind 200
Dealt to P1xel7 [5s Tc]
*** PRE-FLOP *** 
P1xel7 folds
archylamoula folds
Abdecadabra calls 100
Etisan checks
*** FLOP *** [Qd Kc Jc]
Abdecadabra bets 500
Etisan calls 500
*** TURN *** [Qd Kc Jc][4h]
Abdecadabra bets 1500
Etisan calls 1500
*** RIVER *** [Qd Kc Jc 4h][5d]
Abdecadabra checks
Etisan bets 1575
Abdecadabra folds
Etisan collected 6075 from pot
*** SUMMARY ***
Total pot 6075 | No rake
Board: [Qd Kc Jc 4h 5d]
Seat 6: Etisan (big blind) won 6075


Winamax Poker - Tournament "SKENIGMA Payant B" buyIn: 2.70€ + 0.30€ level: 3 - HandId: #3229252911905112065-26-1709668002 - Holdem no limit (25/100/200) - 2024/03/05 19:46:42 UTC
Table: 'SKENIGMA Payant B(751869034)#00' 6-max (real money) Seat #5 is the button
Seat 1: P1xel7 (21053)
Seat 4: archylamoula (18332)
Seat 5: Abdecadabra (18423)
Seat 6: Etisan (22192)
*** ANTE/BLINDS ***
Etisan posts ante 25
P1xel7 posts ante 25
archylamoula posts ante 25
Abdecadabra posts ante 25
Etisan posts small blind 100
P1xel7 posts big blind 200
Dealt to P1xel7 [Jh 5d]
*** PRE-FLOP *** 
archylamoula folds
Abdecadabra calls 200
Etisan folds
P1xel7 checks
*** FLOP *** [Ks 7h 3h]
P1xel7 checks
Abdecadabra checks
*** TURN *** [Ks 7h 3h][Kd]
P1xel7 bets 210
Abdecadabra folds
P1xel7 collected 810 from pot
*** SUMMARY ***
Total pot 810 | No rake
Board: [Ks 7h 3h Kd]
Seat 1: P1xel7 (big blind) won 810


Winamax Poker - Tournament "SKENIGMA Payant B" buyIn: 2.70€ + 0.30€ level: 3 - HandId: #3229252911905112065-27-1709668038 - Holdem no limit (25/100/200) - 2024/03/05 19:47:18 UTC
Table: 'SKENIGMA Payant B(751869034)#00' 6-max (real money) Seat #6 is the button
Seat 1: P1xel7 (21428)
Seat 4: archylamoula (18307)
Seat 5: Abdecadabra (18198)
Seat 6: Etisan (22067)
*** ANTE/BLINDS ***
P1xel7 posts ante 25
archylamoula posts ante 25
Abdecadabra posts ante 25
Etisan posts ante 25
P1xel7 posts small blind 100
archylamoula posts big blind 200
Dealt to P1xel7 [Jc 4c]
*** PRE-FLOP *** 
Abdecadabra folds
Etisan raises 300 to 500
P1xel7 folds
archylamoula calls 300
*** FLOP *** [9h 3d 4h]
archylamoula checks
Etisan checks
*** TURN *** [9h 3d 4h][Jd]
archylamoula checks
Etisan checks
*** RIVER *** [9h 3d 4h Jd][Qd]
archylamoula checks
Etisan checks
*** SHOW DOWN ***
Etisan shows [5d Ac] (High card : Ace)
archylamoula shows [8h As] (High card : Ace)
archylamoula collected 1200 from pot
*** SUMMARY ***
Total pot 1200 | No rake
Board: [9h 3d 4h Jd Qd]
Seat 4: archylamoula (big blind) showed [8h As] and won 1200 with High card : Ace
Seat 6: Etisan (button) showed [5d Ac] and lost with High card : Ace


Winamax Poker - Tournament "SKENIGMA Payant B" buyIn: 2.70€ + 0.30€ level: 3 - HandId: #3229252911905112065-28-1709668107 - Holdem no limit (25/100/200) - 2024/03/05 19:48:27 UTC
Table: 'SKENIGMA Payant B(751869034)#00' 6-max (real money) Seat #1 is the button
Seat 1: P1xel7 (21303)
Seat 4: archylamoula (18982)
Seat 5: Abdecadabra (18173)
Seat 6: Etisan (21542)
*** ANTE/BLINDS ***
archylamoula posts ante 25
Abdecadabra posts ante 25
P1xel7 posts ante 25
Etisan posts ante 25
archylamoula posts small blind 100
Abdecadabra posts big blind 200
Dealt to P1xel7 [7h 8s]
*** PRE-FLOP *** 
Etisan folds
P1xel7 folds
archylamoula raises 300 to 500
Abdecadabra folds
archylamoula collected 800 from pot
*** SUMMARY ***
Total pot 800 | No rake
Seat 4: archylamoula (small blind) won 800


Winamax Poker - Tournament "SKENIGMA Payant B" buyIn: 2.70€ + 0.30€ level: 3 - HandId: #3229252911905112065-29-1709668140 - Holdem no limit (25/100/200) - 2024/03/05 19:49:00 UTC
Table: 'SKENIGMA Payant B(751869034)#00' 6-max (real money) Seat #4 is the button
Seat 1: P1xel7 (21278)
Seat 4: archylamoula (19257)
Seat 5: Abdecadabra (17948)
Seat 6: Etisan (21517)
*** ANTE/BLINDS ***
Abdecadabra posts ante 25
Etisan posts ante 25
P1xel7 posts ante 25
archylamoula posts ante 25
Abdecadabra posts small blind 100
Etisan posts big blind 200
Dealt to P1xel7 [7d 9d]
*** PRE-FLOP *** 
P1xel7 folds
archylamoula folds
Abdecadabra raises 200 to 400
Etisan folds
Abdecadabra collected 700 from pot
*** SUMMARY ***
Total pot 700 | No rake
Seat 5: Abdecadabra (small blind) won 700


Winamax Poker - Tournament "SKENIGMA Payant B" buyIn: 2.70€ + 0.30€ level: 3 - HandId: #3229252911905112065-30-1709668153 - Holdem no limit (25/100/200) - 2024/03/05 19:49:13 UTC
Table: 'SKENIGMA Payant B(751869034)#00' 6-max (real money) Seat #5 is the button
Seat 1: P1xel7 (21253)
Seat 4: archylamoula (19232)
Seat 5: Abdecadabra (18223)
Seat 6: Etisan (21292)
*** ANTE/BLINDS ***
Etisan posts ante 25
P1xel7 posts ante 25
archylamoula posts ante 25
Abdecadabra posts ante 25
Etisan posts small blind 100
P1xel7 posts big blind 200
Dealt to P1xel7 [Qh Td]
*** PRE-FLOP *** 
archylamoula folds
Abdecadabra folds
Etisan folds
P1xel7 collected 400 from pot
*** SUMMARY ***
Total pot 400 | No rake
Seat 1: P1xel7 (big blind) won 400


Winamax Poker - Tournament "SKENIGMA Payant B" buyIn: 2.70€ + 0.30€ level: 3 - HandId: #3229252911905112065-31-1709668166 - Holdem no limit (25/100/200) - 2024/03/05 19:49:26 UTC
Table: 'SKENIGMA Payant B(751869034)#00' 6-max (real money) Seat #6 is the button
Seat 1: P1xel7 (21428)
Seat 4: archylamoula (19207)
Seat 5: Abdecadabra (18198)
Seat 6: Etisan (21167)
*** ANTE/BLINDS ***
P1xel7 posts ante 25
archylamoula posts ante 25
Abdecadabra posts ante 25
Etisan posts ante 25
P1xel7 posts small blind 100
archylamoula posts big blind 200
Dealt to P1xel7 [Ah Ad]
*** PRE-FLOP *** 
Abdecadabra folds
Etisan raises 200 to 400
P1xel7 calls 300
archylamoula calls 200
*** FLOP *** [7d Jd 6d]
P1xel7 bets 455
archylamoula calls 455
Etisan calls 455
*** TURN *** [7d Jd 6d][Th]
P1xel7 bets 1100
archylamoula calls 1100
Etisan calls 1100
*** RIVER *** [7d Jd 6d Th][Kc]
P1xel7 checks
archylamoula bets 2983
Etisan calls 2983
P1xel7 calls 2983
*** SHOW DOWN ***
P1xel7 shows [Ah Ad] (One pair : Aces)
archylamoula shows [4c 5d] (High card : King)
Etisan shows [9s 8s] (Straight Jack high)
Etisan collected 14914 from pot
*** SUMMARY ***
Total pot 14914 | No rake
Board: [7d Jd 6d Th Kc]
Seat 1: P1xel7 (small blind) showed [Ah Ad] and lost with One pair : Aces
Seat 4: archylamoula (big blind) showed [4c 5d] and lost with High card : King
Seat 6: Etisan (button) showed [9s 8s] and won 14914 with Straight Jack high


Winamax Poker - Tournament "SKENIGMA Payant B" buyIn: 2.70€ + 0.30€ level: 3 - HandId: #3229252911905112065-32-1709668286 - Holdem no limit (25/100/200) - 2024/03/05 19:51:26 UTC
Table: 'SKENIGMA Payant B(751869034)#00' 6-max (real money) Seat #1 is the button
Seat 1: P1xel7 (16465)
Seat 4: archylamoula (14244)
Seat 5: Abdecadabra (18173)
Seat 6: Etisan (31118)
*** ANTE/BLINDS ***
archylamoula posts ante 25
Abdecadabra posts ante 25
P1xel7 posts ante 25
Etisan posts ante 25
archylamoula posts small blind 100
Abdecadabra posts big blind 200
Dealt to P1xel7 [6s 8h]
*** PRE-FLOP *** 
Etisan raises 200 to 400
P1xel7 folds
archylamoula calls 300
Abdecadabra folds
*** FLOP *** [Qs 2s 7h]
archylamoula checks
Etisan checks
*** TURN *** [Qs 2s 7h][Kh]
archylamoula bets 385
Etisan calls 385
*** RIVER *** [Qs 2s 7h Kh][Tc]
archylamoula bets 655
Etisan calls 655
*** SHOW DOWN ***
archylamoula shows [Qh 9s] (One pair : Queens)
Etisan shows [6d Kd] (One pair : Kings)
Etisan collected 3180 from pot
*** SUMMARY ***
Total pot 3180 | No rake
Board: [Qs 2s 7h Kh Tc]
Seat 4: archylamoula (small blind) showed [Qh 9s] and lost with One pair : Queens
Seat 6: Etisan showed [6d Kd] and won 3180 with One pair : Kings


Winamax Poker - Tournament "SKENIGMA Payant B" buyIn: 2.70€ + 0.30€ level: 3 - HandId: #3229252911905112065-33-1709668355 - Holdem no limit (25/100/200) - 2024/03/05 19:52:35 UTC
Table: 'SKENIGMA Payant B(751869034)#00' 6-max (real money) Seat #4 is the button
Seat 1: P1xel7 (16440)
Seat 4: archylamoula (12779)
Seat 5: Abdecadabra (17948)
Seat 6: Etisan (32833)
*** ANTE/BLINDS ***
Abdecadabra posts ante 25
Etisan posts ante 25
P1xel7 posts ante 25
archylamoula posts ante 25
Abdecadabra posts small blind 100
Etisan posts big blind 200
Dealt to P1xel7 [2c Kh]
*** PRE-FLOP *** 
P1xel7 folds
archylamoula raises 300 to 500
Abdecadabra folds
Etisan calls 300
*** FLOP *** [7d 3s 7h]
Etisan checks
archylamoula bets 420
Etisan folds
archylamoula collected 1620 from pot
*** SUMMARY ***
Total pot 1620 | No rake
Board: [7d 3s 7h]
Seat 4: archylamoula (button) won 1620


Winamax Poker - Tournament "SKENIGMA Payant B" buyIn: 2.70€ + 0.30€ level: 3 - HandId: #3229252911905112065-34-1709668378 - Holdem no limit (25/100/200) - 2024/03/05 19:52:58 UTC
Table: 'SKENIGMA Payant B(751869034)#00' 6-max (real money) Seat #5 is the button
Seat 1: P1xel7 (16415)
Seat 4: archylamoula (13454)
Seat 5: Abdecadabra (17823)
Seat 6: Etisan (32308)
*** ANTE/BLINDS ***
Etisan posts ante 25
P1xel7 posts ante 25
archylamoula posts ante 25
Abdecadabra posts ante 25
Etisan posts small blind 100
P1xel7 posts big blind 200
Dealt to P1xel7 [Qs 3d]
*** PRE-FLOP *** 
archylamoula folds
Abdecadabra raises 200 to 400
Etisan folds
P1xel7 folds
Abdecadabra collected 800 from pot
*** SUMMARY ***
Total pot 800 | No rake
Seat 5: Abdecadabra (button) won 800


Winamax Poker - Tournament "SKENIGMA Payant B" buyIn: 2.70€ + 0.30€ level: 3 - HandId: #3229252911905112065-35-1709668394 - Holdem no limit (25/100/200) - 2024/03/05 19:53:14 UTC
Table: 'SKENIGMA Payant B(751869034)#00' 6-max (real money) Seat #6 is the button
Seat 1: P1xel7 (16190)
Seat 4: archylamoula (13429)
Seat 5: Abdecadabra (18198)
Seat 6: Etisan (32183)
*** ANTE/BLINDS ***
P1xel7 posts ante 25
archylamoula posts ante 25
Abdecadabra posts ante 25
Etisan posts ante 25
P1xel7 posts small blind 100
archylamoula posts big blind 200
Dealt to P1xel7 [9d Qd]
*** PRE-FLOP *** 
Abdecadabra raises 200 to 400
Etisan calls 400
P1xel7 calls 300
archylamoula calls 200
*** FLOP *** [Tc Td 9c]
P1xel7 checks
archylamoula checks
Abdecadabra bets 1700
Etisan folds
P1xel7 calls 1700
archylamoula folds
*** TURN *** [Tc Td 9c][Ks]
P1xel7 checks
Abdecadabra bets 2550
P1xel7 folds
Abdecadabra collected 7650 from pot
*** SUMMARY ***
Total pot 7650 | No rake
Board: [Tc Td 9c Ks]
Seat 5: Abdecadabra won 7650


Winamax Poker - Tournament "SKENIGMA Payant B" buyIn: 2.70€ + 0.30€ level: 4 - HandId: #3229252911905112065-36-1709668455 - Holdem no limit (30/125/250) - 2024/03/05 19:54:15 UTC
Table: 'SKENIGMA Payant B(751869034)#00' 6-max (real money) Seat #1 is the button
Seat 1: P1xel7 (14065)
Seat 4: archylamoula (13004)
Seat 5: Abdecadabra (21173)
Seat 6: Etisan (31758)
*** ANTE/BLINDS ***
archylamoula posts ante 30
Abdecadabra posts ante 30
P1xel7 posts ante 30
Etisan posts ante 30
archylamoula posts small blind 125
Abdecadabra posts big blind 250
Dealt to P1xel7 [2s 4d]
*** PRE-FLOP *** 
Etisan raises 250 to 500
P1xel7 folds
archylamoula calls 375
Abdecadabra folds
*** FLOP *** [9h 7d 5s]
archylamoula checks
Etisan checks
*** TURN *** [9h 7d 5s][5h]
archylamoula checks
Etisan checks
*** RIVER *** [9h 7d 5s 5h][Ah]
archylamoula bets 891
Etisan raises 891 to 1782
archylamoula folds
Etisan collected 4043 from pot
*** SUMMARY ***
Total pot 4043 | No rake
Board: [9h 7d 5s 5h Ah]
Seat 6: Etisan won 4043


Winamax Poker - Tournament "SKENIGMA Payant B" buyIn: 2.70€ + 0.30€ level: 4 - HandId: #3229252911905112065-37-1709668860 - Holdem no limit (30/125/250) - 2024/03/05 20:01:00 UTC
Table: 'SKENIGMA Payant B(751869034)#00' 6-max (real money) Seat #4 is the button
Seat 1: P1xel7 (14035)
Seat 4: archylamoula (11583)
Seat 5: Abdecadabra (20893)
Seat 6: Etisan (33489)
*** ANTE/BLINDS ***
Abdecadabra posts ante 30
Etisan posts ante 30
P1xel7 posts ante 30
archylamoula posts ante 30
Abdecadabra posts small blind 125
Etisan posts big blind 250
Dealt to P1xel7 [8s 9d]
*** PRE-FLOP *** 
P1xel7 folds
archylamoula raises 375 to 625
Abdecadabra folds
Etisan folds
archylamoula collected 1120 from pot
*** SUMMARY ***
Total pot 1120 | No rake
Seat 4: archylamoula (button) won 1120


Winamax Poker - Tournament "SKENIGMA Payant B" buyIn: 2.70€ + 0.30€ level: 4 - HandId: #3229252911905112065-38-1709668908 - Holdem no limit (30/125/250) - 2024/03/05 20:01:48 UTC
Table: 'SKENIGMA Payant B(751869034)#00' 6-max (real money) Seat #5 is the button
Seat 1: P1xel7 (14005)
Seat 4: archylamoula (12048)
Seat 5: Abdecadabra (20738)
Seat 6: Etisan (33209)
*** ANTE/BLINDS ***
Etisan posts ante 30
P1xel7 posts ante 30
archylamoula posts ante 30
Abdecadabra posts ante 30
Etisan posts small blind 125
P1xel7 posts big blind 250
Dealt to P1xel7 [Kd 7c]
*** PRE-FLOP *** 
archylamoula folds
Abdecadabra raises 250 to 500
Etisan folds
P1xel7 calls 250
*** FLOP *** [4h 9d 6s]
P1xel7 checks
Abdecadabra bets 436
P1xel7 calls 436
*** TURN *** [4h 9d 6s][Th]
P1xel7 checks
Abdecadabra bets 741
P1xel7 calls 741
*** RIVER *** [4h 9d 6s Th][As]
P1xel7 bets 1800
Abdecadabra folds
P1xel7 collected 5399 from pot
*** SUMMARY ***
Total pot 5399 | No rake
Board: [4h 9d 6s Th As]
Seat 1: P1xel7 (big blind) won 5399


Winamax Poker - Tournament "SKENIGMA Payant B" buyIn: 2.70€ + 0.30€ level: 4 - HandId: #3229252911905112065-39-1709668991 - Holdem no limit (30/125/250) - 2024/03/05 20:03:11 UTC
Table: 'SKENIGMA Payant B(751869034)#00' 6-max (real money) Seat #6 is the button
Seat 1: P1xel7 (15897)
Seat 4: archylamoula (12018)
Seat 5: Abdecadabra (19031)
Seat 6: Etisan (33054)
*** ANTE/BLINDS ***
P1xel7 posts ante 30
archylamoula posts ante 30
Abdecadabra posts ante 30
Etisan posts ante 30
P1xel7 posts small blind 125
archylamoula posts big blind 250
Dealt to P1xel7 [5c 9d]
*** PRE-FLOP *** 
Abdecadabra folds
Etisan folds
P1xel7 folds
archylamoula collected 495 from pot
*** SUMMARY ***
Total pot 495 | No rake
Seat 4: archylamoula (big blind) won 495


Winamax Poker - Tournament "SKENIGMA Payant B" buyIn: 2.70€ + 0.30€ level: 4 - HandId: #3229252911905112065-40-1709669016 - Holdem no limit (30/125/250) - 2024/03/05 20:03:36 UTC
Table: 'SKENIGMA Payant B(751869034)#00' 6-max (real money) Seat #1 is the button
Seat 1: P1xel7 (15742)
Seat 4: archylamoula (12233)
Seat 5: Abdecadabra (19001)
Seat 6: Etisan (33024)
*** ANTE/BLINDS ***
archylamoula posts ante 30
Abdecadabra posts ante 30
P1xel7 posts ante 30
Etisan posts ante 30
archylamoula posts small blind 125
Abdecadabra posts big blind 250
Dealt to P1xel7 [9h 8s]
*** PRE-FLOP *** 
Etisan folds
P1xel7 folds
archylamoula folds
Abdecadabra collected 495 from pot
*** SUMMARY ***
Total pot 495 | No rake
Seat 5: Abdecadabra (big blind) won 495


Winamax Poker - Tournament "SKENIGMA Payant B" buyIn: 2.70€ + 0.30€ level: 4 - HandId: #3229252911905112065-41-1709669062 - Holdem no limit (30/125/250) - 2024/03/05 20:04:22 UTC
Table: 'SKENIGMA Payant B(751869034)#00' 6-max (real money) Seat #4 is the button
Seat 1: P1xel7 (15712)
Seat 4: archylamoula (12078)
Seat 5: Abdecadabra (19216)
Seat 6: Etisan (32994)
*** ANTE/BLINDS ***
Abdecadabra posts ante 30
Etisan posts ante 30
P1xel7 posts ante 30
archylamoula posts ante 30
Abdecadabra posts small blind 125
Etisan posts big blind 250
Dealt to P1xel7 [Ts Ac]
*** PRE-FLOP *** 
P1xel7 raises 375 to 625
archylamoula folds
Abdecadabra raises 375 to 1000
Etisan calls 750
P1xel7 calls 375
*** FLOP *** [Ks 6h 9c]
Abdecadabra bets 1092
Etisan calls 1092
P1xel7 folds
*** TURN *** [Ks 6h 9c][Qc]
Abdecadabra bets 5304
Etisan folds
Abdecadabra collected 10608 from pot
*** SUMMARY ***
Total pot 10608 | No rake
Board: [Ks 6h 9c Qc]
Seat 5: Abdecadabra (small blind) won 10608


Winamax Poker - Tournament "SKENIGMA Payant B" buyIn: 2.70€ + 0.30€ level: 4 - HandId: #3229252911905112065-42-1709669156 - Holdem no limit (30/125/250) - 2024/03/05 20:05:56 UTC
Table: 'SKENIGMA Payant B(751869034)#00' 6-max (real money) Seat #5 is the button
Seat 1: P1xel7 (14682)
Seat 4: archylamoula (12048)
Seat 5: Abdecadabra (22398)
Seat 6: Etisan (30872)
*** ANTE/BLINDS ***
Etisan posts ante 30
P1xel7 posts ante 30
archylamoula posts ante 30
Abdecadabra posts ante 30
Etisan posts small blind 125
P1xel7 posts big blind 250
Dealt to P1xel7 [7h Jh]
*** PRE-FLOP *** 
archylamoula folds
Abdecadabra calls 250
Etisan raises 500 to 750
P1xel7 folds
Abdecadabra calls 500
*** FLOP *** [8d 6d 2h]
Etisan bets 655
Abdecadabra raises 3180 to 3835
Etisan folds
Abdecadabra collected 6360 from pot
*** SUMMARY ***
Total pot 6360 | No rake
Board: [8d 6d 2h]
Seat 5: Abdecadabra (button) won 6360


Winamax Poker - Tournament "SKENIGMA Payant B" buyIn: 2.70€ + 0.30€ level: 4 - HandId: #3229252911905112065-43-1709669226 - Holdem no limit (30/125/250) - 2024/03/05 20:07:06 UTC
Table: 'SKENIGMA Payant B(751869034)#00' 6-max (real money) Seat #6 is the button
Seat 1: P1xel7 (14402)
Seat 4: archylamoula (12018)
Seat 5: Abdecadabra (24143)
Seat 6: Etisan (29437)
*** ANTE/BLINDS ***
P1xel7 posts ante 30
archylamoula posts ante 30
Abdecadabra posts ante 30
Etisan posts ante 30
P1xel7 posts small blind 125
archylamoula posts big blind 250
Dealt to P1xel7 [Ah 4h]
*** PRE-FLOP *** 
Abdecadabra folds
Etisan folds
P1xel7 raises 375 to 625
archylamoula calls 375
*** FLOP *** [5h 8s Jc]
P1xel7 checks
archylamoula checks
*** TURN *** [5h 8s Jc][Kh]
P1xel7 bets 500
archylamoula calls 500
*** RIVER *** [5h 8s Jc Kh][Kc]
P1xel7 bets 1541
archylamoula raises 4053 to 5594
P1xel7 folds
archylamoula collected 9505 from pot
*** SUMMARY ***
Total pot 9505 | No rake
Board: [5h 8s Jc Kh Kc]
Seat 4: archylamoula (big blind) won 9505


Winamax Poker - Tournament "SKENIGMA Payant B" buyIn: 2.70€ + 0.30€ level: 5 - HandId: #3229252911905112065-44-1709669297 - Holdem no limit (40/150/300) - 2024/03/05 20:08:17 UTC
Table: 'SKENIGMA Payant B(751869034)#00' 6-max (real money) Seat #1 is the button
Seat 1: P1xel7 (11706)
Seat 4: archylamoula (14774)
Seat 5: Abdecadabra (24113)
Seat 6: Etisan (29407)
*** ANTE/BLINDS ***
archylamoula posts ante 40
Abdecadabra posts ante 40
P1xel7 posts ante 40
Etisan posts ante 40
archylamoula posts small blind 150
Abdecadabra posts big blind 300
Dealt to P1xel7 [9h 2c]
*** PRE-FLOP *** 
Etisan folds
P1xel7 folds
archylamoula raises 600 to 900
Abdecadabra raises 1800 to 2700
archylamoula calls 1800
*** FLOP *** [3s 7s 5s]
archylamoula checks
Abdecadabra checks
*** TURN *** [3s 7s 5s][8d]
archylamoula bets 3614
Abdecadabra raises 3614 to 7228
archylamoula raises 4806 to 12034 and is all-in
Abdecadabra folds
archylamoula collected 24822 from pot
*** SUMMARY ***
Total pot 24822 | No rake
Board: [3s 7s 5s 8d]
Seat 4: archylamoula (small blind) won 24822


Winamax Poker - Tournament "SKENIGMA Payant B" buyIn: 2.70€ + 0.30€ level: 5 - HandId: #3229252911905112065-45-1709669399 - Holdem no limit (40/150/300) - 2024/03/05 20:09:59 UTC
Table: 'SKENIGMA Payant B(751869034)#00' 6-max (real money) Seat #4 is the button
Seat 1: P1xel7 (11666)
Seat 4: archylamoula (24822)
Seat 5: Abdecadabra (14145)
Seat 6: Etisan (29367)
*** ANTE/BLINDS ***
Abdecadabra posts ante 40
Etisan posts ante 40
P1xel7 posts ante 40
archylamoula posts ante 40
Abdecadabra posts small blind 150
Etisan posts big blind 300
Dealt to P1xel7 [Td Ah]
*** PRE-FLOP *** 
P1xel7 raises 450 to 750
archylamoula folds
Abdecadabra raises 1451 to 2201
Etisan folds
P1xel7 raises 9425 to 11626 and is all-in
Abdecadabra calls 9425
*** FLOP *** [Tc Kd Qd]
*** TURN *** [Tc Kd Qd][8c]
*** RIVER *** [Tc Kd Qd 8c][2h]
*** SHOW DOWN ***
P1xel7 shows [Td Ah] (One pair : Tens)
Abdecadabra shows [Qc As] (One pair : Queens)
Abdecadabra collected 23712 from pot
*** SUMMARY ***
Total pot 23712 | No rake
Board: [Tc Kd Qd 8c 2h]
Seat 1: P1xel7 showed [Td Ah] and lost with One pair : Tens
Seat 5: Abdecadabra (small blind) showed [Qc As] and won 23712 with One pair : Queens


