Winamax Poker - Tournament "Trident" buyIn: 0.90€ + 0.10€ level: 5 - HandId: #3225767868066955323-1-1709492463 - Holdem no limit (5/20/40) - 2024/03/03 19:01:03 UTC
Table: 'Trident(751057609)#0058' 3-max (real money) Seat #2 is the button
Seat 1: Jdida08 (500, 0.45€ bounty)
Seat 2: ChuppyChops (500, 0.45€ bounty)
Seat 3: P1xel7 (500, 0.45€ bounty)
*** ANTE/BLINDS ***
P1xel7 posts ante 5
Jdida08 posts ante 5
ChuppyChops posts ante 5
P1xel7 posts small blind 20
Jdida08 posts big blind 40
Dealt to P1xel7 [3s Ks]
*** PRE-FLOP *** 
ChuppyChops raises 455 to 495 and is all-in
P1xel7 folds
Jdida08 folds
ChuppyChops collected 570 from pot
*** SUMMARY ***
Total pot 570 | No rake
Seat 2: ChuppyChops (button) won 570


Winamax Poker - Tournament "Trident" buyIn: 0.90€ + 0.10€ level: 5 - HandId: #3225767868066955323-2-1709492472 - Holdem no limit (5/20/40) - 2024/03/03 19:01:12 UTC
Table: 'Trident(751057609)#0058' 3-max (real money) Seat #3 is the button
Seat 1: Jdida08 (455, 0.45€ bounty)
Seat 2: ChuppyChops (570, 0.45€ bounty)
Seat 3: P1xel7 (475, 0.45€ bounty)
*** ANTE/BLINDS ***
Jdida08 posts ante 5
ChuppyChops posts ante 5
P1xel7 posts ante 5
Jdida08 posts small blind 20
ChuppyChops posts big blind 40
Dealt to P1xel7 [9d Qd]
*** PRE-FLOP *** 
P1xel7 raises 60 to 100
Jdida08 folds
ChuppyChops raises 465 to 565 and is all-in
P1xel7 folds
ChuppyChops collected 700 from pot
*** SUMMARY ***
Total pot 700 | No rake
Seat 2: ChuppyChops (big blind) won 700


Winamax Poker - Tournament "Trident" buyIn: 0.90€ + 0.10€ level: 5 - HandId: #3225767868066955323-3-1709492496 - Holdem no limit (5/20/40) - 2024/03/03 19:01:36 UTC
Table: 'Trident(751057609)#0058' 3-max (real money) Seat #1 is the button
Seat 1: Jdida08 (430, 0.45€ bounty)
Seat 2: ChuppyChops (700, 0.45€ bounty)
Seat 3: P1xel7 (370, 0.45€ bounty)
*** ANTE/BLINDS ***
ChuppyChops posts ante 5
P1xel7 posts ante 5
Jdida08 posts ante 5
ChuppyChops posts small blind 20
P1xel7 posts big blind 40
Dealt to P1xel7 [Jh Tc]
*** PRE-FLOP *** 
Jdida08 folds
ChuppyChops calls 20
P1xel7 raises 325 to 365 and is all-in
ChuppyChops calls 325
*** FLOP *** [Qs 6h 2h]
*** TURN *** [Qs 6h 2h][Js]
*** RIVER *** [Qs 6h 2h Js][Ac]
*** SHOW DOWN ***
ChuppyChops shows [6s 3d] (One pair : 6)
P1xel7 shows [Jh Tc] (One pair : Jacks)
P1xel7 collected 745 from pot
*** SUMMARY ***
Total pot 745 | No rake
Board: [Qs 6h 2h Js Ac]
Seat 2: ChuppyChops (small blind) showed [6s 3d] and lost with One pair : 6
Seat 3: P1xel7 (big blind) showed [Jh Tc] and won 745 with One pair : Jacks


Winamax Poker - Tournament "Trident" buyIn: 0.90€ + 0.10€ level: 5 - HandId: #3225767868066955323-4-1709492518 - Holdem no limit (5/20/40) - 2024/03/03 19:01:58 UTC
Table: 'Trident(751057609)#0058' 3-max (real money) Seat #2 is the button
Seat 1: Jdida08 (425, 0.45€ bounty)
Seat 2: ChuppyChops (330, 0.45€ bounty)
Seat 3: P1xel7 (745, 0.45€ bounty)
*** ANTE/BLINDS ***
P1xel7 posts ante 5
Jdida08 posts ante 5
ChuppyChops posts ante 5
P1xel7 posts small blind 20
Jdida08 posts big blind 40
Dealt to P1xel7 [Jd Kd]
*** PRE-FLOP *** 
ChuppyChops raises 285 to 325 and is all-in
P1xel7 raises 415 to 740 and is all-in
Jdida08 folds
*** FLOP *** [3s Qs 4d]
*** TURN *** [3s Qs 4d][Ac]
*** RIVER *** [3s Qs 4d Ac][Kh]
*** SHOW DOWN ***
ChuppyChops shows [Qd Jh] (One pair : Queens)
P1xel7 shows [Jd Kd] (One pair : Kings)
P1xel7 collected 1120 from pot
*** SUMMARY ***
Total pot 1120 | No rake
Board: [3s Qs 4d Ac Kh]
Seat 2: ChuppyChops (button) showed [Qd Jh] and lost with One pair : Queens
Seat 3: P1xel7 (small blind) showed [Jd Kd] and won 1120 with One pair : Kings


Winamax Poker - Tournament "Trident" buyIn: 0.90€ + 0.10€ level: 5 - HandId: #3225767868066955323-5-1709492550 - Holdem no limit (5/20/40) - 2024/03/03 19:02:30 UTC
Table: 'Trident(751057609)#0058' 3-max (real money) Seat #1 is the button
Seat 1: Jdida08 (380, 0.45€ bounty)
Seat 3: P1xel7 (1120, 0.67€ bounty)
*** ANTE/BLINDS ***
Jdida08 posts ante 5
P1xel7 posts ante 5
Jdida08 posts small blind 20
P1xel7 posts big blind 40
Dealt to P1xel7 [8c Kh]
*** PRE-FLOP *** 
Jdida08 folds
P1xel7 collected 70 from pot
*** SUMMARY ***
Total pot 70 | No rake
Seat 3: P1xel7 (big blind) won 70


Winamax Poker - Tournament "Trident" buyIn: 0.90€ + 0.10€ level: 5 - HandId: #3225767868066955323-6-1709492601 - Holdem no limit (5/20/40) - 2024/03/03 19:03:21 UTC
Table: 'Trident(751057609)#0058' 3-max (real money) Seat #3 is the button
Seat 1: Jdida08 (355, 0.45€ bounty)
Seat 2: Manonnoah07 (500, 0.45€ bounty)
Seat 3: P1xel7 (1145, 0.67€ bounty)
*** ANTE/BLINDS ***
P1xel7 posts ante 5
Jdida08 posts ante 5
P1xel7 posts small blind 20
Jdida08 posts big blind 40
Dealt to P1xel7 [3h Jh]
*** PRE-FLOP *** 
P1xel7 folds
Jdida08 collected 70 from pot
*** SUMMARY ***
Total pot 70 | No rake
Seat 1: Jdida08 (big blind) won 70


Winamax Poker - Tournament "Trident" buyIn: 0.90€ + 0.10€ level: 5 - HandId: #3225767868066955323-7-1709492605 - Holdem no limit (5/20/40) - 2024/03/03 19:03:25 UTC
Table: 'Trident(751057609)#0058' 3-max (real money) Seat #3 is the button
Seat 1: Jdida08 (380, 0.45€ bounty)
Seat 2: Manonnoah07 (500, 0.45€ bounty)
Seat 3: P1xel7 (1120, 0.67€ bounty)
*** ANTE/BLINDS ***
Jdida08 posts ante 5
Manonnoah07 posts ante 5
P1xel7 posts ante 5
Jdida08 posts small blind 20
Manonnoah07 posts big blind 40
Dealt to P1xel7 [8c As]
*** PRE-FLOP *** 
P1xel7 raises 1075 to 1115 and is all-in
Jdida08 folds
Manonnoah07 calls 455 and is all-in
*** FLOP *** [Jc Js 7s]
*** TURN *** [Jc Js 7s][9d]
*** RIVER *** [Jc Js 7s 9d][3c]
*** SHOW DOWN ***
Manonnoah07 shows [Ad Kc] (One pair : Jacks)
P1xel7 shows [8c As] (One pair : Jacks)
P1xel7 collected 620 from side pot 1
Manonnoah07 collected 1025 from main pot
*** SUMMARY ***
Total pot 1645 | No rake
Board: [Jc Js 7s 9d 3c]
Seat 2: Manonnoah07 (big blind) showed [Ad Kc] and won 1025 with One pair : Jacks
Seat 3: P1xel7 (button) showed [8c As] and won 620 with One pair : Jacks


Winamax Poker - Tournament "Trident" buyIn: 0.90€ + 0.10€ level: 6 - HandId: #3225767868066955323-8-1709492621 - Holdem no limit (6/25/50) - 2024/03/03 19:03:41 UTC
Table: 'Trident(751057609)#0058' 3-max (real money) Seat #1 is the button
Seat 1: Jdida08 (355, 0.45€ bounty)
Seat 2: Manonnoah07 (1025, 0.45€ bounty)
Seat 3: P1xel7 (620, 0.67€ bounty)
*** ANTE/BLINDS ***
Manonnoah07 posts ante 6
P1xel7 posts ante 6
Jdida08 posts ante 6
Manonnoah07 posts small blind 25
P1xel7 posts big blind 50
Dealt to P1xel7 [9s Kh]
*** PRE-FLOP *** 
Jdida08 raises 299 to 349 and is all-in
Manonnoah07 folds
P1xel7 calls 299
*** FLOP *** [Td 8s 2s]
*** TURN *** [Td 8s 2s][8d]
*** RIVER *** [Td 8s 2s 8d][3c]
*** SHOW DOWN ***
P1xel7 shows [9s Kh] (One pair : 8)
Jdida08 shows [7h Ad] (One pair : 8)
Jdida08 collected 741 from pot
*** SUMMARY ***
Total pot 741 | No rake
Board: [Td 8s 2s 8d 3c]
Seat 1: Jdida08 (button) showed [7h Ad] and won 741 with One pair : 8
Seat 3: P1xel7 (big blind) showed [9s Kh] and lost with One pair : 8


Winamax Poker - Tournament "Trident" buyIn: 0.90€ + 0.10€ level: 6 - HandId: #3225767868066955323-9-1709492645 - Holdem no limit (6/25/50) - 2024/03/03 19:04:05 UTC
Table: 'Trident(751057609)#0058' 3-max (real money) Seat #2 is the button
Seat 1: Jdida08 (741, 0.45€ bounty)
Seat 2: Manonnoah07 (994, 0.45€ bounty)
Seat 3: P1xel7 (265, 0.67€ bounty)
*** ANTE/BLINDS ***
P1xel7 posts ante 6
Jdida08 posts ante 6
Manonnoah07 posts ante 6
P1xel7 posts small blind 25
Jdida08 posts big blind 50
Dealt to P1xel7 [4c 8h]
*** PRE-FLOP *** 
Manonnoah07 calls 50
P1xel7 folds
Jdida08 raises 143 to 193
Manonnoah07 calls 143
*** FLOP *** [2h 8d 8c]
Jdida08 bets 542 and is all-in
Manonnoah07 folds
Jdida08 collected 971 from pot
*** SUMMARY ***
Total pot 971 | No rake
Board: [2h 8d 8c]
Seat 1: Jdida08 (big blind) won 971


Winamax Poker - Tournament "Trident" buyIn: 0.90€ + 0.10€ level: 6 - HandId: #3225767868066955300-37-1709492675 - Holdem no limit (6/25/50) - 2024/03/03 19:04:35 UTC
Table: 'Trident(751057609)#0035' 3-max (real money) Seat #2 is the button
Seat 2: wmx-ko1hzx4 (2984, 1.55€ bounty)
Seat 3: P1xel7 (234, 0.67€ bounty)
*** ANTE/BLINDS ***
wmx-ko1hzx4 posts ante 6
P1xel7 posts ante 6
wmx-ko1hzx4 posts small blind 25
P1xel7 posts big blind 50
Dealt to P1xel7 [Qc Jh]
*** PRE-FLOP *** 
wmx-ko1hzx4 calls 25
P1xel7 checks
*** FLOP *** [Ac Qh Kh]
P1xel7 checks
wmx-ko1hzx4 bets 50
P1xel7 calls 50
*** TURN *** [Ac Qh Kh][7h]
P1xel7 checks
wmx-ko1hzx4 checks
*** RIVER *** [Ac Qh Kh 7h][8c]
P1xel7 bets 128 and is all-in
wmx-ko1hzx4 folds
P1xel7 collected 340 from pot
*** SUMMARY ***
Total pot 340 | No rake
Board: [Ac Qh Kh 7h 8c]
Seat 3: P1xel7 (big blind) won 340


Winamax Poker - Tournament "Trident" buyIn: 0.90€ + 0.10€ level: 6 - HandId: #3225767868066955300-38-1709492714 - Holdem no limit (6/25/50) - 2024/03/03 19:05:14 UTC
Table: 'Trident(751057609)#0035' 3-max (real money) Seat #2 is the button
Seat 1: antony29 (402, 0.45€ bounty)
Seat 2: wmx-ko1hzx4 (2878, 1.55€ bounty)
Seat 3: P1xel7 (340, 0.67€ bounty)
*** ANTE/BLINDS ***
P1xel7 posts ante 6
antony29 posts ante 6
wmx-ko1hzx4 posts ante 6
P1xel7 posts small blind 25
antony29 posts big blind 50
Dealt to P1xel7 [3d 4s]
*** PRE-FLOP *** 
wmx-ko1hzx4 folds
P1xel7 folds
antony29 collected 93 from pot
*** SUMMARY ***
Total pot 93 | No rake
Seat 1: antony29 (big blind) won 93


Winamax Poker - Tournament "Trident" buyIn: 0.90€ + 0.10€ level: 6 - HandId: #3225767868066955300-39-1709492732 - Holdem no limit (6/25/50) - 2024/03/03 19:05:32 UTC
Table: 'Trident(751057609)#0035' 3-max (real money) Seat #3 is the button
Seat 1: antony29 (439, 0.45€ bounty)
Seat 2: wmx-ko1hzx4 (2872, 1.55€ bounty)
Seat 3: P1xel7 (309, 0.67€ bounty)
*** ANTE/BLINDS ***
antony29 posts ante 6
wmx-ko1hzx4 posts ante 6
P1xel7 posts ante 6
antony29 posts small blind 25
wmx-ko1hzx4 posts big blind 50
Dealt to P1xel7 [7d Ac]
*** PRE-FLOP *** 
P1xel7 raises 253 to 303 and is all-in
antony29 folds
wmx-ko1hzx4 calls 253
*** FLOP *** [Js Kh 6s]
*** TURN *** [Js Kh 6s][5c]
*** RIVER *** [Js Kh 6s 5c][8s]
*** SHOW DOWN ***
P1xel7 shows [7d Ac] (High card : Ace)
wmx-ko1hzx4 shows [Ts 7s] (Flush Jack high)
wmx-ko1hzx4 collected 649 from pot
*** SUMMARY ***
Total pot 649 | No rake
Board: [Js Kh 6s 5c 8s]
Seat 2: wmx-ko1hzx4 (big blind) showed [Ts 7s] and won 649 with Flush Jack high
Seat 3: P1xel7 (button) showed [7d Ac] and lost with High card : Ace


Winamax Poker - Tournament "Trident" buyIn: 0.90€ + 0.10€ level: 7 - HandId: #3225767868066955269-44-1709492773 - Holdem no limit (7/30/60) - 2024/03/03 19:06:13 UTC
Table: 'Trident(751057609)#0004' 3-max (real money) Seat #2 is the button
Seat 1: P1xel7 (500, 0.45€ bounty)
Seat 2: Andrea-CaO (2520, 1.44€ bounty)
Seat 3: Jack Bruel (863, 0.45€ bounty)
*** ANTE/BLINDS ***
Jack Bruel posts ante 7
P1xel7 posts ante 7
Andrea-CaO posts ante 7
Jack Bruel posts small blind 30
P1xel7 posts big blind 60
Dealt to P1xel7 [3s 6c]
*** PRE-FLOP *** 
Andrea-CaO folds
Jack Bruel folds
P1xel7 collected 111 from pot
*** SUMMARY ***
Total pot 111 | No rake
Seat 1: P1xel7 (big blind) won 111


Winamax Poker - Tournament "Trident" buyIn: 0.90€ + 0.10€ level: 7 - HandId: #3225767868066955269-45-1709492780 - Holdem no limit (7/30/60) - 2024/03/03 19:06:20 UTC
Table: 'Trident(751057609)#0004' 3-max (real money) Seat #3 is the button
Seat 1: P1xel7 (544, 0.45€ bounty)
Seat 2: Andrea-CaO (2513, 1.44€ bounty)
Seat 3: Jack Bruel (826, 0.45€ bounty)
*** ANTE/BLINDS ***
P1xel7 posts ante 7
Andrea-CaO posts ante 7
Jack Bruel posts ante 7
P1xel7 posts small blind 30
Andrea-CaO posts big blind 60
Dealt to P1xel7 [6s Th]
*** PRE-FLOP *** 
Jack Bruel folds
P1xel7 folds
Andrea-CaO collected 111 from pot
*** SUMMARY ***
Total pot 111 | No rake
Seat 2: Andrea-CaO (big blind) won 111


Winamax Poker - Tournament "Trident" buyIn: 0.90€ + 0.10€ level: 7 - HandId: #3225767868066955269-46-1709492787 - Holdem no limit (7/30/60) - 2024/03/03 19:06:27 UTC
Table: 'Trident(751057609)#0004' 3-max (real money) Seat #1 is the button
Seat 1: P1xel7 (507, 0.45€ bounty)
Seat 2: Andrea-CaO (2557, 1.44€ bounty)
Seat 3: Jack Bruel (819, 0.45€ bounty)
*** ANTE/BLINDS ***
Andrea-CaO posts ante 7
Jack Bruel posts ante 7
P1xel7 posts ante 7
Andrea-CaO posts small blind 30
Jack Bruel posts big blind 60
Dealt to P1xel7 [Jh 8c]
*** PRE-FLOP *** 
P1xel7 folds
Andrea-CaO calls 30
Jack Bruel checks
*** FLOP *** [6d 3c 2c]
Andrea-CaO bets 60
Jack Bruel calls 60
*** TURN *** [6d 3c 2c][3s]
Andrea-CaO bets 209
Jack Bruel folds
Andrea-CaO collected 470 from pot
*** SUMMARY ***
Total pot 470 | No rake
Board: [6d 3c 2c 3s]
Seat 2: Andrea-CaO (small blind) won 470


Winamax Poker - Tournament "Trident" buyIn: 0.90€ + 0.10€ level: 7 - HandId: #3225767868066955269-47-1709492811 - Holdem no limit (7/30/60) - 2024/03/03 19:06:51 UTC
Table: 'Trident(751057609)#0004' 3-max (real money) Seat #2 is the button
Seat 1: P1xel7 (500, 0.45€ bounty)
Seat 2: Andrea-CaO (2691, 1.44€ bounty)
Seat 3: Jack Bruel (692, 0.45€ bounty)
*** ANTE/BLINDS ***
Jack Bruel posts ante 7
P1xel7 posts ante 7
Andrea-CaO posts ante 7
Jack Bruel posts small blind 30
P1xel7 posts big blind 60
Dealt to P1xel7 [Jd Ah]
*** PRE-FLOP *** 
Andrea-CaO folds
Jack Bruel calls 30
P1xel7 raises 433 to 493 and is all-in
Jack Bruel folds
P1xel7 collected 574 from pot
*** SUMMARY ***
Total pot 574 | No rake
Seat 1: P1xel7 (big blind) won 574


Winamax Poker - Tournament "Trident" buyIn: 0.90€ + 0.10€ level: 7 - HandId: #3225767868066955269-48-1709492827 - Holdem no limit (7/30/60) - 2024/03/03 19:07:07 UTC
Table: 'Trident(751057609)#0004' 3-max (real money) Seat #3 is the button
Seat 1: P1xel7 (574, 0.45€ bounty)
Seat 2: Andrea-CaO (2684, 1.44€ bounty)
Seat 3: Jack Bruel (625, 0.45€ bounty)
*** ANTE/BLINDS ***
P1xel7 posts ante 7
Andrea-CaO posts ante 7
Jack Bruel posts ante 7
P1xel7 posts small blind 30
Andrea-CaO posts big blind 60
Dealt to P1xel7 [9h 8h]
*** PRE-FLOP *** 
Jack Bruel raises 558 to 618 and is all-in
P1xel7 folds
Andrea-CaO folds
Jack Bruel collected 729 from pot
*** SUMMARY ***
Total pot 729 | No rake
Seat 3: Jack Bruel (button) won 729


Winamax Poker - Tournament "Trident" buyIn: 0.90€ + 0.10€ level: 7 - HandId: #3225767868066955269-49-1709492843 - Holdem no limit (7/30/60) - 2024/03/03 19:07:23 UTC
Table: 'Trident(751057609)#0004' 3-max (real money) Seat #1 is the button
Seat 1: P1xel7 (537, 0.45€ bounty)
Seat 2: Andrea-CaO (2617, 1.44€ bounty)
Seat 3: Jack Bruel (729, 0.45€ bounty)
*** ANTE/BLINDS ***
Andrea-CaO posts ante 7
Jack Bruel posts ante 7
P1xel7 posts ante 7
Andrea-CaO posts small blind 30
Jack Bruel posts big blind 60
Dealt to P1xel7 [2s As]
*** PRE-FLOP *** 
P1xel7 raises 470 to 530 and is all-in
Andrea-CaO raises 2080 to 2610 and is all-in
Jack Bruel folds
*** FLOP *** [Qc 5h 4c]
*** TURN *** [Qc 5h 4c][Ac]
*** RIVER *** [Qc 5h 4c Ac][9h]
*** SHOW DOWN ***
P1xel7 shows [2s As] (One pair : Aces)
Andrea-CaO shows [8d 8c] (One pair : 8)
Andrea-CaO collected 2080 from side pot 1
P1xel7 collected 1141 from main pot
*** SUMMARY ***
Total pot 3221 | No rake
Board: [Qc 5h 4c Ac 9h]
Seat 1: P1xel7 (button) showed [2s As] and won 1141 with One pair : Aces
Seat 2: Andrea-CaO (small blind) showed [8d 8c] and won 2080 with One pair : 8


Winamax Poker - Tournament "Trident" buyIn: 0.90€ + 0.10€ level: 7 - HandId: #3225767868066955269-50-1709492875 - Holdem no limit (7/30/60) - 2024/03/03 19:07:55 UTC
Table: 'Trident(751057609)#0004' 3-max (real money) Seat #2 is the button
Seat 1: P1xel7 (1141, 0.45€ bounty)
Seat 2: Andrea-CaO (2080, 1.44€ bounty)
Seat 3: Jack Bruel (662, 0.45€ bounty)
*** ANTE/BLINDS ***
Jack Bruel posts ante 7
P1xel7 posts ante 7
Andrea-CaO posts ante 7
Jack Bruel posts small blind 30
P1xel7 posts big blind 60
Dealt to P1xel7 [2h Kc]
*** PRE-FLOP *** 
Andrea-CaO folds
Jack Bruel calls 30
P1xel7 raises 1074 to 1134 and is all-in
Jack Bruel folds
P1xel7 collected 1215 from pot
*** SUMMARY ***
Total pot 1215 | No rake
Seat 1: P1xel7 (big blind) won 1215


Winamax Poker - Tournament "Trident" buyIn: 0.90€ + 0.10€ level: 7 - HandId: #3225767868066955269-51-1709492892 - Holdem no limit (7/30/60) - 2024/03/03 19:08:12 UTC
Table: 'Trident(751057609)#0004' 3-max (real money) Seat #3 is the button
Seat 1: P1xel7 (1215, 0.45€ bounty)
Seat 2: Andrea-CaO (2073, 1.44€ bounty)
Seat 3: Jack Bruel (595, 0.45€ bounty)
*** ANTE/BLINDS ***
P1xel7 posts ante 7
Andrea-CaO posts ante 7
Jack Bruel posts ante 7
P1xel7 posts small blind 30
Andrea-CaO posts big blind 60
Dealt to P1xel7 [Kc 9d]
*** PRE-FLOP *** 
Jack Bruel folds
P1xel7 raises 60 to 120
Andrea-CaO raises 1946 to 2066 and is all-in
P1xel7 folds
Andrea-CaO collected 2207 from pot
*** SUMMARY ***
Total pot 2207 | No rake
Seat 2: Andrea-CaO (big blind) won 2207


Winamax Poker - Tournament "Trident" buyIn: 0.90€ + 0.10€ level: 7 - HandId: #3225767868066955269-52-1709492909 - Holdem no limit (7/30/60) - 2024/03/03 19:08:29 UTC
Table: 'Trident(751057609)#0004' 3-max (real money) Seat #1 is the button
Seat 1: P1xel7 (1088, 0.45€ bounty)
Seat 2: Andrea-CaO (2207, 1.44€ bounty)
Seat 3: Jack Bruel (588, 0.45€ bounty)
*** ANTE/BLINDS ***
Andrea-CaO posts ante 7
Jack Bruel posts ante 7
P1xel7 posts ante 7
Andrea-CaO posts small blind 30
Jack Bruel posts big blind 60
Dealt to P1xel7 [8d 2h]
*** PRE-FLOP *** 
P1xel7 folds
Andrea-CaO raises 2140 to 2200 and is all-in
Jack Bruel folds
Andrea-CaO collected 2281 from pot
*** SUMMARY ***
Total pot 2281 | No rake
Seat 2: Andrea-CaO (small blind) won 2281


Winamax Poker - Tournament "Trident" buyIn: 0.90€ + 0.10€ level: 8 - HandId: #3225767868066955269-53-1709492922 - Holdem no limit (8/35/70) - 2024/03/03 19:08:42 UTC
Table: 'Trident(751057609)#0004' 3-max (real money) Seat #2 is the button
Seat 1: P1xel7 (1081, 0.45€ bounty)
Seat 2: Andrea-CaO (2281, 1.44€ bounty)
Seat 3: Jack Bruel (521, 0.45€ bounty)
*** ANTE/BLINDS ***
Jack Bruel posts ante 8
P1xel7 posts ante 8
Andrea-CaO posts ante 8
Jack Bruel posts small blind 35
P1xel7 posts big blind 70
Dealt to P1xel7 [2c Jh]
*** PRE-FLOP *** 
Andrea-CaO raises 2203 to 2273 and is all-in
Jack Bruel folds
P1xel7 folds
Andrea-CaO collected 2402 from pot
*** SUMMARY ***
Total pot 2402 | No rake
Seat 2: Andrea-CaO (button) won 2402


Winamax Poker - Tournament "Trident" buyIn: 0.90€ + 0.10€ level: 8 - HandId: #3225767868066955269-54-1709492929 - Holdem no limit (8/35/70) - 2024/03/03 19:08:49 UTC
Table: 'Trident(751057609)#0004' 3-max (real money) Seat #3 is the button
Seat 1: P1xel7 (1003, 0.45€ bounty)
Seat 2: Andrea-CaO (2402, 1.44€ bounty)
Seat 3: Jack Bruel (478, 0.45€ bounty)
*** ANTE/BLINDS ***
P1xel7 posts ante 8
Andrea-CaO posts ante 8
Jack Bruel posts ante 8
P1xel7 posts small blind 35
Andrea-CaO posts big blind 70
Dealt to P1xel7 [6c Qs]
*** PRE-FLOP *** 
Jack Bruel folds
P1xel7 folds
Andrea-CaO collected 129 from pot
*** SUMMARY ***
Total pot 129 | No rake
Seat 2: Andrea-CaO (big blind) won 129


Winamax Poker - Tournament "Trident" buyIn: 0.90€ + 0.10€ level: 8 - HandId: #3225767868066955269-55-1709492940 - Holdem no limit (8/35/70) - 2024/03/03 19:09:00 UTC
Table: 'Trident(751057609)#0004' 3-max (real money) Seat #1 is the button
Seat 1: P1xel7 (960, 0.45€ bounty)
Seat 2: Andrea-CaO (2453, 1.44€ bounty)
Seat 3: Jack Bruel (470, 0.45€ bounty)
*** ANTE/BLINDS ***
Andrea-CaO posts ante 8
Jack Bruel posts ante 8
P1xel7 posts ante 8
Andrea-CaO posts small blind 35
Jack Bruel posts big blind 70
Dealt to P1xel7 [8s Qc]
*** PRE-FLOP *** 
P1xel7 folds
Andrea-CaO calls 35
Jack Bruel checks
*** FLOP *** [Qs Kh 5h]
Andrea-CaO bets 70
Jack Bruel folds
Andrea-CaO collected 234 from pot
*** SUMMARY ***
Total pot 234 | No rake
Board: [Qs Kh 5h]
Seat 2: Andrea-CaO (small blind) won 234


Winamax Poker - Tournament "Trident" buyIn: 0.90€ + 0.10€ level: 8 - HandId: #3225767868066955269-56-1709492961 - Holdem no limit (8/35/70) - 2024/03/03 19:09:21 UTC
Table: 'Trident(751057609)#0004' 3-max (real money) Seat #2 is the button
Seat 1: P1xel7 (952, 0.45€ bounty)
Seat 2: Andrea-CaO (2539, 1.44€ bounty)
Seat 3: Jack Bruel (392, 0.45€ bounty)
*** ANTE/BLINDS ***
Jack Bruel posts ante 8
P1xel7 posts ante 8
Andrea-CaO posts ante 8
Jack Bruel posts small blind 35
P1xel7 posts big blind 70
Dealt to P1xel7 [Kc 2c]
*** PRE-FLOP *** 
Andrea-CaO folds
Jack Bruel calls 35
P1xel7 checks
*** FLOP *** [8d Qd 6d]
Jack Bruel bets 314 and is all-in
P1xel7 folds
Jack Bruel collected 478 from pot
*** SUMMARY ***
Total pot 478 | No rake
Board: [8d Qd 6d]
Seat 3: Jack Bruel (small blind) won 478


Winamax Poker - Tournament "Trident" buyIn: 0.90€ + 0.10€ level: 8 - HandId: #3225767868066955269-57-1709492976 - Holdem no limit (8/35/70) - 2024/03/03 19:09:36 UTC
Table: 'Trident(751057609)#0004' 3-max (real money) Seat #3 is the button
Seat 1: P1xel7 (874, 0.45€ bounty)
Seat 2: Andrea-CaO (2531, 1.44€ bounty)
Seat 3: Jack Bruel (478, 0.45€ bounty)
*** ANTE/BLINDS ***
P1xel7 posts ante 8
Andrea-CaO posts ante 8
Jack Bruel posts ante 8
P1xel7 posts small blind 35
Andrea-CaO posts big blind 70
Dealt to P1xel7 [3s Qc]
*** PRE-FLOP *** 
Jack Bruel raises 400 to 470 and is all-in
P1xel7 folds
Andrea-CaO folds
Jack Bruel collected 599 from pot
*** SUMMARY ***
Total pot 599 | No rake
Seat 3: Jack Bruel (button) won 599


Winamax Poker - Tournament "Trident" buyIn: 0.90€ + 0.10€ level: 8 - HandId: #3225767868066955269-58-1709492983 - Holdem no limit (8/35/70) - 2024/03/03 19:09:43 UTC
Table: 'Trident(751057609)#0004' 3-max (real money) Seat #1 is the button
Seat 1: P1xel7 (831, 0.45€ bounty)
Seat 2: Andrea-CaO (2453, 1.44€ bounty)
Seat 3: Jack Bruel (599, 0.45€ bounty)
*** ANTE/BLINDS ***
Andrea-CaO posts ante 8
Jack Bruel posts ante 8
P1xel7 posts ante 8
Andrea-CaO posts small blind 35
Jack Bruel posts big blind 70
Dealt to P1xel7 [7s 4s]
*** PRE-FLOP *** 
P1xel7 folds
Andrea-CaO calls 35
Jack Bruel checks
*** FLOP *** [7c Ks 9c]
Andrea-CaO bets 70
Jack Bruel raises 451 to 521 and is all-in
Andrea-CaO folds
Jack Bruel collected 755 from pot
*** SUMMARY ***
Total pot 755 | No rake
Board: [7c Ks 9c]
Seat 3: Jack Bruel (big blind) won 755


Winamax Poker - Tournament "Trident" buyIn: 0.90€ + 0.10€ level: 8 - HandId: #3225767868066955269-59-1709493003 - Holdem no limit (8/35/70) - 2024/03/03 19:10:03 UTC
Table: 'Trident(751057609)#0004' 3-max (real money) Seat #2 is the button
Seat 1: P1xel7 (823, 0.45€ bounty)
Seat 2: Andrea-CaO (2305, 1.44€ bounty)
Seat 3: Jack Bruel (755, 0.45€ bounty)
*** ANTE/BLINDS ***
Jack Bruel posts ante 8
P1xel7 posts ante 8
Andrea-CaO posts ante 8
Jack Bruel posts small blind 35
P1xel7 posts big blind 70
Dealt to P1xel7 [5c 8h]
*** PRE-FLOP *** 
Andrea-CaO raises 70 to 140
Jack Bruel raises 607 to 747 and is all-in
P1xel7 folds
Andrea-CaO raises 607 to 1354
*** FLOP *** [4h 9s 3c]
*** TURN *** [4h 9s 3c][4d]
*** RIVER *** [4h 9s 3c 4d][5s]
*** SHOW DOWN ***
Jack Bruel shows [Ah 9d] (Two pairs : 9 and 4)
Andrea-CaO shows [Ks Kd] (Two pairs : Kings and 4)
Andrea-CaO collected 2195 from pot
*** SUMMARY ***
Total pot 2195 | No rake
Board: [4h 9s 3c 4d 5s]
Seat 2: Andrea-CaO (button) showed [Ks Kd] and won 2195 with Two pairs : Kings and 4
Seat 3: Jack Bruel (small blind) showed [Ah 9d] and lost with Two pairs : 9 and 4


Winamax Poker - Tournament "Trident" buyIn: 0.90€ + 0.10€ level: 8 - HandId: #3225767868066955269-60-1709493022 - Holdem no limit (8/35/70) - 2024/03/03 19:10:22 UTC
Table: 'Trident(751057609)#0004' 3-max (real money) Seat #1 is the button
Seat 1: P1xel7 (745, 0.45€ bounty)
Seat 2: Andrea-CaO (3138, 1.66€ bounty)
*** ANTE/BLINDS ***
P1xel7 posts ante 8
Andrea-CaO posts ante 8
P1xel7 posts small blind 35
Andrea-CaO posts big blind 70
Dealt to P1xel7 [2d 4c]
*** PRE-FLOP *** 
P1xel7 folds
Andrea-CaO collected 121 from pot
*** SUMMARY ***
Total pot 121 | No rake
Seat 2: Andrea-CaO (big blind) won 121


Winamax Poker - Tournament "Trident" buyIn: 0.90€ + 0.10€ level: 8 - HandId: #3225767868066955269-61-1709493026 - Holdem no limit (8/35/70) - 2024/03/03 19:10:26 UTC
Table: 'Trident(751057609)#0004' 3-max (real money) Seat #2 is the button
Seat 1: P1xel7 (702, 0.45€ bounty)
Seat 2: Andrea-CaO (3181, 1.66€ bounty)
*** ANTE/BLINDS ***
Andrea-CaO posts ante 8
P1xel7 posts ante 8
Andrea-CaO posts small blind 35
P1xel7 posts big blind 70
Dealt to P1xel7 [7s 4h]
*** PRE-FLOP *** 
Andrea-CaO calls 35
P1xel7 checks
*** FLOP *** [4d 9c Ah]
P1xel7 checks
Andrea-CaO bets 70
P1xel7 raises 210 to 280
Andrea-CaO folds
P1xel7 collected 506 from pot
*** SUMMARY ***
Total pot 506 | No rake
Board: [4d 9c Ah]
Seat 1: P1xel7 (big blind) won 506


Winamax Poker - Tournament "Trident" buyIn: 0.90€ + 0.10€ level: 8 - HandId: #3225767868066955269-62-1709493049 - Holdem no limit (8/35/70) - 2024/03/03 19:10:49 UTC
Table: 'Trident(751057609)#0004' 3-max (real money) Seat #1 is the button
Seat 1: P1xel7 (850, 0.45€ bounty)
Seat 2: Andrea-CaO (3033, 1.66€ bounty)
Seat 3: winnfish76 (1073, 0.67€ bounty)
*** ANTE/BLINDS ***
P1xel7 posts ante 8
Andrea-CaO posts ante 8
P1xel7 posts small blind 35
Andrea-CaO posts big blind 70
Dealt to P1xel7 [9h 5s]
*** PRE-FLOP *** 
P1xel7 folds
Andrea-CaO collected 121 from pot
*** SUMMARY ***
Total pot 121 | No rake
Seat 2: Andrea-CaO (big blind) won 121


Winamax Poker - Tournament "Trident" buyIn: 0.90€ + 0.10€ level: 8 - HandId: #3225767868066955269-63-1709493054 - Holdem no limit (8/35/70) - 2024/03/03 19:10:54 UTC
Table: 'Trident(751057609)#0004' 3-max (real money) Seat #1 is the button
Seat 1: P1xel7 (807, 0.45€ bounty)
Seat 2: Andrea-CaO (3076, 1.66€ bounty)
Seat 3: winnfish76 (1073, 0.67€ bounty)
*** ANTE/BLINDS ***
Andrea-CaO posts ante 8
winnfish76 posts ante 8
P1xel7 posts ante 8
Andrea-CaO posts small blind 35
winnfish76 posts big blind 70
Dealt to P1xel7 [6d Qh]
*** PRE-FLOP *** 
P1xel7 folds
Andrea-CaO calls 35
winnfish76 checks
*** FLOP *** [Qs 7s Kh]
Andrea-CaO bets 70
winnfish76 folds
Andrea-CaO collected 234 from pot
*** SUMMARY ***
Total pot 234 | No rake
Board: [Qs 7s Kh]
Seat 2: Andrea-CaO (small blind) won 234


Winamax Poker - Tournament "Trident" buyIn: 0.90€ + 0.10€ level: 9 - HandId: #3225767868066955269-64-1709493074 - Holdem no limit (10/40/80) - 2024/03/03 19:11:14 UTC
Table: 'Trident(751057609)#0004' 3-max (real money) Seat #2 is the button
Seat 1: P1xel7 (799, 0.45€ bounty)
Seat 2: Andrea-CaO (3162, 1.66€ bounty)
Seat 3: winnfish76 (995, 0.67€ bounty)
*** ANTE/BLINDS ***
winnfish76 posts ante 10
P1xel7 posts ante 10
Andrea-CaO posts ante 10
winnfish76 posts small blind 40
P1xel7 posts big blind 80
Dealt to P1xel7 [Kh As]
*** PRE-FLOP *** 
Andrea-CaO folds
winnfish76 folds
P1xel7 collected 150 from pot
*** SUMMARY ***
Total pot 150 | No rake
Seat 1: P1xel7 (big blind) won 150


Winamax Poker - Tournament "Trident" buyIn: 0.90€ + 0.10€ level: 9 - HandId: #3225767868066955269-65-1709493099 - Holdem no limit (10/40/80) - 2024/03/03 19:11:39 UTC
Table: 'Trident(751057609)#0004' 3-max (real money) Seat #3 is the button
Seat 1: P1xel7 (859, 0.45€ bounty)
Seat 2: Andrea-CaO (3152, 1.66€ bounty)
Seat 3: winnfish76 (945, 0.67€ bounty)
*** ANTE/BLINDS ***
P1xel7 posts ante 10
Andrea-CaO posts ante 10
winnfish76 posts ante 10
P1xel7 posts small blind 40
Andrea-CaO posts big blind 80
Dealt to P1xel7 [2c As]
*** PRE-FLOP *** 
winnfish76 folds
P1xel7 raises 769 to 849 and is all-in
Andrea-CaO calls 769
*** FLOP *** [3h 5s 9h]
*** TURN *** [3h 5s 9h][4h]
*** RIVER *** [3h 5s 9h 4h][6s]
*** SHOW DOWN ***
Andrea-CaO shows [9d Td] (One pair : 9)
P1xel7 shows [2c As] (Straight 6 high)
P1xel7 collected 1728 from pot
*** SUMMARY ***
Total pot 1728 | No rake
Board: [3h 5s 9h 4h 6s]
Seat 1: P1xel7 (small blind) showed [2c As] and won 1728 with Straight 6 high
Seat 2: Andrea-CaO (big blind) showed [9d Td] and lost with One pair : 9


Winamax Poker - Tournament "Trident" buyIn: 0.90€ + 0.10€ level: 9 - HandId: #3225767868066955269-66-1709493113 - Holdem no limit (10/40/80) - 2024/03/03 19:11:53 UTC
Table: 'Trident(751057609)#0004' 3-max (real money) Seat #1 is the button
Seat 1: P1xel7 (1728, 0.45€ bounty)
Seat 2: Andrea-CaO (2293, 1.66€ bounty)
Seat 3: winnfish76 (935, 0.67€ bounty)
*** ANTE/BLINDS ***
Andrea-CaO posts ante 10
winnfish76 posts ante 10
P1xel7 posts ante 10
Andrea-CaO posts small blind 40
winnfish76 posts big blind 80
Dealt to P1xel7 [3d 7h]
*** PRE-FLOP *** 
P1xel7 folds
Andrea-CaO calls 40
winnfish76 checks
*** FLOP *** [3h Ks Ts]
Andrea-CaO bets 80
winnfish76 folds
Andrea-CaO collected 270 from pot
*** SUMMARY ***
Total pot 270 | No rake
Board: [3h Ks Ts]
Seat 2: Andrea-CaO (small blind) won 270


Winamax Poker - Tournament "Trident" buyIn: 0.90€ + 0.10€ level: 9 - HandId: #3225767868066955269-67-1709493166 - Holdem no limit (10/40/80) - 2024/03/03 19:12:46 UTC
Table: 'Trident(751057609)#0004' 3-max (real money) Seat #2 is the button
Seat 1: P1xel7 (1718, 0.45€ bounty)
Seat 2: Andrea-CaO (2393, 1.66€ bounty)
Seat 3: winnfish76 (845, 0.67€ bounty)
*** ANTE/BLINDS ***
winnfish76 posts ante 10
P1xel7 posts ante 10
Andrea-CaO posts ante 10
winnfish76 posts small blind 40
P1xel7 posts big blind 80
Dealt to P1xel7 [9c Ks]
*** PRE-FLOP *** 
Andrea-CaO folds
winnfish76 calls 40
P1xel7 raises 1628 to 1708 and is all-in
winnfish76 folds
P1xel7 collected 1818 from pot
*** SUMMARY ***
Total pot 1818 | No rake
Seat 1: P1xel7 (big blind) won 1818


Winamax Poker - Tournament "Trident" buyIn: 0.90€ + 0.10€ level: 9 - HandId: #3225767868066955269-68-1709493185 - Holdem no limit (10/40/80) - 2024/03/03 19:13:05 UTC
Table: 'Trident(751057609)#0004' 3-max (real money) Seat #3 is the button
Seat 1: P1xel7 (1818, 0.45€ bounty)
Seat 2: Andrea-CaO (2383, 1.66€ bounty)
Seat 3: winnfish76 (755, 0.67€ bounty)
*** ANTE/BLINDS ***
P1xel7 posts ante 10
Andrea-CaO posts ante 10
winnfish76 posts ante 10
P1xel7 posts small blind 40
Andrea-CaO posts big blind 80
Dealt to P1xel7 [3c Jh]
*** PRE-FLOP *** 
winnfish76 folds
P1xel7 folds
Andrea-CaO collected 150 from pot
*** SUMMARY ***
Total pot 150 | No rake
Seat 2: Andrea-CaO (big blind) won 150


Winamax Poker - Tournament "Trident" buyIn: 0.90€ + 0.10€ level: 9 - HandId: #3225767868066955269-69-1709493193 - Holdem no limit (10/40/80) - 2024/03/03 19:13:13 UTC
Table: 'Trident(751057609)#0004' 3-max (real money) Seat #1 is the button
Seat 1: P1xel7 (1768, 0.45€ bounty)
Seat 2: Andrea-CaO (2443, 1.66€ bounty)
Seat 3: winnfish76 (745, 0.67€ bounty)
*** ANTE/BLINDS ***
Andrea-CaO posts ante 10
winnfish76 posts ante 10
P1xel7 posts ante 10
Andrea-CaO posts small blind 40
winnfish76 posts big blind 80
Dealt to P1xel7 [7c Th]
*** PRE-FLOP *** 
P1xel7 folds
Andrea-CaO raises 2353 to 2433 and is all-in
winnfish76 folds
Andrea-CaO collected 2543 from pot
*** SUMMARY ***
Total pot 2543 | No rake
Seat 2: Andrea-CaO (small blind) won 2543


Winamax Poker - Tournament "Trident" buyIn: 0.90€ + 0.10€ level: 10 - HandId: #3225767868066955269-70-1709493214 - Holdem no limit (12/50/100) - 2024/03/03 19:13:34 UTC
Table: 'Trident(751057609)#0004' 3-max (real money) Seat #2 is the button
Seat 1: P1xel7 (1758, 0.45€ bounty)
Seat 2: Andrea-CaO (2543, 1.66€ bounty)
Seat 3: winnfish76 (655, 0.67€ bounty)
*** ANTE/BLINDS ***
winnfish76 posts ante 12
P1xel7 posts ante 12
Andrea-CaO posts ante 12
winnfish76 posts small blind 50
P1xel7 posts big blind 100
Dealt to P1xel7 [5d 3s]
*** PRE-FLOP *** 
Andrea-CaO folds
winnfish76 raises 543 to 643 and is all-in
P1xel7 folds
winnfish76 collected 779 from pot
*** SUMMARY ***
Total pot 779 | No rake
Seat 3: winnfish76 (small blind) won 779


Winamax Poker - Tournament "Trident" buyIn: 0.90€ + 0.10€ level: 10 - HandId: #3225767868066955269-71-1709493231 - Holdem no limit (12/50/100) - 2024/03/03 19:13:51 UTC
Table: 'Trident(751057609)#0004' 3-max (real money) Seat #3 is the button
Seat 1: P1xel7 (1646, 0.45€ bounty)
Seat 2: Andrea-CaO (2531, 1.66€ bounty)
Seat 3: winnfish76 (779, 0.67€ bounty)
*** ANTE/BLINDS ***
P1xel7 posts ante 12
Andrea-CaO posts ante 12
winnfish76 posts ante 12
P1xel7 posts small blind 50
Andrea-CaO posts big blind 100
Dealt to P1xel7 [Ac 9c]
*** PRE-FLOP *** 
winnfish76 raises 667 to 767 and is all-in
P1xel7 calls 717
Andrea-CaO folds
*** FLOP *** [8h 9h 7d]
*** TURN *** [8h 9h 7d][Td]
*** RIVER *** [8h 9h 7d Td][8s]
*** SHOW DOWN ***
P1xel7 shows [Ac 9c] (Two pairs : 9 and 8)
winnfish76 shows [Qd Jd] (Straight Queen high)
winnfish76 collected 1670 from pot
*** SUMMARY ***
Total pot 1670 | No rake
Board: [8h 9h 7d Td 8s]
Seat 1: P1xel7 (small blind) showed [Ac 9c] and lost with Two pairs : 9 and 8
Seat 3: winnfish76 (button) showed [Qd Jd] and won 1670 with Straight Queen high


Winamax Poker - Tournament "Trident" buyIn: 0.90€ + 0.10€ level: 10 - HandId: #3225767868066955269-72-1709493252 - Holdem no limit (12/50/100) - 2024/03/03 19:14:12 UTC
Table: 'Trident(751057609)#0004' 3-max (real money) Seat #1 is the button
Seat 1: P1xel7 (867, 0.45€ bounty)
Seat 2: Andrea-CaO (2419, 1.66€ bounty)
Seat 3: winnfish76 (1670, 0.67€ bounty)
*** ANTE/BLINDS ***
Andrea-CaO posts ante 12
winnfish76 posts ante 12
P1xel7 posts ante 12
Andrea-CaO posts small blind 50
winnfish76 posts big blind 100
Dealt to P1xel7 [Kh Td]
*** PRE-FLOP *** 
P1xel7 raises 100 to 200
Andrea-CaO folds
winnfish76 folds
P1xel7 collected 386 from pot
*** SUMMARY ***
Total pot 386 | No rake
Seat 1: P1xel7 (button) won 386


Winamax Poker - Tournament "Trident" buyIn: 0.90€ + 0.10€ level: 10 - HandId: #3225767868066955269-73-1709493279 - Holdem no limit (12/50/100) - 2024/03/03 19:14:39 UTC
Table: 'Trident(751057609)#0004' 3-max (real money) Seat #2 is the button
Seat 1: P1xel7 (1041, 0.45€ bounty)
Seat 2: Andrea-CaO (2357, 1.66€ bounty)
Seat 3: winnfish76 (1558, 0.67€ bounty)
*** ANTE/BLINDS ***
winnfish76 posts ante 12
P1xel7 posts ante 12
Andrea-CaO posts ante 12
winnfish76 posts small blind 50
P1xel7 posts big blind 100
Dealt to P1xel7 [6d 8h]
*** PRE-FLOP *** 
Andrea-CaO calls 100
winnfish76 folds
P1xel7 checks
*** FLOP *** [8d Tc Qc]
P1xel7 checks
Andrea-CaO bets 100
P1xel7 calls 100
*** TURN *** [8d Tc Qc][8s]
P1xel7 checks
Andrea-CaO checks
*** RIVER *** [8d Tc Qc 8s][Qs]
P1xel7 bets 243
Andrea-CaO folds
P1xel7 collected 729 from pot
*** SUMMARY ***
Total pot 729 | No rake
Board: [8d Tc Qc 8s Qs]
Seat 1: P1xel7 (big blind) won 729


Winamax Poker - Tournament "Trident" buyIn: 0.90€ + 0.10€ level: 10 - HandId: #3225767868066955269-74-1709493299 - Holdem no limit (12/50/100) - 2024/03/03 19:14:59 UTC
Table: 'Trident(751057609)#0004' 3-max (real money) Seat #3 is the button
Seat 1: P1xel7 (1315, 0.45€ bounty)
Seat 2: Andrea-CaO (2145, 1.66€ bounty)
Seat 3: winnfish76 (1496, 0.67€ bounty)
*** ANTE/BLINDS ***
P1xel7 posts ante 12
Andrea-CaO posts ante 12
winnfish76 posts ante 12
P1xel7 posts small blind 50
Andrea-CaO posts big blind 100
Dealt to P1xel7 [8h 5h]
*** PRE-FLOP *** 
winnfish76 folds
P1xel7 folds
Andrea-CaO collected 186 from pot
*** SUMMARY ***
Total pot 186 | No rake
Seat 2: Andrea-CaO (big blind) won 186


Winamax Poker - Tournament "Trident" buyIn: 0.90€ + 0.10€ level: 10 - HandId: #3225767868066955269-75-1709493308 - Holdem no limit (12/50/100) - 2024/03/03 19:15:08 UTC
Table: 'Trident(751057609)#0004' 3-max (real money) Seat #1 is the button
Seat 1: P1xel7 (1253, 0.45€ bounty)
Seat 2: Andrea-CaO (2219, 1.66€ bounty)
Seat 3: winnfish76 (1484, 0.67€ bounty)
*** ANTE/BLINDS ***
Andrea-CaO posts ante 12
winnfish76 posts ante 12
P1xel7 posts ante 12
Andrea-CaO posts small blind 50
winnfish76 posts big blind 100
Dealt to P1xel7 [7d Td]
*** PRE-FLOP *** 
P1xel7 folds
Andrea-CaO calls 50
winnfish76 checks
*** FLOP *** [Js Qc Kh]
Andrea-CaO bets 100
winnfish76 calls 100
*** TURN *** [Js Qc Kh][Tc]
Andrea-CaO checks
winnfish76 bets 153
Andrea-CaO folds
winnfish76 collected 589 from pot
*** SUMMARY ***
Total pot 589 | No rake
Board: [Js Qc Kh Tc]
Seat 3: winnfish76 (big blind) won 589


Winamax Poker - Tournament "Trident" buyIn: 0.90€ + 0.10€ level: 10 - HandId: #3225767868066955269-76-1709493355 - Holdem no limit (12/50/100) - 2024/03/03 19:15:55 UTC
Table: 'Trident(751057609)#0004' 3-max (real money) Seat #2 is the button
Seat 1: P1xel7 (1241, 0.45€ bounty)
Seat 2: Andrea-CaO (2007, 1.66€ bounty)
Seat 3: winnfish76 (1708, 0.67€ bounty)
*** ANTE/BLINDS ***
winnfish76 posts ante 12
P1xel7 posts ante 12
Andrea-CaO posts ante 12
winnfish76 posts small blind 50
P1xel7 posts big blind 100
Dealt to P1xel7 [2s 5h]
*** PRE-FLOP *** 
Andrea-CaO folds
winnfish76 folds
P1xel7 collected 186 from pot
*** SUMMARY ***
Total pot 186 | No rake
Seat 1: P1xel7 (big blind) won 186


Winamax Poker - Tournament "Trident" buyIn: 0.90€ + 0.10€ level: 11 - HandId: #3225767868066955269-77-1709493378 - Holdem no limit (14/60/120) - 2024/03/03 19:16:18 UTC
Table: 'Trident(751057609)#0004' 3-max (real money) Seat #3 is the button
Seat 1: P1xel7 (1315, 0.45€ bounty)
Seat 2: Andrea-CaO (1995, 1.66€ bounty)
Seat 3: winnfish76 (1646, 0.67€ bounty)
*** ANTE/BLINDS ***
P1xel7 posts ante 14
Andrea-CaO posts ante 14
winnfish76 posts ante 14
P1xel7 posts small blind 60
Andrea-CaO posts big blind 120
Dealt to P1xel7 [Kh 7s]
*** PRE-FLOP *** 
winnfish76 folds
P1xel7 folds
Andrea-CaO collected 222 from pot
*** SUMMARY ***
Total pot 222 | No rake
Seat 2: Andrea-CaO (big blind) won 222


Winamax Poker - Tournament "Trident" buyIn: 0.90€ + 0.10€ level: 11 - HandId: #3225767868066955269-78-1709493403 - Holdem no limit (14/60/120) - 2024/03/03 19:16:43 UTC
Table: 'Trident(751057609)#0004' 3-max (real money) Seat #1 is the button
Seat 1: P1xel7 (1241, 0.45€ bounty)
Seat 2: Andrea-CaO (2083, 1.66€ bounty)
Seat 3: winnfish76 (1632, 0.67€ bounty)
*** ANTE/BLINDS ***
Andrea-CaO posts ante 14
winnfish76 posts ante 14
P1xel7 posts ante 14
Andrea-CaO posts small blind 60
winnfish76 posts big blind 120
Dealt to P1xel7 [Jh 7s]
*** PRE-FLOP *** 
P1xel7 folds
Andrea-CaO raises 1949 to 2069 and is all-in
winnfish76 folds
Andrea-CaO collected 2231 from pot
*** SUMMARY ***
Total pot 2231 | No rake
Seat 2: Andrea-CaO (small blind) won 2231


Winamax Poker - Tournament "Trident" buyIn: 0.90€ + 0.10€ level: 11 - HandId: #3225767868066955269-79-1709493418 - Holdem no limit (14/60/120) - 2024/03/03 19:16:58 UTC
Table: 'Trident(751057609)#0004' 3-max (real money) Seat #2 is the button
Seat 1: P1xel7 (1227, 0.45€ bounty)
Seat 2: Andrea-CaO (2231, 1.66€ bounty)
Seat 3: winnfish76 (1498, 0.67€ bounty)
*** ANTE/BLINDS ***
winnfish76 posts ante 14
P1xel7 posts ante 14
Andrea-CaO posts ante 14
winnfish76 posts small blind 60
P1xel7 posts big blind 120
Dealt to P1xel7 [9d 2h]
*** PRE-FLOP *** 
Andrea-CaO folds
winnfish76 calls 60
P1xel7 checks
*** FLOP *** [6d 2d 5d]
winnfish76 checks
P1xel7 bets 300
winnfish76 folds
P1xel7 collected 582 from pot
*** SUMMARY ***
Total pot 582 | No rake
Board: [6d 2d 5d]
Seat 1: P1xel7 (big blind) won 582


Winamax Poker - Tournament "Trident" buyIn: 0.90€ + 0.10€ level: 11 - HandId: #3225767868066955269-80-1709493454 - Holdem no limit (14/60/120) - 2024/03/03 19:17:34 UTC
Table: 'Trident(751057609)#0004' 3-max (real money) Seat #3 is the button
Seat 1: P1xel7 (1375, 0.45€ bounty)
Seat 2: Andrea-CaO (2217, 1.66€ bounty)
Seat 3: winnfish76 (1364, 0.67€ bounty)
*** ANTE/BLINDS ***
P1xel7 posts ante 14
Andrea-CaO posts ante 14
winnfish76 posts ante 14
P1xel7 posts small blind 60
Andrea-CaO posts big blind 120
Dealt to P1xel7 [8d Jh]
*** PRE-FLOP *** 
winnfish76 folds
P1xel7 folds
Andrea-CaO collected 222 from pot
*** SUMMARY ***
Total pot 222 | No rake
Seat 2: Andrea-CaO (big blind) won 222


Winamax Poker - Tournament "Trident" buyIn: 0.90€ + 0.10€ level: 11 - HandId: #3225767868066955269-81-1709493466 - Holdem no limit (14/60/120) - 2024/03/03 19:17:46 UTC
Table: 'Trident(751057609)#0004' 3-max (real money) Seat #1 is the button
Seat 1: P1xel7 (1301, 0.45€ bounty)
Seat 2: Andrea-CaO (2305, 1.66€ bounty)
Seat 3: winnfish76 (1350, 0.67€ bounty)
*** ANTE/BLINDS ***
Andrea-CaO posts ante 14
winnfish76 posts ante 14
P1xel7 posts ante 14
Andrea-CaO posts small blind 60
winnfish76 posts big blind 120
Dealt to P1xel7 [7h Qh]
*** PRE-FLOP *** 
P1xel7 folds
Andrea-CaO raises 2171 to 2291 and is all-in
winnfish76 folds
Andrea-CaO collected 2453 from pot
*** SUMMARY ***
Total pot 2453 | No rake
Seat 2: Andrea-CaO (small blind) won 2453


Winamax Poker - Tournament "Trident" buyIn: 0.90€ + 0.10€ level: 11 - HandId: #3225767868066955269-82-1709493498 - Holdem no limit (14/60/120) - 2024/03/03 19:18:18 UTC
Table: 'Trident(751057609)#0004' 3-max (real money) Seat #2 is the button
Seat 1: P1xel7 (1287, 0.45€ bounty)
Seat 2: Andrea-CaO (2453, 1.66€ bounty)
Seat 3: winnfish76 (1216, 0.67€ bounty)
*** ANTE/BLINDS ***
winnfish76 posts ante 14
P1xel7 posts ante 14
Andrea-CaO posts ante 14
winnfish76 posts small blind 60
P1xel7 posts big blind 120
Dealt to P1xel7 [Qs Tc]
*** PRE-FLOP *** 
Andrea-CaO folds
winnfish76 calls 60
P1xel7 raises 1153 to 1273 and is all-in
winnfish76 folds
P1xel7 collected 1435 from pot
*** SUMMARY ***
Total pot 1435 | No rake
Seat 1: P1xel7 (big blind) won 1435


Winamax Poker - Tournament "Trident" buyIn: 0.90€ + 0.10€ level: 12 - HandId: #3225767868066955269-83-1709493526 - Holdem no limit (16/70/140) - 2024/03/03 19:18:46 UTC
Table: 'Trident(751057609)#0004' 3-max (real money) Seat #3 is the button
Seat 1: P1xel7 (1435, 0.45€ bounty)
Seat 2: Andrea-CaO (2439, 1.66€ bounty)
Seat 3: winnfish76 (1082, 0.67€ bounty)
*** ANTE/BLINDS ***
P1xel7 posts ante 16
Andrea-CaO posts ante 16
winnfish76 posts ante 16
P1xel7 posts small blind 70
Andrea-CaO posts big blind 140
Dealt to P1xel7 [4s 3c]
*** PRE-FLOP *** 
winnfish76 calls 140
P1xel7 folds
Andrea-CaO checks
*** FLOP *** [Tc Js Kc]
Andrea-CaO checks
winnfish76 bets 926 and is all-in
Andrea-CaO folds
winnfish76 collected 1324 from pot
*** SUMMARY ***
Total pot 1324 | No rake
Board: [Tc Js Kc]
Seat 3: winnfish76 (button) won 1324


Winamax Poker - Tournament "Trident" buyIn: 0.90€ + 0.10€ level: 12 - HandId: #3225767868066955269-84-1709493541 - Holdem no limit (16/70/140) - 2024/03/03 19:19:01 UTC
Table: 'Trident(751057609)#0004' 3-max (real money) Seat #1 is the button
Seat 1: P1xel7 (1349, 0.45€ bounty)
Seat 2: Andrea-CaO (2283, 1.66€ bounty)
Seat 3: winnfish76 (1324, 0.67€ bounty)
*** ANTE/BLINDS ***
Andrea-CaO posts ante 16
winnfish76 posts ante 16
P1xel7 posts ante 16
Andrea-CaO posts small blind 70
winnfish76 posts big blind 140
Dealt to P1xel7 [4d Tc]
*** PRE-FLOP *** 
P1xel7 folds
Andrea-CaO raises 2127 to 2267 and is all-in
winnfish76 folds
Andrea-CaO collected 2455 from pot
*** SUMMARY ***
Total pot 2455 | No rake
Seat 2: Andrea-CaO (small blind) won 2455


Winamax Poker - Tournament "Trident" buyIn: 0.90€ + 0.10€ level: 12 - HandId: #3225767868066955269-85-1709493550 - Holdem no limit (16/70/140) - 2024/03/03 19:19:10 UTC
Table: 'Trident(751057609)#0004' 3-max (real money) Seat #2 is the button
Seat 1: P1xel7 (1333, 0.45€ bounty)
Seat 2: Andrea-CaO (2455, 1.66€ bounty)
Seat 3: winnfish76 (1168, 0.67€ bounty)
*** ANTE/BLINDS ***
winnfish76 posts ante 16
P1xel7 posts ante 16
Andrea-CaO posts ante 16
winnfish76 posts small blind 70
P1xel7 posts big blind 140
Dealt to P1xel7 [5s 2d]
*** PRE-FLOP *** 
Andrea-CaO raises 2299 to 2439 and is all-in
winnfish76 calls 1082 and is all-in
P1xel7 folds
*** FLOP *** [Ad 9s 9c]
*** TURN *** [Ad 9s 9c][3d]
*** RIVER *** [Ad 9s 9c 3d][7c]
*** SHOW DOWN ***
Andrea-CaO shows [Qh Tc] (One pair : 9)
winnfish76 shows [Ah Kc] (Two pairs : Aces and 9)
winnfish76 collected 2492 from main pot
Andrea-CaO collected 1287 from side pot 1
*** SUMMARY ***
Total pot 3779 | No rake
Board: [Ad 9s 9c 3d 7c]
Seat 2: Andrea-CaO (button) showed [Qh Tc] and won 1287 with One pair : 9
Seat 3: winnfish76 (small blind) showed [Ah Kc] and won 2492 with Two pairs : Aces and 9


Winamax Poker - Tournament "Trident" buyIn: 0.90€ + 0.10€ level: 12 - HandId: #3225767868066955269-86-1709493569 - Holdem no limit (16/70/140) - 2024/03/03 19:19:29 UTC
Table: 'Trident(751057609)#0004' 3-max (real money) Seat #3 is the button
Seat 1: P1xel7 (1177, 0.45€ bounty)
Seat 2: Andrea-CaO (1287, 1.66€ bounty)
Seat 3: winnfish76 (2492, 0.67€ bounty)
*** ANTE/BLINDS ***
P1xel7 posts ante 16
Andrea-CaO posts ante 16
winnfish76 posts ante 16
P1xel7 posts small blind 70
Andrea-CaO posts big blind 140
Dealt to P1xel7 [7d Ac]
*** PRE-FLOP *** 
winnfish76 raises 2336 to 2476 and is all-in
P1xel7 folds
Andrea-CaO folds
winnfish76 collected 2734 from pot
*** SUMMARY ***
Total pot 2734 | No rake
Seat 3: winnfish76 (button) won 2734


Winamax Poker - Tournament "Trident" buyIn: 0.90€ + 0.10€ level: 12 - HandId: #3225767868066955269-87-1709493580 - Holdem no limit (16/70/140) - 2024/03/03 19:19:40 UTC
Table: 'Trident(751057609)#0004' 3-max (real money) Seat #1 is the button
Seat 1: P1xel7 (1091, 0.45€ bounty)
Seat 2: Andrea-CaO (1131, 1.66€ bounty)
Seat 3: winnfish76 (2734, 0.67€ bounty)
*** ANTE/BLINDS ***
Andrea-CaO posts ante 16
winnfish76 posts ante 16
P1xel7 posts ante 16
Andrea-CaO posts small blind 70
winnfish76 posts big blind 140
Dealt to P1xel7 [5c 3c]
*** PRE-FLOP *** 
P1xel7 folds
Andrea-CaO raises 975 to 1115 and is all-in
winnfish76 folds
Andrea-CaO collected 1303 from pot
*** SUMMARY ***
Total pot 1303 | No rake
Seat 2: Andrea-CaO (small blind) won 1303


Winamax Poker - Tournament "Trident" buyIn: 0.90€ + 0.10€ level: 12 - HandId: #3225767868066955269-88-1709493588 - Holdem no limit (16/70/140) - 2024/03/03 19:19:48 UTC
Table: 'Trident(751057609)#0004' 3-max (real money) Seat #2 is the button
Seat 1: P1xel7 (1075, 0.45€ bounty)
Seat 2: Andrea-CaO (1303, 1.66€ bounty)
Seat 3: winnfish76 (2578, 0.67€ bounty)
*** ANTE/BLINDS ***
winnfish76 posts ante 16
P1xel7 posts ante 16
Andrea-CaO posts ante 16
winnfish76 posts small blind 70
P1xel7 posts big blind 140
Dealt to P1xel7 [6d 4s]
*** PRE-FLOP *** 
Andrea-CaO raises 1147 to 1287 and is all-in
winnfish76 folds
P1xel7 folds
Andrea-CaO collected 1545 from pot
*** SUMMARY ***
Total pot 1545 | No rake
Seat 2: Andrea-CaO (button) won 1545


Winamax Poker - Tournament "Trident" buyIn: 0.90€ + 0.10€ level: 12 - HandId: #3225767868066955269-89-1709493600 - Holdem no limit (16/70/140) - 2024/03/03 19:20:00 UTC
Table: 'Trident(751057609)#0004' 3-max (real money) Seat #3 is the button
Seat 1: P1xel7 (919, 0.45€ bounty)
Seat 2: Andrea-CaO (1545, 1.66€ bounty)
Seat 3: winnfish76 (2492, 0.67€ bounty)
*** ANTE/BLINDS ***
P1xel7 posts ante 16
Andrea-CaO posts ante 16
winnfish76 posts ante 16
P1xel7 posts small blind 70
Andrea-CaO posts big blind 140
Dealt to P1xel7 [8d 8h]
*** PRE-FLOP *** 
winnfish76 folds
P1xel7 raises 763 to 903 and is all-in
Andrea-CaO raises 626 to 1529 and is all-in
*** FLOP *** [Th Jc 2d]
*** TURN *** [Th Jc 2d][9s]
*** RIVER *** [Th Jc 2d 9s][Ad]
*** SHOW DOWN ***
P1xel7 shows [8d 8h] (One pair : 8)
Andrea-CaO shows [5h As] (One pair : Aces)
Andrea-CaO collected 2480 from pot
*** SUMMARY ***
Total pot 2480 | No rake
Board: [Th Jc 2d 9s Ad]
Seat 1: P1xel7 (small blind) showed [8d 8h] and lost with One pair : 8
Seat 2: Andrea-CaO (big blind) showed [5h As] and won 2480 with One pair : Aces


