Winamax Poker - Tournament "Kill The Fish" buyIn: 0.45€ + 0.05€ level: 6 - HandId: #3248568973268090900-50-1710606307 - Holdem no limit (60/250/500) - 2024/03/16 16:25:07 UTC
Table: 'Kill The Fish(756366405)#019' 6-max (real money) Seat #5 is the button
Seat 1: Kovax67 (15600, 0.22€ bounty)
Seat 2: sbouby_06 (15744, 0.22€ bounty)
Seat 3: Dom25230 (18220, 0.22€ bounty)
Seat 4: P1xel7 (20000, 0.22€ bounty)
Seat 5: TMLB31 (33060, 0.22€ bounty)
Seat 6: ovp1666 (28148, 0.22€ bounty)
*** ANTE/BLINDS ***
ovp1666 posts ante 60
Kovax67 posts ante 60
sbouby_06 posts ante 60
Dom25230 posts ante 60
P1xel7 posts ante 60
TMLB31 posts ante 60
ovp1666 posts small blind 250
Kovax67 posts big blind 500
Dealt to P1xel7 [6d 2c]
*** PRE-FLOP *** 
sbouby_06 folds
Dom25230 calls 500
P1xel7 folds
TMLB31 calls 500
ovp1666 folds
Kovax67 checks
*** FLOP *** [5s Ac 6h]
Kovax67 checks
Dom25230 checks
TMLB31 bets 739
Kovax67 folds
Dom25230 folds
TMLB31 collected 2849 from pot
*** SUMMARY ***
Total pot 2849 | No rake
Board: [5s Ac 6h]
Seat 5: TMLB31 (button) won 2849


Winamax Poker - Tournament "Kill The Fish" buyIn: 0.45€ + 0.05€ level: 6 - HandId: #3248568973268090900-51-1710606357 - Holdem no limit (60/250/500) - 2024/03/16 16:25:57 UTC
Table: 'Kill The Fish(756366405)#019' 6-max (real money) Seat #6 is the button
Seat 1: Kovax67 (15040, 0.22€ bounty)
Seat 2: sbouby_06 (15684, 0.22€ bounty)
Seat 3: Dom25230 (17660, 0.22€ bounty)
Seat 4: P1xel7 (19940, 0.22€ bounty)
Seat 5: TMLB31 (34610, 0.22€ bounty)
Seat 6: ovp1666 (27838, 0.22€ bounty)
*** ANTE/BLINDS ***
Kovax67 posts ante 60
sbouby_06 posts ante 60
Dom25230 posts ante 60
P1xel7 posts ante 60
TMLB31 posts ante 60
ovp1666 posts ante 60
Kovax67 posts small blind 250
sbouby_06 posts big blind 500
Dealt to P1xel7 [Tc Kh]
*** PRE-FLOP *** 
Dom25230 folds
P1xel7 raises 600 to 1100
TMLB31 folds
ovp1666 folds
Kovax67 folds
sbouby_06 folds
P1xel7 collected 2210 from pot
*** SUMMARY ***
Total pot 2210 | No rake
Seat 4: P1xel7 won 2210


Winamax Poker - Tournament "Kill The Fish" buyIn: 0.45€ + 0.05€ level: 7 - HandId: #3248568973268090900-52-1710606394 - Holdem no limit (70/300/600) - 2024/03/16 16:26:34 UTC
Table: 'Kill The Fish(756366405)#019' 6-max (real money) Seat #1 is the button
Seat 1: Kovax67 (14730, 0.22€ bounty)
Seat 2: sbouby_06 (15124, 0.22€ bounty)
Seat 3: Dom25230 (17600, 0.22€ bounty)
Seat 4: P1xel7 (20990, 0.22€ bounty)
Seat 5: TMLB31 (34550, 0.22€ bounty)
Seat 6: ovp1666 (27778, 0.22€ bounty)
*** ANTE/BLINDS ***
sbouby_06 posts ante 70
Dom25230 posts ante 70
Kovax67 posts ante 70
P1xel7 posts ante 70
TMLB31 posts ante 70
ovp1666 posts ante 70
sbouby_06 posts small blind 300
Dom25230 posts big blind 600
Dealt to P1xel7 [8c 3h]
*** PRE-FLOP *** 
P1xel7 folds
TMLB31 folds
ovp1666 folds
Kovax67 calls 600
sbouby_06 folds
Dom25230 raises 1200 to 1800
Kovax67 folds
Dom25230 collected 3120 from pot
*** SUMMARY ***
Total pot 3120 | No rake
Seat 3: Dom25230 (big blind) won 3120


Winamax Poker - Tournament "Kill The Fish" buyIn: 0.45€ + 0.05€ level: 7 - HandId: #3248568973268090900-53-1710606422 - Holdem no limit (70/300/600) - 2024/03/16 16:27:02 UTC
Table: 'Kill The Fish(756366405)#019' 6-max (real money) Seat #2 is the button
Seat 1: Kovax67 (14060, 0.22€ bounty)
Seat 2: sbouby_06 (14754, 0.22€ bounty)
Seat 3: Dom25230 (18850, 0.22€ bounty)
Seat 4: P1xel7 (20920, 0.22€ bounty)
Seat 5: TMLB31 (34480, 0.22€ bounty)
Seat 6: ovp1666 (27708, 0.22€ bounty)
*** ANTE/BLINDS ***
Dom25230 posts ante 70
P1xel7 posts ante 70
Kovax67 posts ante 70
sbouby_06 posts ante 70
TMLB31 posts ante 70
ovp1666 posts ante 70
Dom25230 posts small blind 300
P1xel7 posts big blind 600
Dealt to P1xel7 [5c 7s]
*** PRE-FLOP *** 
TMLB31 calls 600
ovp1666 folds
Kovax67 raises 600 to 1200
sbouby_06 folds
Dom25230 folds
P1xel7 folds
TMLB31 calls 600
*** FLOP *** [Ad Kd 5d]
TMLB31 bets 1302
Kovax67 folds
TMLB31 collected 5022 from pot
*** SUMMARY ***
Total pot 5022 | No rake
Board: [Ad Kd 5d]
Seat 5: TMLB31 won 5022


Winamax Poker - Tournament "Kill The Fish" buyIn: 0.45€ + 0.05€ level: 7 - HandId: #3248568973268090900-54-1710606454 - Holdem no limit (70/300/600) - 2024/03/16 16:27:34 UTC
Table: 'Kill The Fish(756366405)#019' 6-max (real money) Seat #3 is the button
Seat 1: Kovax67 (12790, 0.22€ bounty)
Seat 2: sbouby_06 (14684, 0.22€ bounty)
Seat 3: Dom25230 (18480, 0.22€ bounty)
Seat 4: P1xel7 (20250, 0.22€ bounty)
Seat 5: TMLB31 (36930, 0.22€ bounty)
*** ANTE/BLINDS ***
P1xel7 posts ante 70
TMLB31 posts ante 70
Kovax67 posts ante 70
sbouby_06 posts ante 70
Dom25230 posts ante 70
P1xel7 posts small blind 300
TMLB31 posts big blind 600
Dealt to P1xel7 [Kd 4s]
*** PRE-FLOP *** 
Kovax67 folds
sbouby_06 folds
Dom25230 folds
P1xel7 raises 900 to 1500
TMLB31 calls 900
*** FLOP *** [8d Ah 6c]
P1xel7 checks
TMLB31 bets 1173
P1xel7 calls 1173
*** TURN *** [8d Ah 6c][Ks]
P1xel7 checks
TMLB31 bets 1424
P1xel7 raises 3560 to 4984
TMLB31 folds
P1xel7 collected 12104 from pot
*** SUMMARY ***
Total pot 12104 | No rake
Board: [8d Ah 6c Ks]
Seat 4: P1xel7 (small blind) won 12104


Winamax Poker - Tournament "Kill The Fish" buyIn: 0.45€ + 0.05€ level: 7 - HandId: #3248568973268090900-55-1710606509 - Holdem no limit (70/300/600) - 2024/03/16 16:28:29 UTC
Table: 'Kill The Fish(756366405)#019' 6-max (real money) Seat #4 is the button
Seat 1: Kovax67 (12720, 0.22€ bounty)
Seat 2: sbouby_06 (14614, 0.22€ bounty)
Seat 3: Dom25230 (18410, 0.22€ bounty)
Seat 4: P1xel7 (24627, 0.22€ bounty)
Seat 5: TMLB31 (32763, 0.22€ bounty)
Seat 6: SetUpForMe (20000, 0.22€ bounty)
*** ANTE/BLINDS ***
TMLB31 posts ante 70
SetUpForMe posts ante 70
Kovax67 posts ante 70
sbouby_06 posts ante 70
Dom25230 posts ante 70
P1xel7 posts ante 70
TMLB31 posts small blind 300
SetUpForMe posts big blind 600
Dealt to P1xel7 [7s Qd]
*** PRE-FLOP *** 
Kovax67 folds
sbouby_06 folds
Dom25230 folds
P1xel7 folds
TMLB31 folds
SetUpForMe collected 1320 from pot
*** SUMMARY ***
Total pot 1320 | No rake
Seat 6: SetUpForMe (big blind) won 1320


Winamax Poker - Tournament "Kill The Fish" buyIn: 0.45€ + 0.05€ level: 7 - HandId: #3248568973268090900-56-1710606536 - Holdem no limit (70/300/600) - 2024/03/16 16:28:56 UTC
Table: 'Kill The Fish(756366405)#019' 6-max (real money) Seat #5 is the button
Seat 1: Kovax67 (12650, 0.22€ bounty)
Seat 2: sbouby_06 (14544, 0.22€ bounty)
Seat 3: Dom25230 (18340, 0.22€ bounty)
Seat 4: P1xel7 (24557, 0.22€ bounty)
Seat 5: TMLB31 (32393, 0.22€ bounty)
Seat 6: SetUpForMe (20650, 0.22€ bounty)
*** ANTE/BLINDS ***
SetUpForMe posts ante 70
Kovax67 posts ante 70
sbouby_06 posts ante 70
Dom25230 posts ante 70
P1xel7 posts ante 70
TMLB31 posts ante 70
SetUpForMe posts small blind 300
Kovax67 posts big blind 600
Dealt to P1xel7 [8d 5c]
*** PRE-FLOP *** 
sbouby_06 folds
Dom25230 folds
P1xel7 folds
TMLB31 folds
SetUpForMe folds
Kovax67 collected 1320 from pot
*** SUMMARY ***
Total pot 1320 | No rake
Seat 1: Kovax67 (big blind) won 1320


Winamax Poker - Tournament "Kill The Fish" buyIn: 0.45€ + 0.05€ level: 7 - HandId: #3248568973268090900-57-1710606564 - Holdem no limit (70/300/600) - 2024/03/16 16:29:24 UTC
Table: 'Kill The Fish(756366405)#019' 6-max (real money) Seat #6 is the button
Seat 1: Kovax67 (13300, 0.22€ bounty)
Seat 2: sbouby_06 (14474, 0.22€ bounty)
Seat 3: Dom25230 (18270, 0.22€ bounty)
Seat 4: P1xel7 (24487, 0.22€ bounty)
Seat 5: TMLB31 (32323, 0.22€ bounty)
Seat 6: SetUpForMe (20280, 0.22€ bounty)
*** ANTE/BLINDS ***
Kovax67 posts ante 70
sbouby_06 posts ante 70
Dom25230 posts ante 70
P1xel7 posts ante 70
TMLB31 posts ante 70
SetUpForMe posts ante 70
Kovax67 posts small blind 300
sbouby_06 posts big blind 600
Dealt to P1xel7 [9h 8d]
*** PRE-FLOP *** 
Dom25230 folds
P1xel7 folds
TMLB31 raises 900 to 1500
SetUpForMe folds
Kovax67 folds
sbouby_06 raises 12904 to 14404 and is all-in
TMLB31 calls 12904
*** FLOP *** [3s Kd 9d]
*** TURN *** [3s Kd 9d][7c]
*** RIVER *** [3s Kd 9d 7c][Ad]
*** SHOW DOWN ***
TMLB31 shows [Kh Ac] (Two pairs : Aces and Kings)
sbouby_06 shows [9s 9c] (Trips of 9)
sbouby_06 collected 29528 from pot
*** SUMMARY ***
Total pot 29528 | No rake
Board: [3s Kd 9d 7c Ad]
Seat 2: sbouby_06 (big blind) showed [9s 9c] and won 29528 with Trips of 9
Seat 5: TMLB31 showed [Kh Ac] and lost with Two pairs : Aces and Kings


Winamax Poker - Tournament "Kill The Fish" buyIn: 0.45€ + 0.05€ level: 7 - HandId: #3248568973268090900-58-1710606615 - Holdem no limit (70/300/600) - 2024/03/16 16:30:15 UTC
Table: 'Kill The Fish(756366405)#019' 6-max (real money) Seat #1 is the button
Seat 1: Kovax67 (12930, 0.22€ bounty)
Seat 2: sbouby_06 (29528, 0.22€ bounty)
Seat 3: Dom25230 (18200, 0.22€ bounty)
Seat 4: P1xel7 (24417, 0.22€ bounty)
Seat 5: TMLB31 (17849, 0.22€ bounty)
Seat 6: SetUpForMe (20210, 0.22€ bounty)
*** ANTE/BLINDS ***
sbouby_06 posts ante 70
Dom25230 posts ante 70
Kovax67 posts ante 70
P1xel7 posts ante 70
TMLB31 posts ante 70
SetUpForMe posts ante 70
sbouby_06 posts small blind 300
Dom25230 posts big blind 600
Dealt to P1xel7 [6h 2d]
*** PRE-FLOP *** 
P1xel7 folds
TMLB31 raises 900 to 1500
SetUpForMe folds
Kovax67 folds
sbouby_06 folds
Dom25230 folds
TMLB31 collected 2820 from pot
*** SUMMARY ***
Total pot 2820 | No rake
Seat 5: TMLB31 won 2820


Winamax Poker - Tournament "Kill The Fish" buyIn: 0.45€ + 0.05€ level: 7 - HandId: #3248568973268090900-59-1710606638 - Holdem no limit (70/300/600) - 2024/03/16 16:30:38 UTC
Table: 'Kill The Fish(756366405)#019' 6-max (real money) Seat #2 is the button
Seat 1: Kovax67 (12860, 0.22€ bounty)
Seat 2: sbouby_06 (29158, 0.22€ bounty)
Seat 3: Dom25230 (17530, 0.22€ bounty)
Seat 4: P1xel7 (24347, 0.22€ bounty)
Seat 5: TMLB31 (19099, 0.22€ bounty)
Seat 6: SetUpForMe (20140, 0.22€ bounty)
*** ANTE/BLINDS ***
Dom25230 posts ante 70
P1xel7 posts ante 70
Kovax67 posts ante 70
sbouby_06 posts ante 70
TMLB31 posts ante 70
SetUpForMe posts ante 70
Dom25230 posts small blind 300
P1xel7 posts big blind 600
Dealt to P1xel7 [8h 3c]
*** PRE-FLOP *** 
TMLB31 folds
SetUpForMe folds
Kovax67 calls 600
sbouby_06 calls 600
Dom25230 raises 2820 to 3420
P1xel7 folds
Kovax67 folds
sbouby_06 folds
Dom25230 collected 5640 from pot
*** SUMMARY ***
Total pot 5640 | No rake
Seat 3: Dom25230 (small blind) won 5640


Winamax Poker - Tournament "Kill The Fish" buyIn: 0.45€ + 0.05€ level: 8 - HandId: #3248568973268090900-60-1710606669 - Holdem no limit (80/350/700) - 2024/03/16 16:31:09 UTC
Table: 'Kill The Fish(756366405)#019' 6-max (real money) Seat #3 is the button
Seat 1: Kovax67 (12190, 0.22€ bounty)
Seat 2: sbouby_06 (28488, 0.22€ bounty)
Seat 3: Dom25230 (19680, 0.22€ bounty)
Seat 4: P1xel7 (23677, 0.22€ bounty)
Seat 5: TMLB31 (19029, 0.22€ bounty)
Seat 6: SetUpForMe (20070, 0.22€ bounty)
*** ANTE/BLINDS ***
P1xel7 posts ante 80
TMLB31 posts ante 80
Kovax67 posts ante 80
sbouby_06 posts ante 80
Dom25230 posts ante 80
SetUpForMe posts ante 80
P1xel7 posts small blind 350
TMLB31 posts big blind 700
Dealt to P1xel7 [7d 4d]
*** PRE-FLOP *** 
SetUpForMe raises 700 to 1400
Kovax67 calls 1400
sbouby_06 folds
Dom25230 folds
P1xel7 folds
TMLB31 folds
*** FLOP *** [3d Qh Qd]
SetUpForMe checks
Kovax67 bets 1083
SetUpForMe calls 1083
*** TURN *** [3d Qh Qd][6d]
SetUpForMe checks
Kovax67 bets 9627 and is all-in
SetUpForMe calls 9627
*** RIVER *** [3d Qh Qd 6d][4c]
*** SHOW DOWN ***
Kovax67 shows [Jc Qs] (Trips of Queens)
SetUpForMe shows [Kd Jd] (Flush King high)
SetUpForMe collected 25750 from pot
*** SUMMARY ***
Total pot 25750 | No rake
Board: [3d Qh Qd 6d 4c]
Seat 1: Kovax67 showed [Jc Qs] and lost with Trips of Queens
Seat 6: SetUpForMe showed [Kd Jd] and won 25750 with Flush King high


Winamax Poker - Tournament "Kill The Fish" buyIn: 0.45€ + 0.05€ level: 8 - HandId: #3248568973268090900-61-1710606733 - Holdem no limit (80/350/700) - 2024/03/16 16:32:13 UTC
Table: 'Kill The Fish(756366405)#019' 6-max (real money) Seat #4 is the button
Seat 2: sbouby_06 (28408, 0.22€ bounty)
Seat 3: Dom25230 (19600, 0.22€ bounty)
Seat 4: P1xel7 (23247, 0.22€ bounty)
Seat 5: TMLB31 (18249, 0.22€ bounty)
Seat 6: SetUpForMe (33630, 0.33€ bounty)
*** ANTE/BLINDS ***
TMLB31 posts ante 80
SetUpForMe posts ante 80
sbouby_06 posts ante 80
Dom25230 posts ante 80
P1xel7 posts ante 80
TMLB31 posts small blind 350
SetUpForMe posts big blind 700
Dealt to P1xel7 [Kd 2h]
*** PRE-FLOP *** 
sbouby_06 folds
Dom25230 folds
P1xel7 folds
TMLB31 folds
SetUpForMe collected 1450 from pot
*** SUMMARY ***
Total pot 1450 | No rake
Seat 6: SetUpForMe (big blind) won 1450


Winamax Poker - Tournament "Kill The Fish" buyIn: 0.45€ + 0.05€ level: 8 - HandId: #3248568973268090900-62-1710606744 - Holdem no limit (80/350/700) - 2024/03/16 16:32:24 UTC
Table: 'Kill The Fish(756366405)#019' 6-max (real money) Seat #5 is the button
Seat 2: sbouby_06 (28328, 0.22€ bounty)
Seat 3: Dom25230 (19520, 0.22€ bounty)
Seat 4: P1xel7 (23167, 0.22€ bounty)
Seat 5: TMLB31 (17819, 0.22€ bounty)
Seat 6: SetUpForMe (34300, 0.33€ bounty)
*** ANTE/BLINDS ***
SetUpForMe posts ante 80
sbouby_06 posts ante 80
Dom25230 posts ante 80
P1xel7 posts ante 80
TMLB31 posts ante 80
SetUpForMe posts small blind 350
sbouby_06 posts big blind 700
Dealt to P1xel7 [9s Qd]
*** PRE-FLOP *** 
Dom25230 calls 700
P1xel7 folds
TMLB31 folds
SetUpForMe folds
sbouby_06 checks
*** FLOP *** [7d 2c 8s]
sbouby_06 checks
Dom25230 checks
*** TURN *** [7d 2c 8s][8c]
sbouby_06 bets 753
Dom25230 calls 753
*** RIVER *** [7d 2c 8s 8c][3s]
sbouby_06 bets 2376
Dom25230 calls 2376
*** SHOW DOWN ***
Dom25230 shows [Ac 4s] (One pair : 8)
sbouby_06 shows [Ad 8h] (Trips of 8)
sbouby_06 collected 8408 from pot
*** SUMMARY ***
Total pot 8408 | No rake
Board: [7d 2c 8s 8c 3s]
Seat 2: sbouby_06 (big blind) showed [Ad 8h] and won 8408 with Trips of 8
Seat 3: Dom25230 showed [Ac 4s] and lost with One pair : 8


Winamax Poker - Tournament "Kill The Fish" buyIn: 0.45€ + 0.05€ level: 8 - HandId: #3248568973268090900-63-1710606798 - Holdem no limit (80/350/700) - 2024/03/16 16:33:18 UTC
Table: 'Kill The Fish(756366405)#019' 6-max (real money) Seat #6 is the button
Seat 2: sbouby_06 (32827, 0.22€ bounty)
Seat 3: Dom25230 (15611, 0.22€ bounty)
Seat 4: P1xel7 (23087, 0.22€ bounty)
Seat 5: TMLB31 (17739, 0.22€ bounty)
Seat 6: SetUpForMe (33870, 0.33€ bounty)
*** ANTE/BLINDS ***
sbouby_06 posts ante 80
Dom25230 posts ante 80
P1xel7 posts ante 80
TMLB31 posts ante 80
SetUpForMe posts ante 80
sbouby_06 posts small blind 350
Dom25230 posts big blind 700
Dealt to P1xel7 [7s Qs]
*** PRE-FLOP *** 
P1xel7 folds
TMLB31 folds
SetUpForMe folds
sbouby_06 folds
Dom25230 collected 1450 from pot
*** SUMMARY ***
Total pot 1450 | No rake
Seat 3: Dom25230 (big blind) won 1450


Winamax Poker - Tournament "Kill The Fish" buyIn: 0.45€ + 0.05€ level: 8 - HandId: #3248568973268090900-64-1710606813 - Holdem no limit (80/350/700) - 2024/03/16 16:33:33 UTC
Table: 'Kill The Fish(756366405)#019' 6-max (real money) Seat #2 is the button
Seat 2: sbouby_06 (32397, 0.22€ bounty)
Seat 3: Dom25230 (16281, 0.22€ bounty)
Seat 4: P1xel7 (23007, 0.22€ bounty)
Seat 5: TMLB31 (17659, 0.22€ bounty)
Seat 6: SetUpForMe (33790, 0.33€ bounty)
*** ANTE/BLINDS ***
Dom25230 posts ante 80
P1xel7 posts ante 80
sbouby_06 posts ante 80
TMLB31 posts ante 80
SetUpForMe posts ante 80
Dom25230 posts small blind 350
P1xel7 posts big blind 700
Dealt to P1xel7 [3c Ad]
*** PRE-FLOP *** 
TMLB31 folds
SetUpForMe folds
sbouby_06 folds
Dom25230 calls 350
P1xel7 raises 1400 to 2100
Dom25230 folds
P1xel7 collected 3200 from pot
*** SUMMARY ***
Total pot 3200 | No rake
Seat 4: P1xel7 (big blind) won 3200


Winamax Poker - Tournament "Kill The Fish" buyIn: 0.45€ + 0.05€ level: 8 - HandId: #3248568973268090900-65-1710606836 - Holdem no limit (80/350/700) - 2024/03/16 16:33:56 UTC
Table: 'Kill The Fish(756366405)#019' 6-max (real money) Seat #3 is the button
Seat 2: sbouby_06 (32317, 0.22€ bounty)
Seat 3: Dom25230 (15501, 0.22€ bounty)
Seat 4: P1xel7 (24027, 0.22€ bounty)
Seat 5: TMLB31 (17579, 0.22€ bounty)
Seat 6: SetUpForMe (33710, 0.33€ bounty)
*** ANTE/BLINDS ***
P1xel7 posts ante 80
TMLB31 posts ante 80
sbouby_06 posts ante 80
Dom25230 posts ante 80
SetUpForMe posts ante 80
P1xel7 posts small blind 350
TMLB31 posts big blind 700
Dealt to P1xel7 [9s 6c]
*** PRE-FLOP *** 
SetUpForMe folds
sbouby_06 raises 700 to 1400
Dom25230 calls 1400
P1xel7 folds
TMLB31 calls 700
*** FLOP *** [Th Qd Jc]
TMLB31 checks
sbouby_06 checks
Dom25230 bets 3218
TMLB31 folds
sbouby_06 calls 3218
*** TURN *** [Th Qd Jc][Jd]
sbouby_06 checks
Dom25230 bets 3985
sbouby_06 folds
Dom25230 collected 15371 from pot
*** SUMMARY ***
Total pot 15371 | No rake
Board: [Th Qd Jc Jd]
Seat 3: Dom25230 (button) won 15371


Winamax Poker - Tournament "Kill The Fish" buyIn: 0.45€ + 0.05€ level: 8 - HandId: #3248568973268090900-66-1710606885 - Holdem no limit (80/350/700) - 2024/03/16 16:34:45 UTC
Table: 'Kill The Fish(756366405)#019' 6-max (real money) Seat #4 is the button
Seat 2: sbouby_06 (27619, 0.22€ bounty)
Seat 3: Dom25230 (22189, 0.22€ bounty)
Seat 4: P1xel7 (23597, 0.22€ bounty)
Seat 5: TMLB31 (16099, 0.22€ bounty)
Seat 6: SetUpForMe (33630, 0.33€ bounty)
*** ANTE/BLINDS ***
TMLB31 posts ante 80
SetUpForMe posts ante 80
sbouby_06 posts ante 80
Dom25230 posts ante 80
P1xel7 posts ante 80
TMLB31 posts small blind 350
SetUpForMe posts big blind 700
Dealt to P1xel7 [Qs 5c]
*** PRE-FLOP *** 
sbouby_06 folds
Dom25230 raises 700 to 1400
P1xel7 folds
TMLB31 folds
SetUpForMe calls 700
*** FLOP *** [Qc Ts Th]
SetUpForMe checks
Dom25230 checks
*** TURN *** [Qc Ts Th][Jh]
SetUpForMe checks
Dom25230 bets 3550
SetUpForMe calls 3550
*** RIVER *** [Qc Ts Th Jh][2h]
SetUpForMe checks
Dom25230 bets 6923
SetUpForMe calls 6923
*** SHOW DOWN ***
Dom25230 shows [Td Ac] (Trips of Tens)
SetUpForMe shows [Ah 7h] (Flush Ace high)
SetUpForMe collected 24496 from pot
*** SUMMARY ***
Total pot 24496 | No rake
Board: [Qc Ts Th Jh 2h]
Seat 3: Dom25230 showed [Td Ac] and lost with Trips of Tens
Seat 6: SetUpForMe (big blind) showed [Ah 7h] and won 24496 with Flush Ace high


Winamax Poker - Tournament "Kill The Fish" buyIn: 0.45€ + 0.05€ level: 8 - HandId: #3248568973268090900-67-1710606924 - Holdem no limit (80/350/700) - 2024/03/16 16:35:24 UTC
Table: 'Kill The Fish(756366405)#019' 6-max (real money) Seat #5 is the button
Seat 1: ahemed (20000, 0.22€ bounty)
Seat 2: sbouby_06 (27539, 0.22€ bounty)
Seat 3: Dom25230 (10236, 0.22€ bounty)
Seat 4: P1xel7 (23517, 0.22€ bounty)
Seat 5: TMLB31 (15669, 0.22€ bounty)
Seat 6: SetUpForMe (46173, 0.33€ bounty)
*** ANTE/BLINDS ***
SetUpForMe posts ante 80
ahemed posts ante 80
sbouby_06 posts ante 80
Dom25230 posts ante 80
P1xel7 posts ante 80
TMLB31 posts ante 80
SetUpForMe posts small blind 350
ahemed posts big blind 700
Dealt to P1xel7 [2c 8c]
*** PRE-FLOP *** 
sbouby_06 folds
Dom25230 folds
P1xel7 folds
TMLB31 raises 1050 to 1750
SetUpForMe calls 1400
ahemed raises 18170 to 19920 and is all-in
TMLB31 calls 13839 and is all-in
SetUpForMe calls 18170
*** FLOP *** [9d 7h 8s]
*** TURN *** [9d 7h 8s][3c]
*** RIVER *** [9d 7h 8s 3c][Ts]
*** SHOW DOWN ***
SetUpForMe shows [Qd Kh] (High card : King)
ahemed shows [Qh Ac] (High card : Ace)
TMLB31 shows [Kd Ks] (One pair : Kings)
TMLB31 collected 47247 from main pot
ahemed collected 8662 from side pot 1
*** SUMMARY ***
Total pot 55909 | No rake
Board: [9d 7h 8s 3c Ts]
Seat 1: ahemed (big blind) showed [Qh Ac] and won 8662 with High card : Ace
Seat 5: TMLB31 (button) showed [Kd Ks] and won 47247 with One pair : Kings
Seat 6: SetUpForMe (small blind) showed [Qd Kh] and lost with High card : King


Winamax Poker - Tournament "Kill The Fish" buyIn: 0.45€ + 0.05€ level: 9 - HandId: #3248568973268090900-68-1710606978 - Holdem no limit (100/400/800) - 2024/03/16 16:36:18 UTC
Table: 'Kill The Fish(756366405)#019' 6-max (real money) Seat #6 is the button
Seat 1: ahemed (8662, 0.22€ bounty)
Seat 2: sbouby_06 (27459, 0.22€ bounty)
Seat 3: Dom25230 (10156, 0.22€ bounty)
Seat 4: P1xel7 (23437, 0.22€ bounty)
Seat 5: TMLB31 (47247, 0.22€ bounty)
Seat 6: SetUpForMe (26173, 0.33€ bounty)
*** ANTE/BLINDS ***
ahemed posts ante 100
sbouby_06 posts ante 100
Dom25230 posts ante 100
P1xel7 posts ante 100
TMLB31 posts ante 100
SetUpForMe posts ante 100
ahemed posts small blind 400
sbouby_06 posts big blind 800
Dealt to P1xel7 [Ah Tc]
*** PRE-FLOP *** 
Dom25230 folds
P1xel7 raises 960 to 1760
TMLB31 folds
SetUpForMe calls 1760
ahemed raises 6802 to 8562 and is all-in
sbouby_06 folds
P1xel7 calls 6802
SetUpForMe folds
*** FLOP *** [Qh 2h 5c]
*** TURN *** [Qh 2h 5c][Ts]
*** RIVER *** [Qh 2h 5c Ts][Kh]
*** SHOW DOWN ***
ahemed shows [Th 8s] (One pair : Tens)
P1xel7 shows [Ah Tc] (One pair : Tens)
P1xel7 collected 20284 from pot
*** SUMMARY ***
Total pot 20284 | No rake
Board: [Qh 2h 5c Ts Kh]
Seat 1: ahemed (small blind) showed [Th 8s] and lost with One pair : Tens
Seat 4: P1xel7 showed [Ah Tc] and won 20284 with One pair : Tens


Winamax Poker - Tournament "Kill The Fish" buyIn: 0.45€ + 0.05€ level: 9 - HandId: #3248568973268090900-69-1710607018 - Holdem no limit (100/400/800) - 2024/03/16 16:36:58 UTC
Table: 'Kill The Fish(756366405)#019' 6-max (real money) Seat #1 is the button
Seat 2: sbouby_06 (26559, 0.22€ bounty)
Seat 3: Dom25230 (10056, 0.22€ bounty)
Seat 4: P1xel7 (35059, 0.33€ bounty)
Seat 5: TMLB31 (47147, 0.22€ bounty)
Seat 6: SetUpForMe (24313, 0.33€ bounty)
*** ANTE/BLINDS ***
sbouby_06 posts ante 100
Dom25230 posts ante 100
P1xel7 posts ante 100
TMLB31 posts ante 100
SetUpForMe posts ante 100
sbouby_06 posts small blind 400
Dom25230 posts big blind 800
Dealt to P1xel7 [8h 7s]
*** PRE-FLOP *** 
P1xel7 folds
TMLB31 folds
SetUpForMe folds
sbouby_06 raises 25659 to 26459 and is all-in
Dom25230 folds
sbouby_06 collected 27759 from pot
*** SUMMARY ***
Total pot 27759 | No rake
Seat 2: sbouby_06 (small blind) won 27759


Winamax Poker - Tournament "Kill The Fish" buyIn: 0.45€ + 0.05€ level: 9 - HandId: #3248568973268090900-70-1710607047 - Holdem no limit (100/400/800) - 2024/03/16 16:37:27 UTC
Table: 'Kill The Fish(756366405)#019' 6-max (real money) Seat #2 is the button
Seat 2: sbouby_06 (27759, 0.22€ bounty)
Seat 3: Dom25230 (9156, 0.22€ bounty)
Seat 4: P1xel7 (34959, 0.33€ bounty)
Seat 5: TMLB31 (47047, 0.22€ bounty)
Seat 6: SetUpForMe (24213, 0.33€ bounty)
*** ANTE/BLINDS ***
Dom25230 posts ante 100
P1xel7 posts ante 100
sbouby_06 posts ante 100
TMLB31 posts ante 100
SetUpForMe posts ante 100
Dom25230 posts small blind 400
P1xel7 posts big blind 800
Dealt to P1xel7 [Th 2d]
*** PRE-FLOP *** 
TMLB31 folds
SetUpForMe folds
sbouby_06 folds
Dom25230 folds
P1xel7 collected 1700 from pot
*** SUMMARY ***
Total pot 1700 | No rake
Seat 4: P1xel7 (big blind) won 1700


Winamax Poker - Tournament "Kill The Fish" buyIn: 0.45€ + 0.05€ level: 9 - HandId: #3248568973268090900-71-1710607065 - Holdem no limit (100/400/800) - 2024/03/16 16:37:45 UTC
Table: 'Kill The Fish(756366405)#019' 6-max (real money) Seat #3 is the button
Seat 2: sbouby_06 (27659, 0.22€ bounty)
Seat 3: Dom25230 (8656, 0.22€ bounty)
Seat 4: P1xel7 (35759, 0.33€ bounty)
Seat 5: TMLB31 (46947, 0.22€ bounty)
Seat 6: SetUpForMe (24113, 0.33€ bounty)
*** ANTE/BLINDS ***
P1xel7 posts ante 100
TMLB31 posts ante 100
sbouby_06 posts ante 100
Dom25230 posts ante 100
SetUpForMe posts ante 100
P1xel7 posts small blind 400
TMLB31 posts big blind 800
Dealt to P1xel7 [9d 4c]
*** PRE-FLOP *** 
SetUpForMe raises 1000 to 1800
sbouby_06 folds
Dom25230 folds
P1xel7 folds
TMLB31 folds
SetUpForMe collected 3500 from pot
*** SUMMARY ***
Total pot 3500 | No rake
Seat 6: SetUpForMe won 3500


Winamax Poker - Tournament "Kill The Fish" buyIn: 0.45€ + 0.05€ level: 9 - HandId: #3248568973268090900-72-1710607090 - Holdem no limit (100/400/800) - 2024/03/16 16:38:10 UTC
Table: 'Kill The Fish(756366405)#019' 6-max (real money) Seat #4 is the button
Seat 1: nemo34zooo (20000, 0.22€ bounty)
Seat 2: sbouby_06 (27559, 0.22€ bounty)
Seat 3: Dom25230 (8556, 0.22€ bounty)
Seat 4: P1xel7 (35259, 0.33€ bounty)
Seat 5: TMLB31 (46047, 0.22€ bounty)
Seat 6: SetUpForMe (25713, 0.33€ bounty)
*** ANTE/BLINDS ***
TMLB31 posts ante 100
SetUpForMe posts ante 100
nemo34zooo posts ante 100
sbouby_06 posts ante 100
Dom25230 posts ante 100
P1xel7 posts ante 100
TMLB31 posts small blind 400
SetUpForMe posts big blind 800
Dealt to P1xel7 [9d Kc]
*** PRE-FLOP *** 
nemo34zooo raises 19100 to 19900 and is all-in
sbouby_06 folds
Dom25230 calls 8456 and is all-in
P1xel7 folds
TMLB31 folds
SetUpForMe calls 19100
*** FLOP *** [Kd 7h Qs]
*** TURN *** [Kd 7h Qs][9h]
*** RIVER *** [Kd 7h Qs 9h][Qd]
*** SHOW DOWN ***
Dom25230 shows [Ah Ts] (One pair : Queens)
SetUpForMe shows [3d 3h] (Two pairs : Queens and 3)
nemo34zooo shows [7s Jd] (Two pairs : Queens and 7)
nemo34zooo collected 49256 from pot
*** SUMMARY ***
Total pot 49256 | No rake
Board: [Kd 7h Qs 9h Qd]
Seat 1: nemo34zooo showed [7s Jd] and won 49256 with Two pairs : Queens and 7
Seat 3: Dom25230 showed [Ah Ts] and lost with One pair : Queens
Seat 6: SetUpForMe (big blind) showed [3d 3h] and lost with Two pairs : Queens and 3


Winamax Poker - Tournament "Kill The Fish" buyIn: 0.45€ + 0.05€ level: 9 - HandId: #3248568973268090900-73-1710607110 - Holdem no limit (100/400/800) - 2024/03/16 16:38:30 UTC
Table: 'Kill The Fish(756366405)#019' 6-max (real money) Seat #5 is the button
Seat 1: nemo34zooo (49256, 0.33€ bounty)
Seat 2: sbouby_06 (27459, 0.22€ bounty)
Seat 4: P1xel7 (35159, 0.33€ bounty)
Seat 5: TMLB31 (45547, 0.22€ bounty)
Seat 6: SetUpForMe (5713, 0.33€ bounty)
*** ANTE/BLINDS ***
SetUpForMe posts ante 100
nemo34zooo posts ante 100
sbouby_06 posts ante 100
P1xel7 posts ante 100
TMLB31 posts ante 100
SetUpForMe posts small blind 400
nemo34zooo posts big blind 800
Dealt to P1xel7 [Td Jh]
*** PRE-FLOP *** 
sbouby_06 folds
P1xel7 raises 800 to 1600
TMLB31 folds
SetUpForMe calls 1200
nemo34zooo calls 800
*** FLOP *** [8s 8h 4d]
SetUpForMe checks
nemo34zooo checks
P1xel7 bets 4000
SetUpForMe raises 13 to 4013 and is all-in
nemo34zooo folds
P1xel7 calls 13
*** TURN *** [8s 8h 4d][6s]
*** RIVER *** [8s 8h 4d 6s][9c]
*** SHOW DOWN ***
P1xel7 shows [Td Jh] (One pair : 8)
SetUpForMe shows [8d 6d] (Full of 8 and 6)
SetUpForMe collected 13326 from pot
*** SUMMARY ***
Total pot 13326 | No rake
Board: [8s 8h 4d 6s 9c]
Seat 4: P1xel7 showed [Td Jh] and lost with One pair : 8
Seat 6: SetUpForMe (small blind) showed [8d 6d] and won 13326 with Full of 8 and 6


Winamax Poker - Tournament "Kill The Fish" buyIn: 0.45€ + 0.05€ level: 9 - HandId: #3248568973268090900-74-1710607160 - Holdem no limit (100/400/800) - 2024/03/16 16:39:20 UTC
Table: 'Kill The Fish(756366405)#019' 6-max (real money) Seat #6 is the button
Seat 1: nemo34zooo (47556, 0.33€ bounty)
Seat 2: sbouby_06 (27359, 0.22€ bounty)
Seat 4: P1xel7 (29446, 0.33€ bounty)
Seat 5: TMLB31 (45447, 0.22€ bounty)
Seat 6: SetUpForMe (13326, 0.33€ bounty)
*** ANTE/BLINDS ***
nemo34zooo posts ante 100
sbouby_06 posts ante 100
P1xel7 posts ante 100
TMLB31 posts ante 100
SetUpForMe posts ante 100
nemo34zooo posts small blind 400
sbouby_06 posts big blind 800
Dealt to P1xel7 [Qd 6h]
*** PRE-FLOP *** 
P1xel7 folds
TMLB31 raises 1200 to 2000
SetUpForMe raises 11226 to 13226 and is all-in
nemo34zooo folds
sbouby_06 folds
TMLB31 calls 11226
*** FLOP *** [2d Ks Ad]
*** TURN *** [2d Ks Ad][5d]
*** RIVER *** [2d Ks Ad 5d][2h]
*** SHOW DOWN ***
SetUpForMe shows [Ts Th] (Two pairs : Tens and 2)
TMLB31 shows [9s As] (Two pairs : Aces and 2)
TMLB31 collected 28152 from pot
*** SUMMARY ***
Total pot 28152 | No rake
Board: [2d Ks Ad 5d 2h]
Seat 5: TMLB31 showed [9s As] and won 28152 with Two pairs : Aces and 2
Seat 6: SetUpForMe (button) showed [Ts Th] and lost with Two pairs : Tens and 2


Winamax Poker - Tournament "Kill The Fish" buyIn: 0.45€ + 0.05€ level: 9 - HandId: #3248568973268090900-75-1710607210 - Holdem no limit (100/400/800) - 2024/03/16 16:40:10 UTC
Table: 'Kill The Fish(756366405)#019' 6-max (real money) Seat #1 is the button
Seat 1: nemo34zooo (47056, 0.33€ bounty)
Seat 2: sbouby_06 (26459, 0.22€ bounty)
Seat 4: P1xel7 (29346, 0.33€ bounty)
Seat 5: TMLB31 (60273, 0.38€ bounty)
*** ANTE/BLINDS ***
sbouby_06 posts ante 100
P1xel7 posts ante 100
nemo34zooo posts ante 100
TMLB31 posts ante 100
sbouby_06 posts small blind 400
P1xel7 posts big blind 800
Dealt to P1xel7 [Ah Ks]
*** PRE-FLOP *** 
TMLB31 folds
nemo34zooo calls 800
sbouby_06 calls 400
P1xel7 raises 2400 to 3200
nemo34zooo calls 2400
sbouby_06 folds
*** FLOP *** [Tc Kd 7s]
P1xel7 bets 3800
nemo34zooo calls 3800
*** TURN *** [Tc Kd 7s][4h]
P1xel7 bets 9880
nemo34zooo calls 9880
*** RIVER *** [Tc Kd 7s 4h][3c]
P1xel7 bets 12366 and is all-in
nemo34zooo folds
P1xel7 collected 47326 from pot
*** SUMMARY ***
Total pot 47326 | No rake
Board: [Tc Kd 7s 4h 3c]
Seat 4: P1xel7 (big blind) won 47326


Winamax Poker - Tournament "Kill The Fish" buyIn: 0.45€ + 0.05€ level: 9 - HandId: #3248568973268090900-76-1710607244 - Holdem no limit (100/400/800) - 2024/03/16 16:40:44 UTC
Table: 'Kill The Fish(756366405)#019' 6-max (real money) Seat #2 is the button
Seat 1: nemo34zooo (30076, 0.33€ bounty)
Seat 2: sbouby_06 (25559, 0.22€ bounty)
Seat 3: N1TN3UQ (54728, 0.22€ bounty)
Seat 4: P1xel7 (47326, 0.33€ bounty)
Seat 5: TMLB31 (60173, 0.38€ bounty)
*** ANTE/BLINDS ***
P1xel7 posts ante 100
TMLB31 posts ante 100
nemo34zooo posts ante 100
sbouby_06 posts ante 100
P1xel7 posts small blind 400
TMLB31 posts big blind 800
Dealt to P1xel7 [7c 3h]
*** PRE-FLOP *** 
nemo34zooo calls 800
sbouby_06 folds
P1xel7 folds
TMLB31 checks
*** FLOP *** [Jc Kc 3s]
TMLB31 checks
nemo34zooo bets 800
TMLB31 folds
nemo34zooo collected 3200 from pot
*** SUMMARY ***
Total pot 3200 | No rake
Board: [Jc Kc 3s]
Seat 1: nemo34zooo won 3200


Winamax Poker - Tournament "Kill The Fish" buyIn: 0.45€ + 0.05€ level: 10 - HandId: #3248568973268090900-77-1710607261 - Holdem no limit (120/500/1000) - 2024/03/16 16:41:01 UTC
Table: 'Kill The Fish(756366405)#019' 6-max (real money) Seat #4 is the button
Seat 1: nemo34zooo (31576, 0.33€ bounty)
Seat 2: sbouby_06 (25459, 0.22€ bounty)
Seat 3: N1TN3UQ (54728, 0.22€ bounty)
Seat 4: P1xel7 (46826, 0.33€ bounty)
Seat 5: TMLB31 (59273, 0.38€ bounty)
*** ANTE/BLINDS ***
TMLB31 posts ante 120
nemo34zooo posts ante 120
sbouby_06 posts ante 120
N1TN3UQ posts ante 120
P1xel7 posts ante 120
TMLB31 posts small blind 500
nemo34zooo posts big blind 1000
Dealt to P1xel7 [9s 9d]
*** PRE-FLOP *** 
sbouby_06 folds
N1TN3UQ folds
P1xel7 raises 1500 to 2500
TMLB31 folds
nemo34zooo calls 1500
*** FLOP *** [Ks Ah Jd]
nemo34zooo bets 2135
P1xel7 folds
nemo34zooo collected 8235 from pot
*** SUMMARY ***
Total pot 8235 | No rake
Board: [Ks Ah Jd]
Seat 1: nemo34zooo (big blind) won 8235


Winamax Poker - Tournament "Kill The Fish" buyIn: 0.45€ + 0.05€ level: 10 - HandId: #3248568973268090900-78-1710607301 - Holdem no limit (120/500/1000) - 2024/03/16 16:41:41 UTC
Table: 'Kill The Fish(756366405)#019' 6-max (real money) Seat #5 is the button
Seat 1: nemo34zooo (35056, 0.33€ bounty)
Seat 2: sbouby_06 (25339, 0.22€ bounty)
Seat 3: N1TN3UQ (54608, 0.22€ bounty)
Seat 4: P1xel7 (44206, 0.33€ bounty)
Seat 5: TMLB31 (58653, 0.38€ bounty)
*** ANTE/BLINDS ***
nemo34zooo posts ante 120
sbouby_06 posts ante 120
N1TN3UQ posts ante 120
P1xel7 posts ante 120
TMLB31 posts ante 120
nemo34zooo posts small blind 500
sbouby_06 posts big blind 1000
Dealt to P1xel7 [4s 3h]
*** PRE-FLOP *** 
N1TN3UQ folds
P1xel7 folds
TMLB31 folds
nemo34zooo calls 500
sbouby_06 checks
*** FLOP *** [5d Ts 8s]
nemo34zooo bets 1000
sbouby_06 folds
nemo34zooo collected 3600 from pot
*** SUMMARY ***
Total pot 3600 | No rake
Board: [5d Ts 8s]
Seat 1: nemo34zooo (small blind) won 3600


Winamax Poker - Tournament "Kill The Fish" buyIn: 0.45€ + 0.05€ level: 10 - HandId: #3248568973268090900-79-1710607326 - Holdem no limit (120/500/1000) - 2024/03/16 16:42:06 UTC
Table: 'Kill The Fish(756366405)#019' 6-max (real money) Seat #1 is the button
Seat 1: nemo34zooo (36536, 0.33€ bounty)
Seat 2: sbouby_06 (24219, 0.22€ bounty)
Seat 3: N1TN3UQ (54488, 0.22€ bounty)
Seat 4: P1xel7 (44086, 0.33€ bounty)
Seat 5: TMLB31 (58533, 0.38€ bounty)
Seat 6: drosera97360 (20000, 0.22€ bounty)
*** ANTE/BLINDS ***
sbouby_06 posts ante 120
N1TN3UQ posts ante 120
nemo34zooo posts ante 120
P1xel7 posts ante 120
TMLB31 posts ante 120
drosera97360 posts ante 120
sbouby_06 posts small blind 500
N1TN3UQ posts big blind 1000
Dealt to P1xel7 [6c 5s]
*** PRE-FLOP *** 
P1xel7 folds
TMLB31 folds
drosera97360 calls 1000
nemo34zooo calls 1000
sbouby_06 folds
N1TN3UQ checks
*** FLOP *** [Qc 4h 7d]
N1TN3UQ checks
drosera97360 checks
nemo34zooo bets 2743
N1TN3UQ folds
drosera97360 calls 2743
*** TURN *** [Qc 4h 7d][Js]
drosera97360 checks
nemo34zooo bets 3397
drosera97360 calls 3397
*** RIVER *** [Qc 4h 7d Js][Qs]
drosera97360 bets 12740 and is all-in
nemo34zooo folds
drosera97360 collected 29240 from pot
*** SUMMARY ***
Total pot 29240 | No rake
Board: [Qc 4h 7d Js Qs]
Seat 6: drosera97360 won 29240


Winamax Poker - Tournament "Kill The Fish" buyIn: 0.45€ + 0.05€ level: 10 - HandId: #3248568973268090900-80-1710607402 - Holdem no limit (120/500/1000) - 2024/03/16 16:43:22 UTC
Table: 'Kill The Fish(756366405)#019' 6-max (real money) Seat #2 is the button
Seat 1: nemo34zooo (29276, 0.33€ bounty)
Seat 2: sbouby_06 (23599, 0.22€ bounty)
Seat 3: N1TN3UQ (53368, 0.22€ bounty)
Seat 4: P1xel7 (43966, 0.33€ bounty)
Seat 5: TMLB31 (58413, 0.38€ bounty)
Seat 6: drosera97360 (29240, 0.22€ bounty)
*** ANTE/BLINDS ***
N1TN3UQ posts ante 120
P1xel7 posts ante 120
nemo34zooo posts ante 120
sbouby_06 posts ante 120
TMLB31 posts ante 120
drosera97360 posts ante 120
N1TN3UQ posts small blind 500
P1xel7 posts big blind 1000
Dealt to P1xel7 [Ad Ks]
*** PRE-FLOP *** 
TMLB31 folds
drosera97360 raises 2000 to 3000
nemo34zooo folds
sbouby_06 folds
N1TN3UQ folds
P1xel7 raises 40846 to 43846 and is all-in
drosera97360 calls 26120 and is all-in
*** FLOP *** [9s Th Ac]
*** TURN *** [9s Th Ac][Qd]
*** RIVER *** [9s Th Ac Qd][6d]
*** SHOW DOWN ***
drosera97360 shows [Jh Jc] (One pair : Jacks)
P1xel7 shows [Ad Ks] (One pair : Aces)
P1xel7 collected 74186 from pot
*** SUMMARY ***
Total pot 74186 | No rake
Board: [9s Th Ac Qd 6d]
Seat 4: P1xel7 (big blind) showed [Ad Ks] and won 74186 with One pair : Aces
Seat 6: drosera97360 showed [Jh Jc] and lost with One pair : Jacks


Winamax Poker - Tournament "Kill The Fish" buyIn: 0.45€ + 0.05€ level: 10 - HandId: #3248568973268090900-81-1710607448 - Holdem no limit (120/500/1000) - 2024/03/16 16:44:08 UTC
Table: 'Kill The Fish(756366405)#019' 6-max (real money) Seat #3 is the button
Seat 1: nemo34zooo (29156, 0.33€ bounty)
Seat 2: sbouby_06 (23479, 0.22€ bounty)
Seat 3: N1TN3UQ (52748, 0.22€ bounty)
Seat 4: P1xel7 (74186, 0.44€ bounty)
Seat 5: TMLB31 (58293, 0.38€ bounty)
*** ANTE/BLINDS ***
P1xel7 posts ante 120
TMLB31 posts ante 120
nemo34zooo posts ante 120
sbouby_06 posts ante 120
N1TN3UQ posts ante 120
P1xel7 posts small blind 500
TMLB31 posts big blind 1000
Dealt to P1xel7 [Jh 5c]
*** PRE-FLOP *** 
nemo34zooo calls 1000
sbouby_06 folds
N1TN3UQ raises 1000 to 2000
P1xel7 folds
TMLB31 folds
nemo34zooo raises 27036 to 29036 and is all-in
N1TN3UQ folds
nemo34zooo collected 33136 from pot
*** SUMMARY ***
Total pot 33136 | No rake
Seat 1: nemo34zooo won 33136


Winamax Poker - Tournament "Kill The Fish" buyIn: 0.45€ + 0.05€ level: 10 - HandId: #3248568973268090900-82-1710607467 - Holdem no limit (120/500/1000) - 2024/03/16 16:44:27 UTC
Table: 'Kill The Fish(756366405)#019' 6-max (real money) Seat #4 is the button
Seat 1: nemo34zooo (33136, 0.33€ bounty)
Seat 2: sbouby_06 (23359, 0.22€ bounty)
Seat 3: N1TN3UQ (50628, 0.22€ bounty)
Seat 4: P1xel7 (73566, 0.44€ bounty)
Seat 5: TMLB31 (57173, 0.38€ bounty)
*** ANTE/BLINDS ***
TMLB31 posts ante 120
nemo34zooo posts ante 120
sbouby_06 posts ante 120
N1TN3UQ posts ante 120
P1xel7 posts ante 120
TMLB31 posts small blind 500
nemo34zooo posts big blind 1000
Dealt to P1xel7 [3s 5h]
*** PRE-FLOP *** 
sbouby_06 raises 1000 to 2000
N1TN3UQ folds
P1xel7 folds
TMLB31 folds
nemo34zooo calls 1000
*** FLOP *** [3d Kc Th]
nemo34zooo checks
sbouby_06 bets 1275
nemo34zooo raises 4526 to 5801
sbouby_06 folds
nemo34zooo collected 12176 from pot
*** SUMMARY ***
Total pot 12176 | No rake
Board: [3d Kc Th]
Seat 1: nemo34zooo (big blind) won 12176


Winamax Poker - Tournament "Kill The Fish" buyIn: 0.45€ + 0.05€ level: 10 - HandId: #3248568973268090900-83-1710607495 - Holdem no limit (120/500/1000) - 2024/03/16 16:44:55 UTC
Table: 'Kill The Fish(756366405)#019' 6-max (real money) Seat #5 is the button
Seat 1: nemo34zooo (37391, 0.33€ bounty)
Seat 2: sbouby_06 (19964, 0.22€ bounty)
Seat 3: N1TN3UQ (50508, 0.22€ bounty)
Seat 4: P1xel7 (73446, 0.44€ bounty)
Seat 5: TMLB31 (56553, 0.38€ bounty)
*** ANTE/BLINDS ***
nemo34zooo posts ante 120
sbouby_06 posts ante 120
N1TN3UQ posts ante 120
P1xel7 posts ante 120
TMLB31 posts ante 120
nemo34zooo posts small blind 500
sbouby_06 posts big blind 1000
Dealt to P1xel7 [Tc 8h]
*** PRE-FLOP *** 
N1TN3UQ folds
P1xel7 folds
TMLB31 raises 1500 to 2500
nemo34zooo calls 2000
sbouby_06 raises 17344 to 19844 and is all-in
TMLB31 folds
nemo34zooo calls 17344
*** FLOP *** [Qd 2h Ac]
*** TURN *** [Qd 2h Ac][8c]
*** RIVER *** [Qd 2h Ac 8c][Td]
*** SHOW DOWN ***
sbouby_06 shows [Jh Jc] (One pair : Jacks)
nemo34zooo shows [As 2s] (Two pairs : Aces and 2)
nemo34zooo collected 42788 from pot
*** SUMMARY ***
Total pot 42788 | No rake
Board: [Qd 2h Ac 8c Td]
Seat 1: nemo34zooo (small blind) showed [As 2s] and won 42788 with Two pairs : Aces and 2
Seat 2: sbouby_06 (big blind) showed [Jh Jc] and lost with One pair : Jacks


Winamax Poker - Tournament "Kill The Fish" buyIn: 0.45€ + 0.05€ level: 10 - HandId: #3248568973268090900-84-1710607537 - Holdem no limit (120/500/1000) - 2024/03/16 16:45:37 UTC
Table: 'Kill The Fish(756366405)#019' 6-max (real money) Seat #1 is the button
Seat 1: nemo34zooo (60215, 0.44€ bounty)
Seat 3: N1TN3UQ (50388, 0.22€ bounty)
Seat 4: P1xel7 (73326, 0.44€ bounty)
Seat 5: TMLB31 (53933, 0.38€ bounty)
*** ANTE/BLINDS ***
N1TN3UQ posts ante 120
nemo34zooo posts ante 120
P1xel7 posts ante 120
TMLB31 posts ante 120
N1TN3UQ posts big blind 1000
Dealt to P1xel7 [9c Jd]
*** PRE-FLOP *** 
P1xel7 raises 2000 to 3000
TMLB31 folds
nemo34zooo calls 3000
N1TN3UQ folds
*** FLOP *** [6s Ad 2s]
P1xel7 bets 3500
nemo34zooo calls 3500
*** TURN *** [6s Ad 2s][Th]
P1xel7 bets 9412
nemo34zooo folds
P1xel7 collected 23892 from pot
*** SUMMARY ***
Total pot 23892 | No rake
Board: [6s Ad 2s Th]
Seat 4: P1xel7 won 23892


Winamax Poker - Tournament "Kill The Fish" buyIn: 0.45€ + 0.05€ level: 11 - HandId: #3248568973268090900-85-1710607572 - Holdem no limit (140/600/1200) - 2024/03/16 16:46:12 UTC
Table: 'Kill The Fish(756366405)#019' 6-max (real money) Seat #2 is the button
Seat 1: nemo34zooo (53595, 0.44€ bounty)
Seat 2: SAPARUSHAA (25760, 0.27€ bounty)
Seat 3: N1TN3UQ (49268, 0.22€ bounty)
Seat 4: P1xel7 (81186, 0.44€ bounty)
Seat 5: TMLB31 (53813, 0.38€ bounty)
Seat 6: raulblanco34 (20000, 0.22€ bounty)
*** ANTE/BLINDS ***
N1TN3UQ posts ante 140
P1xel7 posts ante 140
nemo34zooo posts ante 140
TMLB31 posts ante 140
raulblanco34 posts ante 140
N1TN3UQ posts small blind 600
P1xel7 posts big blind 1200
Dealt to P1xel7 [Ac 4d]
*** PRE-FLOP *** 
TMLB31 folds
raulblanco34 folds
nemo34zooo folds
N1TN3UQ folds
P1xel7 collected 2500 from pot
*** SUMMARY ***
Total pot 2500 | No rake
Seat 4: P1xel7 (big blind) won 2500


Winamax Poker - Tournament "Kill The Fish" buyIn: 0.45€ + 0.05€ level: 11 - HandId: #3248568973268090900-86-1710607590 - Holdem no limit (140/600/1200) - 2024/03/16 16:46:30 UTC
Table: 'Kill The Fish(756366405)#019' 6-max (real money) Seat #3 is the button
Seat 1: nemo34zooo (53455, 0.44€ bounty)
Seat 2: SAPARUSHAA (25760, 0.27€ bounty)
Seat 3: N1TN3UQ (48528, 0.22€ bounty)
Seat 4: P1xel7 (82346, 0.44€ bounty)
Seat 5: TMLB31 (53673, 0.38€ bounty)
Seat 6: raulblanco34 (19860, 0.22€ bounty)
*** ANTE/BLINDS ***
P1xel7 posts ante 140
TMLB31 posts ante 140
nemo34zooo posts ante 140
SAPARUSHAA posts ante 140
N1TN3UQ posts ante 140
raulblanco34 posts ante 140
P1xel7 posts small blind 600
TMLB31 posts big blind 1200
Dealt to P1xel7 [Kh Ks]
*** PRE-FLOP *** 
raulblanco34 folds
nemo34zooo calls 1200
SAPARUSHAA folds
N1TN3UQ raises 1200 to 2400
P1xel7 raises 5400 to 7800
TMLB31 folds
nemo34zooo calls 6600
N1TN3UQ folds
*** FLOP *** [4c 6d 2c]
P1xel7 checks
nemo34zooo bets 45515 and is all-in
P1xel7 calls 45515
*** TURN *** [4c 6d 2c][Jh]
*** RIVER *** [4c 6d 2c Jh][3s]
*** SHOW DOWN ***
P1xel7 shows [Kh Ks] (One pair : Kings)
nemo34zooo shows [Qc 5c] (Straight 6 high)
nemo34zooo collected 111070 from pot
*** SUMMARY ***
Total pot 111070 | No rake
Board: [4c 6d 2c Jh 3s]
Seat 1: nemo34zooo showed [Qc 5c] and won 111070 with Straight 6 high
Seat 4: P1xel7 (small blind) showed [Kh Ks] and lost with One pair : Kings


Winamax Poker - Tournament "Kill The Fish" buyIn: 0.45€ + 0.05€ level: 11 - HandId: #3248568973268090900-87-1710607635 - Holdem no limit (140/600/1200) - 2024/03/16 16:47:15 UTC
Table: 'Kill The Fish(756366405)#019' 6-max (real money) Seat #4 is the button
Seat 1: nemo34zooo (111070, 0.44€ bounty)
Seat 2: SAPARUSHAA (25620, 0.27€ bounty)
Seat 3: N1TN3UQ (45988, 0.22€ bounty)
Seat 4: P1xel7 (28891, 0.44€ bounty)
Seat 5: TMLB31 (52333, 0.38€ bounty)
Seat 6: raulblanco34 (19720, 0.22€ bounty)
*** ANTE/BLINDS ***
TMLB31 posts ante 140
raulblanco34 posts ante 140
nemo34zooo posts ante 140
SAPARUSHAA posts ante 140
N1TN3UQ posts ante 140
P1xel7 posts ante 140
TMLB31 posts small blind 600
raulblanco34 posts big blind 1200
Dealt to P1xel7 [4s Td]
*** PRE-FLOP *** 
nemo34zooo calls 1200
SAPARUSHAA folds
N1TN3UQ folds
P1xel7 folds
TMLB31 calls 600
raulblanco34 checks
*** FLOP *** [Jh 4d 8h]
TMLB31 checks
raulblanco34 checks
nemo34zooo checks
*** TURN *** [Jh 4d 8h][7s]
TMLB31 checks
raulblanco34 checks
nemo34zooo bets 1200
TMLB31 folds
raulblanco34 calls 1200
*** RIVER *** [Jh 4d 8h 7s][Kc]
raulblanco34 checks
nemo34zooo bets 6840
raulblanco34 folds
nemo34zooo collected 13680 from pot
*** SUMMARY ***
Total pot 13680 | No rake
Board: [Jh 4d 8h 7s Kc]
Seat 1: nemo34zooo won 13680


Winamax Poker - Tournament "Kill The Fish" buyIn: 0.45€ + 0.05€ level: 11 - HandId: #3248568973268090900-88-1710607737 - Holdem no limit (140/600/1200) - 2024/03/16 16:48:57 UTC
Table: 'Kill The Fish(756366405)#019' 6-max (real money) Seat #5 is the button
Seat 1: nemo34zooo (115370, 0.44€ bounty)
Seat 2: SAPARUSHAA (25480, 0.27€ bounty)
Seat 3: N1TN3UQ (45848, 0.22€ bounty)
Seat 4: P1xel7 (28751, 0.44€ bounty)
Seat 5: TMLB31 (50993, 0.38€ bounty)
Seat 6: raulblanco34 (17180, 0.22€ bounty)
*** ANTE/BLINDS ***
raulblanco34 posts ante 140
nemo34zooo posts ante 140
SAPARUSHAA posts ante 140
N1TN3UQ posts ante 140
P1xel7 posts ante 140
TMLB31 posts ante 140
raulblanco34 posts small blind 600
nemo34zooo posts big blind 1200
Dealt to P1xel7 [4h 2c]
*** PRE-FLOP *** 
SAPARUSHAA raises 3840 to 5040
N1TN3UQ folds
P1xel7 folds
TMLB31 calls 5040
raulblanco34 folds
nemo34zooo folds
*** FLOP *** [Th 9s Kh]
SAPARUSHAA bets 12720
TMLB31 folds
SAPARUSHAA collected 25440 from pot
*** SUMMARY ***
Total pot 25440 | No rake
Board: [Th 9s Kh]
Seat 2: SAPARUSHAA won 25440


Winamax Poker - Tournament "Kill The Fish" buyIn: 0.45€ + 0.05€ level: 11 - HandId: #3248568973268090900-89-1710607782 - Holdem no limit (140/600/1200) - 2024/03/16 16:49:42 UTC
Table: 'Kill The Fish(756366405)#019' 6-max (real money) Seat #6 is the button
Seat 1: nemo34zooo (114030, 0.44€ bounty)
Seat 2: SAPARUSHAA (33020, 0.27€ bounty)
Seat 4: P1xel7 (28611, 0.44€ bounty)
Seat 5: TMLB31 (45813, 0.38€ bounty)
Seat 6: raulblanco34 (16440, 0.22€ bounty)
*** ANTE/BLINDS ***
nemo34zooo posts ante 140
SAPARUSHAA posts ante 140
P1xel7 posts ante 140
TMLB31 posts ante 140
raulblanco34 posts ante 140
nemo34zooo posts small blind 600
SAPARUSHAA posts big blind 1200
Dealt to P1xel7 [Ac Jd]
*** PRE-FLOP *** 
P1xel7 raises 1440 to 2640
TMLB31 folds
raulblanco34 calls 2640
nemo34zooo calls 2040
SAPARUSHAA folds
*** FLOP *** [Jc 3s Ad]
nemo34zooo checks
P1xel7 bets 4800
raulblanco34 calls 4800
nemo34zooo calls 4800
*** TURN *** [Jc 3s Ad][4c]
nemo34zooo checks
P1xel7 bets 21031 and is all-in
raulblanco34 folds
nemo34zooo calls 21031
*** RIVER *** [Jc 3s Ad 4c][8c]
*** SHOW DOWN ***
P1xel7 shows [Ac Jd] (Two pairs : Aces and Jacks)
nemo34zooo shows [3c 2c] (Flush Jack high)
nemo34zooo collected 66282 from pot
*** SUMMARY ***
Total pot 66282 | No rake
Board: [Jc 3s Ad 4c 8c]
Seat 1: nemo34zooo (small blind) showed [3c 2c] and won 66282 with Flush Jack high
Seat 4: P1xel7 showed [Ac Jd] and lost with Two pairs : Aces and Jacks


