Winamax Poker - Tournament "SKENIGMA Freeroll B" buyIn: 0€ + 0€ level: 1 - HandId: #3229252916200079361-1-1709667003 - Holdem no limit (15/50/100) - 2024/03/05 19:30:03 UTC
Table: 'SKENIGMA Freeroll B(751869035)#00' 6-max (real money) Seat #3 is the button
Seat 1: Abdecadabra (20000)
Seat 2: P1xel7 (20000)
Seat 3: Etisan (20000)
Seat 4: loutal1 (20000)
Seat 5: Paforn (20000)
Seat 6: sGusssss (20000)
*** ANTE/BLINDS ***
loutal1 posts ante 15
Paforn posts ante 15
Abdecadabra posts ante 15
P1xel7 posts ante 15
Etisan posts ante 15
sGusssss posts ante 15
loutal1 posts small blind 50
Paforn posts big blind 100
Dealt to P1xel7 [Js 2h]
*** PRE-FLOP *** 
sGusssss folds
Abdecadabra calls 100
P1xel7 folds
Etisan folds
loutal1 calls 50
Paforn checks
*** FLOP *** [4h 6d 5h]
loutal1 checks
Paforn checks
Abdecadabra bets 390
loutal1 calls 390
Paforn folds
*** TURN *** [4h 6d 5h][Kc]
loutal1 bets 100
Abdecadabra raises 100 to 200
loutal1 calls 100
*** RIVER *** [4h 6d 5h Kc][Td]
loutal1 checks
Abdecadabra checks
*** SHOW DOWN ***
Abdecadabra shows [3c 3d] (One pair : 3)
loutal1 shows [3h 4c] (One pair : 4)
loutal1 collected 1570 from pot
*** SUMMARY ***
Total pot 1570 | No rake
Board: [4h 6d 5h Kc Td]
Seat 1: Abdecadabra showed [3c 3d] and lost with One pair : 3
Seat 4: loutal1 (small blind) showed [3h 4c] and won 1570 with One pair : 4


Winamax Poker - Tournament "SKENIGMA Freeroll B" buyIn: 0€ + 0€ level: 1 - HandId: #3229252916200079361-2-1709667220 - Holdem no limit (15/50/100) - 2024/03/05 19:33:40 UTC
Table: 'SKENIGMA Freeroll B(751869035)#00' 6-max (real money) Seat #4 is the button
Seat 1: Abdecadabra (19295)
Seat 2: P1xel7 (19985)
Seat 3: Etisan (19985)
Seat 4: loutal1 (20865)
Seat 5: Paforn (19885)
Seat 6: sGusssss (19985)
*** ANTE/BLINDS ***
Paforn posts ante 15
sGusssss posts ante 15
Abdecadabra posts ante 15
P1xel7 posts ante 15
Etisan posts ante 15
loutal1 posts ante 15
Paforn posts small blind 50
sGusssss posts big blind 100
Dealt to P1xel7 [9s Kd]
*** PRE-FLOP *** 
Abdecadabra folds
P1xel7 folds
Etisan raises 100 to 200
loutal1 folds
Paforn folds
sGusssss calls 100
*** FLOP *** [Kh 6d 7h]
sGusssss checks
Etisan checks
*** TURN *** [Kh 6d 7h][8s]
sGusssss bets 189
Etisan calls 189
*** RIVER *** [Kh 6d 7h 8s][Th]
sGusssss checks
Etisan checks
*** SHOW DOWN ***
Etisan shows [Ac 5c] (High card : Ace)
sGusssss shows [Ad Jd] (High card : Ace)
sGusssss collected 918 from pot
*** SUMMARY ***
Total pot 918 | No rake
Board: [Kh 6d 7h 8s Th]
Seat 3: Etisan showed [Ac 5c] and lost with High card : Ace
Seat 6: sGusssss (big blind) showed [Ad Jd] and won 918 with High card : Ace


Winamax Poker - Tournament "SKENIGMA Freeroll B" buyIn: 0€ + 0€ level: 1 - HandId: #3229252916200079361-3-1709667274 - Holdem no limit (15/50/100) - 2024/03/05 19:34:34 UTC
Table: 'SKENIGMA Freeroll B(751869035)#00' 6-max (real money) Seat #5 is the button
Seat 1: Abdecadabra (19280)
Seat 2: P1xel7 (19970)
Seat 3: Etisan (19581)
Seat 4: loutal1 (20850)
Seat 5: Paforn (19820)
Seat 6: sGusssss (20499)
*** ANTE/BLINDS ***
sGusssss posts ante 15
Abdecadabra posts ante 15
P1xel7 posts ante 15
Etisan posts ante 15
loutal1 posts ante 15
Paforn posts ante 15
sGusssss posts small blind 50
Abdecadabra posts big blind 100
Dealt to P1xel7 [Ah 7c]
*** PRE-FLOP *** 
P1xel7 folds
Etisan calls 100
loutal1 folds
Paforn folds
sGusssss calls 50
Abdecadabra checks
*** FLOP *** [6s 8d 7s]
sGusssss bets 137
Abdecadabra folds
Etisan calls 137
*** TURN *** [6s 8d 7s][8h]
sGusssss bets 232
Etisan calls 232
*** RIVER *** [6s 8d 7s 8h][Qs]
sGusssss bets 733
Etisan folds
sGusssss collected 1861 from pot
*** SUMMARY ***
Total pot 1861 | No rake
Board: [6s 8d 7s 8h Qs]
Seat 6: sGusssss (small blind) won 1861


Winamax Poker - Tournament "SKENIGMA Freeroll B" buyIn: 0€ + 0€ level: 1 - HandId: #3229252916200079361-4-1709667337 - Holdem no limit (15/50/100) - 2024/03/05 19:35:37 UTC
Table: 'SKENIGMA Freeroll B(751869035)#00' 6-max (real money) Seat #6 is the button
Seat 1: Abdecadabra (19165)
Seat 2: P1xel7 (19955)
Seat 3: Etisan (19097)
Seat 4: loutal1 (20835)
Seat 5: Paforn (19805)
Seat 6: sGusssss (21143)
*** ANTE/BLINDS ***
Abdecadabra posts ante 15
P1xel7 posts ante 15
Etisan posts ante 15
loutal1 posts ante 15
Paforn posts ante 15
sGusssss posts ante 15
Abdecadabra posts small blind 50
P1xel7 posts big blind 100
Dealt to P1xel7 [Th 4h]
*** PRE-FLOP *** 
Etisan raises 150 to 250
loutal1 folds
Paforn folds
sGusssss folds
Abdecadabra folds
P1xel7 calls 150
*** FLOP *** [Td 3s 2s]
P1xel7 checks
Etisan bets 224
P1xel7 calls 224
*** TURN *** [Td 3s 2s][5s]
P1xel7 checks
Etisan bets 381
P1xel7 raises 735 to 1116
Etisan calls 735
*** RIVER *** [Td 3s 2s 5s][6s]
P1xel7 checks
Etisan bets 2158
P1xel7 raises 4208 to 6366
Etisan calls 4208
*** SHOW DOWN ***
P1xel7 shows [Th 4h] (Straight 6 high)
Etisan shows [As 9h] (Flush Ace high)
Etisan collected 16052 from pot
*** SUMMARY ***
Total pot 16052 | No rake
Board: [Td 3s 2s 5s 6s]
Seat 2: P1xel7 (big blind) showed [Th 4h] and lost with Straight 6 high
Seat 3: Etisan showed [As 9h] and won 16052 with Flush Ace high


Winamax Poker - Tournament "SKENIGMA Freeroll B" buyIn: 0€ + 0€ level: 1 - HandId: #3229252916200079361-5-1709667434 - Holdem no limit (15/50/100) - 2024/03/05 19:37:14 UTC
Table: 'SKENIGMA Freeroll B(751869035)#00' 6-max (real money) Seat #1 is the button
Seat 1: Abdecadabra (19100)
Seat 2: P1xel7 (11984)
Seat 3: Etisan (27178)
Seat 4: loutal1 (20820)
Seat 5: Paforn (19790)
Seat 6: sGusssss (21128)
*** ANTE/BLINDS ***
P1xel7 posts ante 15
Etisan posts ante 15
Abdecadabra posts ante 15
loutal1 posts ante 15
Paforn posts ante 15
sGusssss posts ante 15
P1xel7 posts small blind 50
Etisan posts big blind 100
Dealt to P1xel7 [4h 2d]
*** PRE-FLOP *** 
loutal1 raises 100 to 200
Paforn calls 200
sGusssss folds
Abdecadabra folds
P1xel7 folds
Etisan calls 100
*** FLOP *** [Ad Js Qc]
Etisan checks
loutal1 bets 100
Paforn calls 100
Etisan calls 100
*** TURN *** [Ad Js Qc][Ks]
Etisan bets 364
loutal1 raises 364 to 728
Paforn raises 1066 to 1794
Etisan folds
loutal1 calls 1066
*** RIVER *** [Ad Js Qc Ks][3h]
loutal1 checks
Paforn bets 1747
loutal1 calls 1747
*** SHOW DOWN ***
loutal1 shows [Kd Kc] (Trips of Kings)
Paforn shows [Jc Td] (Straight Ace high)
Paforn collected 8486 from pot
*** SUMMARY ***
Total pot 8486 | No rake
Board: [Ad Js Qc Ks 3h]
Seat 4: loutal1 showed [Kd Kc] and lost with Trips of Kings
Seat 5: Paforn showed [Jc Td] and won 8486 with Straight Ace high


Winamax Poker - Tournament "SKENIGMA Freeroll B" buyIn: 0€ + 0€ level: 2 - HandId: #3229252916200079361-6-1709667523 - Holdem no limit (20/75/150) - 2024/03/05 19:38:43 UTC
Table: 'SKENIGMA Freeroll B(751869035)#00' 6-max (real money) Seat #2 is the button
Seat 1: Abdecadabra (19085)
Seat 2: P1xel7 (11919)
Seat 3: Etisan (26499)
Seat 4: loutal1 (16964)
Seat 5: Paforn (24420)
Seat 6: sGusssss (21113)
*** ANTE/BLINDS ***
Etisan posts ante 20
loutal1 posts ante 20
Abdecadabra posts ante 20
P1xel7 posts ante 20
Paforn posts ante 20
sGusssss posts ante 20
Etisan posts small blind 75
loutal1 posts big blind 150
Dealt to P1xel7 [7c Jc]
*** PRE-FLOP *** 
Paforn folds
sGusssss raises 150 to 300
Abdecadabra folds
P1xel7 folds
Etisan calls 225
loutal1 calls 150
*** FLOP *** [3c Qs Th]
Etisan checks
loutal1 checks
sGusssss bets 357
Etisan folds
loutal1 folds
sGusssss collected 1377 from pot
*** SUMMARY ***
Total pot 1377 | No rake
Board: [3c Qs Th]
Seat 6: sGusssss won 1377


Winamax Poker - Tournament "SKENIGMA Freeroll B" buyIn: 0€ + 0€ level: 2 - HandId: #3229252916200079361-7-1709667575 - Holdem no limit (20/75/150) - 2024/03/05 19:39:35 UTC
Table: 'SKENIGMA Freeroll B(751869035)#00' 6-max (real money) Seat #3 is the button
Seat 1: Abdecadabra (19065)
Seat 2: P1xel7 (11899)
Seat 3: Etisan (26179)
Seat 4: loutal1 (16644)
Seat 5: Paforn (24400)
Seat 6: sGusssss (21813)
*** ANTE/BLINDS ***
loutal1 posts ante 20
Paforn posts ante 20
Abdecadabra posts ante 20
P1xel7 posts ante 20
Etisan posts ante 20
sGusssss posts ante 20
loutal1 posts small blind 75
Paforn posts big blind 150
Dealt to P1xel7 [9s 3d]
*** PRE-FLOP *** 
sGusssss folds
Abdecadabra calls 150
P1xel7 folds
Etisan folds
loutal1 calls 75
Paforn checks
*** FLOP *** [2d Jh 6c]
loutal1 checks
Paforn checks
Abdecadabra checks
*** TURN *** [2d Jh 6c][7s]
loutal1 bets 150
Paforn calls 150
Abdecadabra calls 150
*** RIVER *** [2d Jh 6c 7s][6h]
loutal1 bets 1020
Paforn folds
Abdecadabra folds
loutal1 collected 2040 from pot
*** SUMMARY ***
Total pot 2040 | No rake
Board: [2d Jh 6c 7s 6h]
Seat 4: loutal1 (small blind) won 2040


Winamax Poker - Tournament "SKENIGMA Freeroll B" buyIn: 0€ + 0€ level: 2 - HandId: #3229252916200079361-8-1709667638 - Holdem no limit (20/75/150) - 2024/03/05 19:40:38 UTC
Table: 'SKENIGMA Freeroll B(751869035)#00' 6-max (real money) Seat #4 is the button
Seat 1: Abdecadabra (18745)
Seat 2: P1xel7 (11879)
Seat 3: Etisan (26159)
Seat 4: loutal1 (17344)
Seat 5: Paforn (24080)
Seat 6: sGusssss (21793)
*** ANTE/BLINDS ***
Paforn posts ante 20
sGusssss posts ante 20
Abdecadabra posts ante 20
P1xel7 posts ante 20
Etisan posts ante 20
loutal1 posts ante 20
Paforn posts small blind 75
sGusssss posts big blind 150
Dealt to P1xel7 [5d 5c]
*** PRE-FLOP *** 
Abdecadabra raises 150 to 300
P1xel7 folds
Etisan folds
loutal1 folds
Paforn folds
sGusssss raises 150 to 450
Abdecadabra raises 150 to 600
sGusssss calls 150
*** FLOP *** [Kh Th 6s]
sGusssss checks
Abdecadabra bets 698
sGusssss folds
Abdecadabra collected 2093 from pot
*** SUMMARY ***
Total pot 2093 | No rake
Board: [Kh Th 6s]
Seat 1: Abdecadabra won 2093


Winamax Poker - Tournament "SKENIGMA Freeroll B" buyIn: 0€ + 0€ level: 2 - HandId: #3229252916200079361-9-1709667689 - Holdem no limit (20/75/150) - 2024/03/05 19:41:29 UTC
Table: 'SKENIGMA Freeroll B(751869035)#00' 6-max (real money) Seat #5 is the button
Seat 1: Abdecadabra (19520)
Seat 2: P1xel7 (11859)
Seat 3: Etisan (26139)
Seat 4: loutal1 (17324)
Seat 5: Paforn (23985)
Seat 6: sGusssss (21173)
*** ANTE/BLINDS ***
sGusssss posts ante 20
Abdecadabra posts ante 20
P1xel7 posts ante 20
Etisan posts ante 20
loutal1 posts ante 20
Paforn posts ante 20
sGusssss posts small blind 75
Abdecadabra posts big blind 150
Dealt to P1xel7 [Qc Kd]
*** PRE-FLOP *** 
P1xel7 raises 225 to 375
Etisan calls 375
loutal1 folds
Paforn folds
sGusssss folds
Abdecadabra folds
*** FLOP *** [5s 9c 5c]
P1xel7 checks
Etisan checks
*** TURN *** [5s 9c 5c][Jc]
P1xel7 bets 375
Etisan folds
P1xel7 collected 1470 from pot
*** SUMMARY ***
Total pot 1470 | No rake
Board: [5s 9c 5c Jc]
Seat 2: P1xel7 won 1470


Winamax Poker - Tournament "SKENIGMA Freeroll B" buyIn: 0€ + 0€ level: 2 - HandId: #3229252916200079361-10-1709667757 - Holdem no limit (20/75/150) - 2024/03/05 19:42:37 UTC
Table: 'SKENIGMA Freeroll B(751869035)#00' 6-max (real money) Seat #6 is the button
Seat 1: Abdecadabra (19350)
Seat 2: P1xel7 (12559)
Seat 5: Paforn (23965)
Seat 6: sGusssss (21078)
*** ANTE/BLINDS ***
Abdecadabra posts ante 20
P1xel7 posts ante 20
Paforn posts ante 20
sGusssss posts ante 20
Abdecadabra posts small blind 75
P1xel7 posts big blind 150
Dealt to P1xel7 [9d 4d]
*** PRE-FLOP *** 
Paforn folds
sGusssss raises 225 to 375
Abdecadabra folds
P1xel7 folds
sGusssss collected 680 from pot
*** SUMMARY ***
Total pot 680 | No rake
Seat 6: sGusssss (button) won 680


Winamax Poker - Tournament "SKENIGMA Freeroll B" buyIn: 0€ + 0€ level: 2 - HandId: #3229252916200079361-11-1709667783 - Holdem no limit (20/75/150) - 2024/03/05 19:43:03 UTC
Table: 'SKENIGMA Freeroll B(751869035)#00' 6-max (real money) Seat #1 is the button
Seat 1: Abdecadabra (19255)
Seat 2: P1xel7 (12389)
Seat 5: Paforn (23945)
Seat 6: sGusssss (21363)
*** ANTE/BLINDS ***
P1xel7 posts ante 20
Paforn posts ante 20
Abdecadabra posts ante 20
sGusssss posts ante 20
P1xel7 posts small blind 75
Paforn posts big blind 150
Dealt to P1xel7 [6s 2s]
*** PRE-FLOP *** 
sGusssss folds
Abdecadabra folds
P1xel7 folds
Paforn collected 305 from pot
*** SUMMARY ***
Total pot 305 | No rake
Seat 5: Paforn (big blind) won 305


Winamax Poker - Tournament "SKENIGMA Freeroll B" buyIn: 0€ + 0€ level: 2 - HandId: #3229252916200079361-12-1709667791 - Holdem no limit (20/75/150) - 2024/03/05 19:43:11 UTC
Table: 'SKENIGMA Freeroll B(751869035)#00' 6-max (real money) Seat #2 is the button
Seat 1: Abdecadabra (19235)
Seat 2: P1xel7 (12294)
Seat 5: Paforn (24080)
Seat 6: sGusssss (21343)
*** ANTE/BLINDS ***
Paforn posts ante 20
sGusssss posts ante 20
Abdecadabra posts ante 20
P1xel7 posts ante 20
Paforn posts small blind 75
sGusssss posts big blind 150
Dealt to P1xel7 [Qd 8s]
*** PRE-FLOP *** 
Abdecadabra folds
P1xel7 folds
Paforn calls 75
sGusssss checks
*** FLOP *** [5s Jc Ad]
Paforn checks
sGusssss bets 247
Paforn folds
sGusssss collected 627 from pot
*** SUMMARY ***
Total pot 627 | No rake
Board: [5s Jc Ad]
Seat 6: sGusssss (big blind) won 627


Winamax Poker - Tournament "SKENIGMA Freeroll B" buyIn: 0€ + 0€ level: 2 - HandId: #3229252916200079361-13-1709667827 - Holdem no limit (20/75/150) - 2024/03/05 19:43:47 UTC
Table: 'SKENIGMA Freeroll B(751869035)#00' 6-max (real money) Seat #5 is the button
Seat 1: Abdecadabra (19215)
Seat 2: P1xel7 (12274)
Seat 4: Julus_33 (19415)
Seat 5: Paforn (23910)
Seat 6: sGusssss (21553)
*** ANTE/BLINDS ***
sGusssss posts ante 20
Abdecadabra posts ante 20
P1xel7 posts ante 20
Julus_33 posts ante 20
Paforn posts ante 20
sGusssss posts small blind 75
Abdecadabra posts big blind 150
Dealt to P1xel7 [8d 3s]
*** PRE-FLOP *** 
P1xel7 folds
Julus_33 folds
Paforn folds
sGusssss raises 150 to 300
Abdecadabra raises 150 to 450
sGusssss calls 150
*** FLOP *** [Js 8c 8h]
sGusssss checks
Abdecadabra bets 500
sGusssss calls 500
*** TURN *** [Js 8c 8h][4s]
sGusssss checks
Abdecadabra bets 1000
sGusssss calls 1000
*** RIVER *** [Js 8c 8h 4s][9h]
sGusssss checks
Abdecadabra checks
*** SHOW DOWN ***
Abdecadabra shows [Kh Ac] (One pair : 8)
sGusssss shows [Jd 9c] (Two pairs : Jacks and 9)
sGusssss collected 4000 from pot
*** SUMMARY ***
Total pot 4000 | No rake
Board: [Js 8c 8h 4s 9h]
Seat 1: Abdecadabra (big blind) showed [Kh Ac] and lost with One pair : 8
Seat 6: sGusssss (small blind) showed [Jd 9c] and won 4000 with Two pairs : Jacks and 9


Winamax Poker - Tournament "SKENIGMA Freeroll B" buyIn: 0€ + 0€ level: 2 - HandId: #3229252916200079361-14-1709667896 - Holdem no limit (20/75/150) - 2024/03/05 19:44:56 UTC
Table: 'SKENIGMA Freeroll B(751869035)#00' 6-max (real money) Seat #6 is the button
Seat 1: Abdecadabra (17245)
Seat 2: P1xel7 (12254)
Seat 4: Julus_33 (19395)
Seat 5: Paforn (23890)
Seat 6: sGusssss (23583)
*** ANTE/BLINDS ***
Abdecadabra posts ante 20
P1xel7 posts ante 20
Julus_33 posts ante 20
Paforn posts ante 20
sGusssss posts ante 20
Abdecadabra posts small blind 75
P1xel7 posts big blind 150
Dealt to P1xel7 [Jh Ts]
*** PRE-FLOP *** 
Julus_33 folds
Paforn folds
sGusssss raises 225 to 375
Abdecadabra folds
P1xel7 calls 225
*** FLOP *** [8s 8h Th]
P1xel7 bets 324
sGusssss folds
P1xel7 collected 1249 from pot
*** SUMMARY ***
Total pot 1249 | No rake
Board: [8s 8h Th]
Seat 2: P1xel7 (big blind) won 1249


Winamax Poker - Tournament "SKENIGMA Freeroll B" buyIn: 0€ + 0€ level: 2 - HandId: #3229252916200079361-15-1709667948 - Holdem no limit (20/75/150) - 2024/03/05 19:45:48 UTC
Table: 'SKENIGMA Freeroll B(751869035)#00' 6-max (real money) Seat #1 is the button
Seat 1: Abdecadabra (17150)
Seat 2: P1xel7 (12784)
Seat 4: Julus_33 (19375)
Seat 5: Paforn (23870)
Seat 6: sGusssss (23188)
*** ANTE/BLINDS ***
P1xel7 posts ante 20
Julus_33 posts ante 20
Abdecadabra posts ante 20
Paforn posts ante 20
sGusssss posts ante 20
P1xel7 posts small blind 75
Julus_33 posts big blind 150
Dealt to P1xel7 [5h Kh]
*** PRE-FLOP *** 
Paforn raises 300 to 450
sGusssss calls 450
Abdecadabra folds
P1xel7 folds
Julus_33 folds
*** FLOP *** [Jc 7d Ts]
Paforn bets 306
sGusssss calls 306
*** TURN *** [Jc 7d Ts][Jd]
Paforn bets 643
sGusssss calls 643
*** RIVER *** [Jc 7d Ts Jd][3c]
Paforn checks
sGusssss bets 2030
Paforn calls 2030
*** SHOW DOWN ***
sGusssss shows [4d 5d] (One pair : Jacks)
Paforn shows [Ah Th] (Two pairs : Jacks and Tens)
Paforn collected 7183 from pot
*** SUMMARY ***
Total pot 7183 | No rake
Board: [Jc 7d Ts Jd 3c]
Seat 5: Paforn showed [Ah Th] and won 7183 with Two pairs : Jacks and Tens
Seat 6: sGusssss showed [4d 5d] and lost with One pair : Jacks


Winamax Poker - Tournament "SKENIGMA Freeroll B" buyIn: 0€ + 0€ level: 3 - HandId: #3229252916200079361-16-1709668022 - Holdem no limit (25/100/200) - 2024/03/05 19:47:02 UTC
Table: 'SKENIGMA Freeroll B(751869035)#00' 6-max (real money) Seat #2 is the button
Seat 1: Abdecadabra (17130)
Seat 2: P1xel7 (12689)
Seat 3: Etisan (24899)
Seat 4: Julus_33 (19205)
Seat 5: Paforn (27604)
Seat 6: sGusssss (19739)
*** ANTE/BLINDS ***
Julus_33 posts ante 25
Paforn posts ante 25
Abdecadabra posts ante 25
P1xel7 posts ante 25
sGusssss posts ante 25
Julus_33 posts small blind 100
Paforn posts big blind 200
Dealt to P1xel7 [8s 8d]
*** PRE-FLOP *** 
sGusssss raises 200 to 400
Abdecadabra folds
P1xel7 calls 400
Julus_33 folds
Paforn calls 200
*** FLOP *** [3d 5d 2c]
Paforn bets 499
sGusssss calls 499
P1xel7 raises 1201 to 1700
Paforn calls 1201
sGusssss calls 1201
*** TURN *** [3d 5d 2c][Kh]
Paforn checks
sGusssss checks
P1xel7 checks
*** RIVER *** [3d 5d 2c Kh][Kc]
Paforn checks
sGusssss checks
P1xel7 bets 2284
Paforn calls 2284
sGusssss folds
*** SHOW DOWN ***
Paforn shows [4d 4s] (Two pairs : Kings and 4)
P1xel7 shows [8s 8d] (Two pairs : Kings and 8)
P1xel7 collected 11093 from pot
*** SUMMARY ***
Total pot 11093 | No rake
Board: [3d 5d 2c Kh Kc]
Seat 2: P1xel7 (button) showed [8s 8d] and won 11093 with Two pairs : Kings and 8
Seat 5: Paforn (big blind) showed [4d 4s] and lost with Two pairs : Kings and 4


Winamax Poker - Tournament "SKENIGMA Freeroll B" buyIn: 0€ + 0€ level: 3 - HandId: #3229252916200079361-17-1709668178 - Holdem no limit (25/100/200) - 2024/03/05 19:49:38 UTC
Table: 'SKENIGMA Freeroll B(751869035)#00' 6-max (real money) Seat #4 is the button
Seat 1: Abdecadabra (17105)
Seat 2: P1xel7 (19373)
Seat 3: Etisan (24899)
Seat 4: Julus_33 (19080)
Seat 5: Paforn (23195)
Seat 6: sGusssss (17614)
*** ANTE/BLINDS ***
Paforn posts ante 25
sGusssss posts ante 25
Abdecadabra posts ante 25
P1xel7 posts ante 25
Etisan posts ante 25
Julus_33 posts ante 25
Paforn posts small blind 100
sGusssss posts big blind 200
Dealt to P1xel7 [Qd 9s]
*** PRE-FLOP *** 
Abdecadabra raises 200 to 400
P1xel7 folds
Etisan folds
Julus_33 folds
Paforn folds
sGusssss raises 600 to 1000
Abdecadabra raises 600 to 1600
sGusssss calls 600
*** FLOP *** [8h Th 8d]
sGusssss checks
Abdecadabra bets 1725
sGusssss folds
Abdecadabra collected 5175 from pot
*** SUMMARY ***
Total pot 5175 | No rake
Board: [8h Th 8d]
Seat 1: Abdecadabra won 5175


Winamax Poker - Tournament "SKENIGMA Freeroll B" buyIn: 0€ + 0€ level: 3 - HandId: #3229252916200079361-18-1709668219 - Holdem no limit (25/100/200) - 2024/03/05 19:50:19 UTC
Table: 'SKENIGMA Freeroll B(751869035)#00' 6-max (real money) Seat #5 is the button
Seat 1: Abdecadabra (18930)
Seat 2: P1xel7 (19348)
Seat 3: Etisan (24874)
Seat 4: Julus_33 (19055)
Seat 5: Paforn (23070)
Seat 6: sGusssss (15989)
*** ANTE/BLINDS ***
sGusssss posts ante 25
Abdecadabra posts ante 25
P1xel7 posts ante 25
Etisan posts ante 25
Julus_33 posts ante 25
Paforn posts ante 25
sGusssss posts small blind 100
Abdecadabra posts big blind 200
Dealt to P1xel7 [5s Td]
*** PRE-FLOP *** 
P1xel7 folds
Etisan folds
Julus_33 folds
Paforn folds
sGusssss folds
Abdecadabra collected 450 from pot
*** SUMMARY ***
Total pot 450 | No rake
Seat 1: Abdecadabra (big blind) won 450


Winamax Poker - Tournament "SKENIGMA Freeroll B" buyIn: 0€ + 0€ level: 3 - HandId: #3229252916200079361-19-1709668243 - Holdem no limit (25/100/200) - 2024/03/05 19:50:43 UTC
Table: 'SKENIGMA Freeroll B(751869035)#00' 6-max (real money) Seat #6 is the button
Seat 1: Abdecadabra (19155)
Seat 2: P1xel7 (19323)
Seat 3: Etisan (24849)
Seat 4: Julus_33 (19030)
Seat 5: Paforn (23045)
Seat 6: sGusssss (15864)
*** ANTE/BLINDS ***
Abdecadabra posts ante 25
P1xel7 posts ante 25
Etisan posts ante 25
Julus_33 posts ante 25
Paforn posts ante 25
sGusssss posts ante 25
Abdecadabra posts small blind 100
P1xel7 posts big blind 200
Dealt to P1xel7 [6s 7c]
*** PRE-FLOP *** 
Etisan raises 300 to 500
Julus_33 folds
Paforn calls 500
sGusssss folds
Abdecadabra folds
P1xel7 folds
*** FLOP *** [As 9h Kc]
Etisan checks
Paforn bets 943
Etisan calls 943
*** TURN *** [As 9h Kc][7h]
Etisan checks
Paforn bets 1168
Etisan calls 1168
*** RIVER *** [As 9h Kc 7h][Ts]
Etisan bets 1985
Paforn calls 1985
*** SHOW DOWN ***
Paforn shows [Qc Kh] (One pair : Kings)
Etisan shows [Td Ad] (Two pairs : Aces and Tens)
Etisan collected 9642 from pot
*** SUMMARY ***
Total pot 9642 | No rake
Board: [As 9h Kc 7h Ts]
Seat 3: Etisan showed [Td Ad] and won 9642 with Two pairs : Aces and Tens
Seat 5: Paforn showed [Qc Kh] and lost with One pair : Kings


Winamax Poker - Tournament "SKENIGMA Freeroll B" buyIn: 0€ + 0€ level: 3 - HandId: #3229252916200079361-20-1709668382 - Holdem no limit (25/100/200) - 2024/03/05 19:53:02 UTC
Table: 'SKENIGMA Freeroll B(751869035)#00' 6-max (real money) Seat #1 is the button
Seat 1: Abdecadabra (19030)
Seat 2: P1xel7 (19098)
Seat 3: Etisan (29870)
Seat 4: Julus_33 (19005)
Seat 5: Paforn (18424)
Seat 6: sGusssss (15839)
*** ANTE/BLINDS ***
P1xel7 posts ante 25
Etisan posts ante 25
Abdecadabra posts ante 25
Julus_33 posts ante 25
Paforn posts ante 25
sGusssss posts ante 25
P1xel7 posts small blind 100
Etisan posts big blind 200
Dealt to P1xel7 [7s 9d]
*** PRE-FLOP *** 
Julus_33 folds
Paforn raises 400 to 600
sGusssss folds
Abdecadabra folds
P1xel7 folds
Etisan folds
Paforn collected 1050 from pot
*** SUMMARY ***
Total pot 1050 | No rake
Seat 5: Paforn won 1050


Winamax Poker - Tournament "SKENIGMA Freeroll B" buyIn: 0€ + 0€ level: 3 - HandId: #3229252916200079361-21-1709668411 - Holdem no limit (25/100/200) - 2024/03/05 19:53:31 UTC
Table: 'SKENIGMA Freeroll B(751869035)#00' 6-max (real money) Seat #2 is the button
Seat 1: Abdecadabra (19005)
Seat 2: P1xel7 (18973)
Seat 3: Etisan (29645)
Seat 4: Julus_33 (18980)
Seat 5: Paforn (18849)
Seat 6: sGusssss (15814)
*** ANTE/BLINDS ***
Etisan posts ante 25
Julus_33 posts ante 25
Abdecadabra posts ante 25
P1xel7 posts ante 25
Paforn posts ante 25
sGusssss posts ante 25
Etisan posts small blind 100
Julus_33 posts big blind 200
Dealt to P1xel7 [Qs 7s]
*** PRE-FLOP *** 
Paforn folds
sGusssss folds
Abdecadabra raises 200 to 400
P1xel7 folds
Etisan folds
Julus_33 folds
Abdecadabra collected 850 from pot
*** SUMMARY ***
Total pot 850 | No rake
Seat 1: Abdecadabra won 850


Winamax Poker - Tournament "SKENIGMA Freeroll B" buyIn: 0€ + 0€ level: 3 - HandId: #3229252916200079361-22-1709668429 - Holdem no limit (25/100/200) - 2024/03/05 19:53:49 UTC
Table: 'SKENIGMA Freeroll B(751869035)#00' 6-max (real money) Seat #3 is the button
Seat 1: Abdecadabra (19430)
Seat 2: P1xel7 (18948)
Seat 3: Etisan (29520)
Seat 4: Julus_33 (18755)
Seat 5: Paforn (18824)
Seat 6: sGusssss (15789)
*** ANTE/BLINDS ***
Julus_33 posts ante 25
Paforn posts ante 25
Abdecadabra posts ante 25
P1xel7 posts ante 25
Etisan posts ante 25
sGusssss posts ante 25
Julus_33 posts small blind 100
Paforn posts big blind 200
Dealt to P1xel7 [Th 5s]
*** PRE-FLOP *** 
sGusssss folds
Abdecadabra raises 200 to 400
P1xel7 folds
Etisan calls 400
Julus_33 folds
Paforn raises 500 to 900
Abdecadabra raises 500 to 1400
Etisan folds
Paforn calls 500
*** FLOP *** [7d Ks 3c]
Paforn checks
Abdecadabra bets 1208
Paforn calls 1208
*** TURN *** [7d Ks 3c][Kd]
Paforn checks
Abdecadabra bets 2053
Paforn calls 2053
*** RIVER *** [7d Ks 3c Kd][9c]
Paforn bets 4986
Abdecadabra calls 4986
*** SHOW DOWN ***
Paforn shows [Ac Qd] (One pair : Kings)
Abdecadabra shows [Jd Kh] (Trips of Kings)
Abdecadabra collected 19944 from pot
*** SUMMARY ***
Total pot 19944 | No rake
Board: [7d Ks 3c Kd 9c]
Seat 1: Abdecadabra showed [Jd Kh] and won 19944 with Trips of Kings
Seat 5: Paforn (big blind) showed [Ac Qd] and lost with One pair : Kings


Winamax Poker - Tournament "SKENIGMA Freeroll B" buyIn: 0€ + 0€ level: 4 - HandId: #3229252916200079361-23-1709668484 - Holdem no limit (30/125/250) - 2024/03/05 19:54:44 UTC
Table: 'SKENIGMA Freeroll B(751869035)#00' 6-max (real money) Seat #4 is the button
Seat 1: Abdecadabra (29702)
Seat 2: P1xel7 (18923)
Seat 3: Etisan (29095)
Seat 4: Julus_33 (18630)
Seat 5: Paforn (9152)
Seat 6: sGusssss (15764)
*** ANTE/BLINDS ***
Paforn posts ante 30
sGusssss posts ante 30
Abdecadabra posts ante 30
P1xel7 posts ante 30
Etisan posts ante 30
Julus_33 posts ante 30
Paforn posts small blind 125
sGusssss posts big blind 250
Dealt to P1xel7 [8d 7h]
*** PRE-FLOP *** 
Abdecadabra folds
P1xel7 folds
Etisan calls 250
Julus_33 folds
Paforn folds
sGusssss checks
*** FLOP *** [4d 3c 7d]
sGusssss bets 282
Etisan folds
sGusssss collected 1087 from pot
*** SUMMARY ***
Total pot 1087 | No rake
Board: [4d 3c 7d]
Seat 6: sGusssss (big blind) won 1087


Winamax Poker - Tournament "SKENIGMA Freeroll B" buyIn: 0€ + 0€ level: 4 - HandId: #3229252916200079364-1-1709668864 - Holdem no limit (30/125/250) - 2024/03/05 20:01:04 UTC
Table: 'SKENIGMA Freeroll B(751869035)#03' 6-max (real money) Seat #2 is the button
Seat 2: P1xel7 (18893)
Seat 3: Etisan (28815)
Seat 4: bobbricol (20000)
*** ANTE/BLINDS ***
Etisan posts ante 30
bobbricol posts ante 30
P1xel7 posts ante 30
Etisan posts small blind 125
bobbricol posts big blind 250
Dealt to P1xel7 [5h 8s]
*** PRE-FLOP *** 
P1xel7 folds
Etisan raises 250 to 500
bobbricol calls 250
*** FLOP *** [6h 6s Tc]
Etisan checks
bobbricol checks
*** TURN *** [6h 6s Tc][9d]
Etisan checks
bobbricol checks
*** RIVER *** [6h 6s Tc 9d][7c]
Etisan bets 709
bobbricol calls 709
*** SHOW DOWN ***
bobbricol shows [3d Kh] (One pair : 6)
Etisan shows [Kc 8c] (Straight Ten high)
Etisan collected 2508 from pot
*** SUMMARY ***
Total pot 2508 | No rake
Board: [6h 6s Tc 9d 7c]
Seat 3: Etisan (small blind) showed [Kc 8c] and won 2508 with Straight Ten high
Seat 4: bobbricol (big blind) showed [3d Kh] and lost with One pair : 6


Winamax Poker - Tournament "SKENIGMA Freeroll B" buyIn: 0€ + 0€ level: 4 - HandId: #3229252916200079364-2-1709668991 - Holdem no limit (30/125/250) - 2024/03/05 20:03:11 UTC
Table: 'SKENIGMA Freeroll B(751869035)#03' 6-max (real money) Seat #3 is the button
Seat 1: rmlprte (41187)
Seat 2: P1xel7 (18863)
Seat 3: Etisan (30084)
Seat 4: bobbricol (18761)
*** ANTE/BLINDS ***
bobbricol posts ante 30
rmlprte posts ante 30
P1xel7 posts ante 30
Etisan posts ante 30
bobbricol posts small blind 125
rmlprte posts big blind 250
Dealt to P1xel7 [Td Tc]
*** PRE-FLOP *** 
P1xel7 raises 500 to 750
Etisan raises 500 to 1250
bobbricol folds
rmlprte calls 1000
P1xel7 raises 17583 to 18833 and is all-in
Etisan folds
rmlprte folds
P1xel7 collected 21578 from pot
*** SUMMARY ***
Total pot 21578 | No rake
Seat 2: P1xel7 won 21578


Winamax Poker - Tournament "SKENIGMA Freeroll B" buyIn: 0€ + 0€ level: 4 - HandId: #3229252916200079364-3-1709669064 - Holdem no limit (30/125/250) - 2024/03/05 20:04:24 UTC
Table: 'SKENIGMA Freeroll B(751869035)#03' 6-max (real money) Seat #4 is the button
Seat 1: rmlprte (39907)
Seat 2: P1xel7 (21578)
Seat 3: Etisan (28804)
Seat 4: bobbricol (18606)
*** ANTE/BLINDS ***
rmlprte posts ante 30
P1xel7 posts ante 30
Etisan posts ante 30
bobbricol posts ante 30
rmlprte posts small blind 125
P1xel7 posts big blind 250
Dealt to P1xel7 [Tc Qs]
*** PRE-FLOP *** 
Etisan raises 500 to 750
bobbricol folds
rmlprte folds
P1xel7 calls 500
*** FLOP *** [5s 4s 5d]
P1xel7 checks
Etisan bets 611
P1xel7 folds
Etisan collected 2356 from pot
*** SUMMARY ***
Total pot 2356 | No rake
Board: [5s 4s 5d]
Seat 3: Etisan won 2356


Winamax Poker - Tournament "SKENIGMA Freeroll B" buyIn: 0€ + 0€ level: 4 - HandId: #3229252916200079364-4-1709669084 - Holdem no limit (30/125/250) - 2024/03/05 20:04:44 UTC
Table: 'SKENIGMA Freeroll B(751869035)#03' 6-max (real money) Seat #1 is the button
Seat 1: rmlprte (39752)
Seat 2: P1xel7 (20798)
Seat 3: Etisan (29769)
Seat 4: bobbricol (18576)
*** ANTE/BLINDS ***
P1xel7 posts ante 30
Etisan posts ante 30
rmlprte posts ante 30
bobbricol posts ante 30
P1xel7 posts small blind 125
Etisan posts big blind 250
Dealt to P1xel7 [3h Qs]
*** PRE-FLOP *** 
bobbricol calls 250
rmlprte calls 250
P1xel7 folds
Etisan checks
*** FLOP *** [Qh 2d Th]
Etisan checks
bobbricol checks
rmlprte bets 647
Etisan folds
bobbricol folds
rmlprte collected 1642 from pot
*** SUMMARY ***
Total pot 1642 | No rake
Board: [Qh 2d Th]
Seat 1: rmlprte (button) won 1642


Winamax Poker - Tournament "SKENIGMA Freeroll B" buyIn: 0€ + 0€ level: 4 - HandId: #3229252916200079364-5-1709669118 - Holdem no limit (30/125/250) - 2024/03/05 20:05:18 UTC
Table: 'SKENIGMA Freeroll B(751869035)#03' 6-max (real money) Seat #2 is the button
Seat 1: rmlprte (40467)
Seat 2: P1xel7 (20643)
Seat 3: Etisan (29489)
Seat 4: bobbricol (18296)
*** ANTE/BLINDS ***
Etisan posts ante 30
bobbricol posts ante 30
rmlprte posts ante 30
P1xel7 posts ante 30
Etisan posts small blind 125
bobbricol posts big blind 250
Dealt to P1xel7 [9d 2d]
*** PRE-FLOP *** 
rmlprte calls 250
P1xel7 folds
Etisan folds
bobbricol checks
*** FLOP *** [Kh Ah 6h]
bobbricol checks
rmlprte bets 250
bobbricol calls 250
*** TURN *** [Kh Ah 6h][Ac]
bobbricol checks
rmlprte bets 623
bobbricol folds
rmlprte collected 1868 from pot
*** SUMMARY ***
Total pot 1868 | No rake
Board: [Kh Ah 6h Ac]
Seat 1: rmlprte won 1868


Winamax Poker - Tournament "SKENIGMA Freeroll B" buyIn: 0€ + 0€ level: 4 - HandId: #3229252916200079364-6-1709669146 - Holdem no limit (30/125/250) - 2024/03/05 20:05:46 UTC
Table: 'SKENIGMA Freeroll B(751869035)#03' 6-max (real money) Seat #3 is the button
Seat 1: rmlprte (41182)
Seat 2: P1xel7 (20613)
Seat 3: Etisan (29334)
Seat 4: bobbricol (17766)
*** ANTE/BLINDS ***
bobbricol posts ante 30
rmlprte posts ante 30
P1xel7 posts ante 30
Etisan posts ante 30
bobbricol posts small blind 125
rmlprte posts big blind 250
Dealt to P1xel7 [5c Qc]
*** PRE-FLOP *** 
P1xel7 folds
Etisan folds
bobbricol folds
rmlprte collected 495 from pot
*** SUMMARY ***
Total pot 495 | No rake
Seat 1: rmlprte (big blind) won 495


Winamax Poker - Tournament "SKENIGMA Freeroll B" buyIn: 0€ + 0€ level: 4 - HandId: #3229252916200079364-7-1709669175 - Holdem no limit (30/125/250) - 2024/03/05 20:06:15 UTC
Table: 'SKENIGMA Freeroll B(751869035)#03' 6-max (real money) Seat #4 is the button
Seat 1: rmlprte (41397)
Seat 2: P1xel7 (20583)
Seat 3: Etisan (29304)
Seat 4: bobbricol (17611)
*** ANTE/BLINDS ***
rmlprte posts ante 30
P1xel7 posts ante 30
Etisan posts ante 30
bobbricol posts ante 30
rmlprte posts small blind 125
P1xel7 posts big blind 250
Dealt to P1xel7 [6h 2h]
*** PRE-FLOP *** 
Etisan raises 250 to 500
bobbricol folds
rmlprte folds
P1xel7 folds
Etisan collected 995 from pot
*** SUMMARY ***
Total pot 995 | No rake
Seat 3: Etisan won 995


Winamax Poker - Tournament "SKENIGMA Freeroll B" buyIn: 0€ + 0€ level: 4 - HandId: #3229252916200079364-8-1709669199 - Holdem no limit (30/125/250) - 2024/03/05 20:06:39 UTC
Table: 'SKENIGMA Freeroll B(751869035)#03' 6-max (real money) Seat #1 is the button
Seat 1: rmlprte (41242)
Seat 2: P1xel7 (20303)
Seat 3: Etisan (29769)
Seat 4: bobbricol (17581)
*** ANTE/BLINDS ***
P1xel7 posts ante 30
Etisan posts ante 30
rmlprte posts ante 30
bobbricol posts ante 30
P1xel7 posts small blind 125
Etisan posts big blind 250
Dealt to P1xel7 [Th 3h]
*** PRE-FLOP *** 
bobbricol folds
rmlprte calls 250
P1xel7 folds
Etisan checks
*** FLOP *** [5s Kd Tc]
Etisan checks
rmlprte bets 250
Etisan calls 250
*** TURN *** [5s Kd Tc][Ah]
Etisan checks
rmlprte bets 809
Etisan folds
rmlprte collected 2054 from pot
*** SUMMARY ***
Total pot 2054 | No rake
Board: [5s Kd Tc Ah]
Seat 1: rmlprte (button) won 2054


Winamax Poker - Tournament "SKENIGMA Freeroll B" buyIn: 0€ + 0€ level: 4 - HandId: #3229252916200079364-9-1709669241 - Holdem no limit (30/125/250) - 2024/03/05 20:07:21 UTC
Table: 'SKENIGMA Freeroll B(751869035)#03' 6-max (real money) Seat #2 is the button
Seat 1: rmlprte (41957)
Seat 2: P1xel7 (20148)
Seat 3: Etisan (29239)
Seat 4: bobbricol (17551)
*** ANTE/BLINDS ***
Etisan posts ante 30
bobbricol posts ante 30
rmlprte posts ante 30
P1xel7 posts ante 30
Etisan posts small blind 125
bobbricol posts big blind 250
Dealt to P1xel7 [7s 6h]
*** PRE-FLOP *** 
rmlprte folds
P1xel7 folds
Etisan folds
bobbricol collected 495 from pot
*** SUMMARY ***
Total pot 495 | No rake
Seat 4: bobbricol (big blind) won 495


Winamax Poker - Tournament "SKENIGMA Freeroll B" buyIn: 0€ + 0€ level: 4 - HandId: #3229252916200079364-10-1709669264 - Holdem no limit (30/125/250) - 2024/03/05 20:07:44 UTC
Table: 'SKENIGMA Freeroll B(751869035)#03' 6-max (real money) Seat #3 is the button
Seat 1: rmlprte (41927)
Seat 2: P1xel7 (20118)
Seat 3: Etisan (29084)
Seat 4: bobbricol (17766)
*** ANTE/BLINDS ***
bobbricol posts ante 30
rmlprte posts ante 30
P1xel7 posts ante 30
Etisan posts ante 30
bobbricol posts small blind 125
rmlprte posts big blind 250
Dealt to P1xel7 [Qs 7h]
*** PRE-FLOP *** 
P1xel7 folds
Etisan raises 250 to 500
bobbricol folds
rmlprte folds
Etisan collected 995 from pot
*** SUMMARY ***
Total pot 995 | No rake
Seat 3: Etisan (button) won 995


Winamax Poker - Tournament "SKENIGMA Freeroll B" buyIn: 0€ + 0€ level: 5 - HandId: #3229252916200079364-11-1709669284 - Holdem no limit (40/150/300) - 2024/03/05 20:08:04 UTC
Table: 'SKENIGMA Freeroll B(751869035)#03' 6-max (real money) Seat #4 is the button
Seat 1: rmlprte (41647)
Seat 2: P1xel7 (20088)
Seat 3: Etisan (29549)
Seat 4: bobbricol (17611)
*** ANTE/BLINDS ***
rmlprte posts ante 40
P1xel7 posts ante 40
Etisan posts ante 40
bobbricol posts ante 40
rmlprte posts small blind 150
P1xel7 posts big blind 300
Dealt to P1xel7 [Kd Tc]
*** PRE-FLOP *** 
Etisan folds
bobbricol folds
rmlprte calls 150
P1xel7 raises 900 to 1200
rmlprte calls 900
*** FLOP *** [Ad As 7h]
rmlprte bets 896
P1xel7 folds
rmlprte collected 3456 from pot
*** SUMMARY ***
Total pot 3456 | No rake
Board: [Ad As 7h]
Seat 1: rmlprte (small blind) won 3456


Winamax Poker - Tournament "SKENIGMA Freeroll B" buyIn: 0€ + 0€ level: 5 - HandId: #3229252916200079364-12-1709669320 - Holdem no limit (40/150/300) - 2024/03/05 20:08:40 UTC
Table: 'SKENIGMA Freeroll B(751869035)#03' 6-max (real money) Seat #1 is the button
Seat 1: rmlprte (42967)
Seat 2: P1xel7 (18848)
Seat 3: Etisan (29509)
Seat 4: bobbricol (17571)
*** ANTE/BLINDS ***
P1xel7 posts ante 40
Etisan posts ante 40
rmlprte posts ante 40
bobbricol posts ante 40
P1xel7 posts small blind 150
Etisan posts big blind 300
Dealt to P1xel7 [9c 5s]
*** PRE-FLOP *** 
bobbricol folds
rmlprte folds
P1xel7 folds
Etisan collected 610 from pot
*** SUMMARY ***
Total pot 610 | No rake
Seat 3: Etisan (big blind) won 610


Winamax Poker - Tournament "SKENIGMA Freeroll B" buyIn: 0€ + 0€ level: 5 - HandId: #3229252916200079364-13-1709669329 - Holdem no limit (40/150/300) - 2024/03/05 20:08:49 UTC
Table: 'SKENIGMA Freeroll B(751869035)#03' 6-max (real money) Seat #2 is the button
Seat 1: rmlprte (42927)
Seat 2: P1xel7 (18658)
Seat 3: Etisan (29779)
Seat 4: bobbricol (17531)
*** ANTE/BLINDS ***
Etisan posts ante 40
bobbricol posts ante 40
rmlprte posts ante 40
P1xel7 posts ante 40
Etisan posts small blind 150
bobbricol posts big blind 300
Dealt to P1xel7 [5d Jc]
*** PRE-FLOP *** 
rmlprte folds
P1xel7 folds
Etisan folds
bobbricol collected 610 from pot
*** SUMMARY ***
Total pot 610 | No rake
Seat 4: bobbricol (big blind) won 610


Winamax Poker - Tournament "SKENIGMA Freeroll B" buyIn: 0€ + 0€ level: 5 - HandId: #3229252916200079364-14-1709669335 - Holdem no limit (40/150/300) - 2024/03/05 20:08:55 UTC
Table: 'SKENIGMA Freeroll B(751869035)#03' 6-max (real money) Seat #3 is the button
Seat 1: rmlprte (42887)
Seat 2: P1xel7 (18618)
Seat 3: Etisan (29589)
Seat 4: bobbricol (17801)
*** ANTE/BLINDS ***
bobbricol posts ante 40
rmlprte posts ante 40
P1xel7 posts ante 40
Etisan posts ante 40
bobbricol posts small blind 150
rmlprte posts big blind 300
Dealt to P1xel7 [Ad Tc]
*** PRE-FLOP *** 
P1xel7 raises 450 to 750
Etisan raises 450 to 1200
bobbricol folds
rmlprte calls 900
P1xel7 calls 450
*** FLOP *** [Jd 9s 3d]
rmlprte checks
P1xel7 checks
Etisan bets 1369
rmlprte calls 1369
P1xel7 calls 1369
*** TURN *** [Jd 9s 3d][3s]
rmlprte bets 2806
P1xel7 folds
Etisan folds
rmlprte collected 10823 from pot
*** SUMMARY ***
Total pot 10823 | No rake
Board: [Jd 9s 3d 3s]
Seat 1: rmlprte (big blind) won 10823


Winamax Poker - Tournament "SKENIGMA Freeroll B" buyIn: 0€ + 0€ level: 5 - HandId: #3229252916200079364-15-1709669396 - Holdem no limit (40/150/300) - 2024/03/05 20:09:56 UTC
Table: 'SKENIGMA Freeroll B(751869035)#03' 6-max (real money) Seat #4 is the button
Seat 1: rmlprte (48295)
Seat 2: P1xel7 (16009)
Seat 3: Etisan (26980)
Seat 4: bobbricol (17611)
*** ANTE/BLINDS ***
rmlprte posts ante 40
P1xel7 posts ante 40
Etisan posts ante 40
bobbricol posts ante 40
rmlprte posts small blind 150
P1xel7 posts big blind 300
Dealt to P1xel7 [6h 6c]
*** PRE-FLOP *** 
Etisan folds
bobbricol calls 300
rmlprte folds
P1xel7 raises 900 to 1200
bobbricol calls 900
*** FLOP *** [Qc Qs 4c]
P1xel7 bets 949
bobbricol calls 949
*** TURN *** [Qc Qs 4c][5h]
P1xel7 bets 1613
bobbricol calls 1613
*** RIVER *** [Qc Qs 4c 5h][7s]
P1xel7 checks
bobbricol checks
*** SHOW DOWN ***
bobbricol shows [2d Ad] (One pair : Queens)
P1xel7 shows [6h 6c] (Two pairs : Queens and 6)
P1xel7 collected 7834 from pot
*** SUMMARY ***
Total pot 7834 | No rake
Board: [Qc Qs 4c 5h 7s]
Seat 2: P1xel7 (big blind) showed [6h 6c] and won 7834 with Two pairs : Queens and 6
Seat 4: bobbricol (button) showed [2d Ad] and lost with One pair : Queens


Winamax Poker - Tournament "SKENIGMA Freeroll B" buyIn: 0€ + 0€ level: 5 - HandId: #3229252916200079364-16-1709669454 - Holdem no limit (40/150/300) - 2024/03/05 20:10:54 UTC
Table: 'SKENIGMA Freeroll B(751869035)#03' 6-max (real money) Seat #1 is the button
Seat 1: rmlprte (48105)
Seat 2: P1xel7 (20041)
Seat 3: Etisan (26940)
Seat 4: bobbricol (13809)
*** ANTE/BLINDS ***
P1xel7 posts ante 40
Etisan posts ante 40
rmlprte posts ante 40
bobbricol posts ante 40
P1xel7 posts small blind 150
Etisan posts big blind 300
Dealt to P1xel7 [4h Kc]
*** PRE-FLOP *** 
bobbricol folds
rmlprte calls 300
P1xel7 folds
Etisan checks
*** FLOP *** [9d 8d Kd]
Etisan checks
rmlprte bets 728
Etisan calls 728
*** TURN *** [9d 8d Kd][5d]
Etisan bets 828
rmlprte raises 4022 to 4850
Etisan folds
rmlprte collected 8044 from pot
*** SUMMARY ***
Total pot 8044 | No rake
Board: [9d 8d Kd 5d]
Seat 1: rmlprte (button) won 8044


Winamax Poker - Tournament "SKENIGMA Freeroll B" buyIn: 0€ + 0€ level: 5 - HandId: #3229252916200079364-17-1709669513 - Holdem no limit (40/150/300) - 2024/03/05 20:11:53 UTC
Table: 'SKENIGMA Freeroll B(751869035)#03' 6-max (real money) Seat #2 is the button
Seat 1: rmlprte (50231)
Seat 2: P1xel7 (19851)
Seat 3: Etisan (25044)
Seat 4: bobbricol (13769)
*** ANTE/BLINDS ***
Etisan posts ante 40
bobbricol posts ante 40
rmlprte posts ante 40
P1xel7 posts ante 40
Etisan posts small blind 150
bobbricol posts big blind 300
Dealt to P1xel7 [2d 8d]
*** PRE-FLOP *** 
rmlprte folds
P1xel7 folds
Etisan folds
bobbricol collected 610 from pot
*** SUMMARY ***
Total pot 610 | No rake
Seat 4: bobbricol (big blind) won 610


Winamax Poker - Tournament "SKENIGMA Freeroll B" buyIn: 0€ + 0€ level: 5 - HandId: #3229252916200079364-18-1709669521 - Holdem no limit (40/150/300) - 2024/03/05 20:12:01 UTC
Table: 'SKENIGMA Freeroll B(751869035)#03' 6-max (real money) Seat #3 is the button
Seat 1: rmlprte (50191)
Seat 2: P1xel7 (19811)
Seat 3: Etisan (24854)
Seat 4: bobbricol (14039)
*** ANTE/BLINDS ***
bobbricol posts ante 40
rmlprte posts ante 40
P1xel7 posts ante 40
Etisan posts ante 40
bobbricol posts small blind 150
rmlprte posts big blind 300
Dealt to P1xel7 [4c 6d]
*** PRE-FLOP *** 
P1xel7 folds
Etisan folds
bobbricol folds
rmlprte collected 610 from pot
*** SUMMARY ***
Total pot 610 | No rake
Seat 1: rmlprte (big blind) won 610


Winamax Poker - Tournament "SKENIGMA Freeroll B" buyIn: 0€ + 0€ level: 5 - HandId: #3229252916200079364-19-1709669535 - Holdem no limit (40/150/300) - 2024/03/05 20:12:15 UTC
Table: 'SKENIGMA Freeroll B(751869035)#03' 6-max (real money) Seat #4 is the button
Seat 1: rmlprte (50461)
Seat 2: P1xel7 (19771)
Seat 3: Etisan (24814)
Seat 4: bobbricol (13849)
*** ANTE/BLINDS ***
rmlprte posts ante 40
P1xel7 posts ante 40
Etisan posts ante 40
bobbricol posts ante 40
rmlprte posts small blind 150
P1xel7 posts big blind 300
Dealt to P1xel7 [Ts 5c]
*** PRE-FLOP *** 
Etisan folds
bobbricol calls 300
rmlprte folds
P1xel7 checks
*** FLOP *** [5d Qc 9h]
P1xel7 bets 600
bobbricol calls 600
*** TURN *** [5d Qc 9h][8h]
P1xel7 checks
bobbricol checks
*** RIVER *** [5d Qc 9h 8h][7s]
P1xel7 checks
bobbricol checks
*** SHOW DOWN ***
bobbricol shows [Th Ks] (High card : King)
P1xel7 shows [Ts 5c] (One pair : 5)
P1xel7 collected 2110 from pot
*** SUMMARY ***
Total pot 2110 | No rake
Board: [5d Qc 9h 8h 7s]
Seat 2: P1xel7 (big blind) showed [Ts 5c] and won 2110 with One pair : 5
Seat 4: bobbricol (button) showed [Th Ks] and lost with High card : King


Winamax Poker - Tournament "SKENIGMA Freeroll B" buyIn: 0€ + 0€ level: 5 - HandId: #3229252916200079364-20-1709669578 - Holdem no limit (40/150/300) - 2024/03/05 20:12:58 UTC
Table: 'SKENIGMA Freeroll B(751869035)#03' 6-max (real money) Seat #1 is the button
Seat 1: rmlprte (50271)
Seat 2: P1xel7 (20941)
Seat 3: Etisan (24774)
Seat 4: bobbricol (12909)
*** ANTE/BLINDS ***
P1xel7 posts ante 40
Etisan posts ante 40
rmlprte posts ante 40
bobbricol posts ante 40
P1xel7 posts small blind 150
Etisan posts big blind 300
Dealt to P1xel7 [Ac Ts]
*** PRE-FLOP *** 
bobbricol folds
rmlprte calls 300
P1xel7 raises 1050 to 1350
Etisan folds
rmlprte calls 1050
*** FLOP *** [Qh 6c Kd]
P1xel7 bets 1106
rmlprte raises 1161 to 2267
P1xel7 calls 1161
*** TURN *** [Qh 6c Kd][7c]
P1xel7 checks
rmlprte bets 3847
P1xel7 folds
rmlprte collected 11541 from pot
*** SUMMARY ***
Total pot 11541 | No rake
Board: [Qh 6c Kd 7c]
Seat 1: rmlprte (button) won 11541


Winamax Poker - Tournament "SKENIGMA Freeroll B" buyIn: 0€ + 0€ level: 5 - HandId: #3229252916200079364-21-1709669619 - Holdem no limit (40/150/300) - 2024/03/05 20:13:39 UTC
Table: 'SKENIGMA Freeroll B(751869035)#03' 6-max (real money) Seat #2 is the button
Seat 1: rmlprte (54308)
Seat 2: P1xel7 (17284)
Seat 3: Etisan (24434)
Seat 4: bobbricol (12869)
*** ANTE/BLINDS ***
Etisan posts ante 40
bobbricol posts ante 40
rmlprte posts ante 40
P1xel7 posts ante 40
Etisan posts small blind 150
bobbricol posts big blind 300
Dealt to P1xel7 [Ts 4c]
*** PRE-FLOP *** 
rmlprte folds
P1xel7 folds
Etisan raises 300 to 600
bobbricol raises 300 to 900
Etisan calls 300
*** FLOP *** [5c Th 6c]
Etisan checks
bobbricol checks
*** TURN *** [5c Th 6c][Ah]
Etisan bets 686
bobbricol calls 686
*** RIVER *** [5c Th 6c Ah][6d]
Etisan bets 1166
bobbricol calls 1166
*** SHOW DOWN ***
Etisan shows [As 2s] (Two pairs : Aces and 6)
bobbricol shows [8d Ac] (Two pairs : Aces and 6)
bobbricol collected 2832 from pot
Etisan collected 2832 from pot
*** SUMMARY ***
Total pot 5664 | No rake
Board: [5c Th 6c Ah 6d]
Seat 3: Etisan (small blind) showed [As 2s] and won 2832 with Two pairs : Aces and 6
Seat 4: bobbricol (big blind) showed [8d Ac] and won 2832 with Two pairs : Aces and 6


Winamax Poker - Tournament "SKENIGMA Freeroll B" buyIn: 0€ + 0€ level: 5 - HandId: #3229252916200079364-22-1709669679 - Holdem no limit (40/150/300) - 2024/03/05 20:14:39 UTC
Table: 'SKENIGMA Freeroll B(751869035)#03' 6-max (real money) Seat #3 is the button
Seat 1: rmlprte (54268)
Seat 2: P1xel7 (17244)
Seat 3: Etisan (24474)
Seat 4: bobbricol (12909)
*** ANTE/BLINDS ***
bobbricol posts ante 40
rmlprte posts ante 40
P1xel7 posts ante 40
Etisan posts ante 40
bobbricol posts small blind 150
rmlprte posts big blind 300
Dealt to P1xel7 [7d Kd]
*** PRE-FLOP *** 
P1xel7 folds
Etisan folds
bobbricol folds
rmlprte collected 610 from pot
*** SUMMARY ***
Total pot 610 | No rake
Seat 1: rmlprte (big blind) won 610


Winamax Poker - Tournament "SKENIGMA Freeroll B" buyIn: 0€ + 0€ level: 5 - HandId: #3229252916200079364-23-1709669687 - Holdem no limit (40/150/300) - 2024/03/05 20:14:47 UTC
Table: 'SKENIGMA Freeroll B(751869035)#03' 6-max (real money) Seat #4 is the button
Seat 1: rmlprte (54538)
Seat 2: P1xel7 (17204)
Seat 3: Etisan (24434)
Seat 4: bobbricol (12719)
*** ANTE/BLINDS ***
rmlprte posts ante 40
P1xel7 posts ante 40
Etisan posts ante 40
bobbricol posts ante 40
rmlprte posts small blind 150
P1xel7 posts big blind 300
Dealt to P1xel7 [Kd 7s]
*** PRE-FLOP *** 
Etisan folds
bobbricol calls 300
rmlprte folds
P1xel7 checks
*** FLOP *** [5s Kh Jh]
P1xel7 checks
bobbricol checks
*** TURN *** [5s Kh Jh][5h]
P1xel7 bets 592
bobbricol folds
P1xel7 collected 1502 from pot
*** SUMMARY ***
Total pot 1502 | No rake
Board: [5s Kh Jh 5h]
Seat 2: P1xel7 (big blind) won 1502


Winamax Poker - Tournament "SKENIGMA Freeroll B" buyIn: 0€ + 0€ level: 5 - HandId: #3229252916200079364-24-1709669714 - Holdem no limit (40/150/300) - 2024/03/05 20:15:14 UTC
Table: 'SKENIGMA Freeroll B(751869035)#03' 6-max (real money) Seat #1 is the button
Seat 1: rmlprte (54348)
Seat 2: P1xel7 (17774)
Seat 3: Etisan (24394)
Seat 4: bobbricol (12379)
*** ANTE/BLINDS ***
P1xel7 posts ante 40
Etisan posts ante 40
rmlprte posts ante 40
bobbricol posts ante 40
P1xel7 posts small blind 150
Etisan posts big blind 300
Dealt to P1xel7 [Jh 7s]
*** PRE-FLOP *** 
bobbricol raises 300 to 600
rmlprte folds
P1xel7 folds
Etisan folds
bobbricol collected 1210 from pot
*** SUMMARY ***
Total pot 1210 | No rake
Seat 4: bobbricol won 1210


Winamax Poker - Tournament "SKENIGMA Freeroll B" buyIn: 0€ + 0€ level: 5 - HandId: #3229252916200079364-25-1709669728 - Holdem no limit (40/150/300) - 2024/03/05 20:15:28 UTC
Table: 'SKENIGMA Freeroll B(751869035)#03' 6-max (real money) Seat #2 is the button
Seat 1: rmlprte (54308)
Seat 2: P1xel7 (17584)
Seat 3: Etisan (24054)
Seat 4: bobbricol (12949)
*** ANTE/BLINDS ***
Etisan posts ante 40
bobbricol posts ante 40
rmlprte posts ante 40
P1xel7 posts ante 40
Etisan posts small blind 150
bobbricol posts big blind 300
Dealt to P1xel7 [Tc 8s]
*** PRE-FLOP *** 
rmlprte calls 300
P1xel7 folds
Etisan folds
bobbricol checks
*** FLOP *** [Ah Kd 3h]
bobbricol checks
rmlprte bets 455
bobbricol folds
rmlprte collected 1365 from pot
*** SUMMARY ***
Total pot 1365 | No rake
Board: [Ah Kd 3h]
Seat 1: rmlprte won 1365


Winamax Poker - Tournament "SKENIGMA Freeroll B" buyIn: 0€ + 0€ level: 6 - HandId: #3229252916200079364-26-1709669768 - Holdem no limit (50/200/400) - 2024/03/05 20:16:08 UTC
Table: 'SKENIGMA Freeroll B(751869035)#03' 6-max (real money) Seat #3 is the button
Seat 1: rmlprte (54878)
Seat 2: P1xel7 (17544)
Seat 3: Etisan (23864)
Seat 4: bobbricol (12609)
*** ANTE/BLINDS ***
bobbricol posts ante 50
rmlprte posts ante 50
P1xel7 posts ante 50
Etisan posts ante 50
bobbricol posts small blind 200
rmlprte posts big blind 400
Dealt to P1xel7 [8s 3s]
*** PRE-FLOP *** 
P1xel7 folds
Etisan raises 400 to 800
bobbricol raises 400 to 1200
rmlprte calls 800
Etisan calls 400
*** FLOP *** [Js 5s 5h]
bobbricol bets 1330
rmlprte calls 1330
Etisan folds
*** TURN *** [Js 5s 5h][Qh]
bobbricol checks
rmlprte bets 3230
bobbricol folds
rmlprte collected 9690 from pot
*** SUMMARY ***
Total pot 9690 | No rake
Board: [Js 5s 5h Qh]
Seat 1: rmlprte (big blind) won 9690


Winamax Poker - Tournament "SKENIGMA Freeroll B" buyIn: 0€ + 0€ level: 6 - HandId: #3229252916200079364-27-1709669840 - Holdem no limit (50/200/400) - 2024/03/05 20:17:20 UTC
Table: 'SKENIGMA Freeroll B(751869035)#03' 6-max (real money) Seat #4 is the button
Seat 1: rmlprte (58758)
Seat 2: P1xel7 (17494)
Seat 3: Etisan (22614)
Seat 4: bobbricol (10029)
*** ANTE/BLINDS ***
rmlprte posts ante 50
P1xel7 posts ante 50
Etisan posts ante 50
bobbricol posts ante 50
rmlprte posts small blind 200
P1xel7 posts big blind 400
Dealt to P1xel7 [Ts Qh]
*** PRE-FLOP *** 
Etisan folds
bobbricol folds
rmlprte calls 200
P1xel7 checks
*** FLOP *** [Kh Qd 6s]
rmlprte bets 500
P1xel7 calls 500
*** TURN *** [Kh Qd 6s][8d]
rmlprte bets 1600
P1xel7 calls 1600
*** RIVER *** [Kh Qd 6s 8d][2h]
rmlprte bets 5200
P1xel7 calls 5200
*** SHOW DOWN ***
P1xel7 shows [Ts Qh] (One pair : Queens)
rmlprte shows [Jd Kc] (One pair : Kings)
rmlprte collected 15600 from pot
*** SUMMARY ***
Total pot 15600 | No rake
Board: [Kh Qd 6s 8d 2h]
Seat 1: rmlprte (small blind) showed [Jd Kc] and won 15600 with One pair : Kings
Seat 2: P1xel7 (big blind) showed [Ts Qh] and lost with One pair : Queens


Winamax Poker - Tournament "SKENIGMA Freeroll B" buyIn: 0€ + 0€ level: 6 - HandId: #3229252916200079361-45-1709669895 - Holdem no limit (50/200/400) - 2024/03/05 20:18:15 UTC
Table: 'SKENIGMA Freeroll B(751869035)#00' 6-max (real money) Seat #1 is the button
Seat 1: bobbricol (9979)
Seat 2: sGusssss (21603)
Seat 3: Etisan (22564)
Seat 4: Romanovitch1 (18991)
Seat 5: Julus_33 (16110)
Seat 6: P1xel7 (9744)
*** ANTE/BLINDS ***
sGusssss posts ante 50
Etisan posts ante 50
bobbricol posts ante 50
Romanovitch1 posts ante 50
Julus_33 posts ante 50
P1xel7 posts ante 50
sGusssss posts small blind 200
Etisan posts big blind 400
Dealt to P1xel7 [3h 8d]
*** PRE-FLOP *** 
Romanovitch1 raises 500 to 900
Julus_33 folds
P1xel7 folds
bobbricol raises 500 to 1400
sGusssss folds
Etisan folds
Romanovitch1 calls 500
*** FLOP *** [Ad 2d 7s]
Romanovitch1 checks
bobbricol bets 1295
Romanovitch1 folds
bobbricol collected 4995 from pot
*** SUMMARY ***
Total pot 4995 | No rake
Board: [Ad 2d 7s]
Seat 1: bobbricol (button) won 4995


Winamax Poker - Tournament "SKENIGMA Freeroll B" buyIn: 0€ + 0€ level: 6 - HandId: #3229252916200079361-46-1709669952 - Holdem no limit (50/200/400) - 2024/03/05 20:19:12 UTC
Table: 'SKENIGMA Freeroll B(751869035)#00' 6-max (real money) Seat #2 is the button
Seat 1: bobbricol (12229)
Seat 2: sGusssss (21353)
Seat 3: Etisan (22114)
Seat 4: Romanovitch1 (17541)
Seat 5: Julus_33 (16060)
Seat 6: P1xel7 (9694)
*** ANTE/BLINDS ***
Etisan posts ante 50
Romanovitch1 posts ante 50
bobbricol posts ante 50
sGusssss posts ante 50
Julus_33 posts ante 50
P1xel7 posts ante 50
Etisan posts small blind 200
Romanovitch1 posts big blind 400
Dealt to P1xel7 [6c 4c]
*** PRE-FLOP *** 
Julus_33 folds
P1xel7 folds
bobbricol calls 400
sGusssss folds
Etisan folds
Romanovitch1 checks
*** FLOP *** [7c 8s Tc]
Romanovitch1 checks
bobbricol checks
*** TURN *** [7c 8s Tc][5h]
Romanovitch1 bets 650
bobbricol calls 650
*** RIVER *** [7c 8s Tc 5h][Ad]
Romanovitch1 checks
bobbricol checks
*** SHOW DOWN ***
Romanovitch1 shows [9h Qh] (High card : Ace)
bobbricol shows [Qs Js] (High card : Ace)
bobbricol collected 2600 from pot
*** SUMMARY ***
Total pot 2600 | No rake
Board: [7c 8s Tc 5h Ad]
Seat 1: bobbricol showed [Qs Js] and won 2600 with High card : Ace
Seat 4: Romanovitch1 (big blind) showed [9h Qh] and lost with High card : Ace


Winamax Poker - Tournament "SKENIGMA Freeroll B" buyIn: 0€ + 0€ level: 6 - HandId: #3229252916200079361-47-1709670023 - Holdem no limit (50/200/400) - 2024/03/05 20:20:23 UTC
Table: 'SKENIGMA Freeroll B(751869035)#00' 6-max (real money) Seat #3 is the button
Seat 1: bobbricol (13729)
Seat 2: sGusssss (21303)
Seat 3: Etisan (21864)
Seat 4: Romanovitch1 (16441)
Seat 5: Julus_33 (16010)
Seat 6: P1xel7 (9644)
*** ANTE/BLINDS ***
Romanovitch1 posts ante 50
Julus_33 posts ante 50
bobbricol posts ante 50
sGusssss posts ante 50
Etisan posts ante 50
P1xel7 posts ante 50
Romanovitch1 posts small blind 200
Julus_33 posts big blind 400
Dealt to P1xel7 [Jd Qd]
*** PRE-FLOP *** 
P1xel7 raises 600 to 1000
bobbricol folds
sGusssss raises 600 to 1600
Etisan folds
Romanovitch1 folds
Julus_33 folds
P1xel7 calls 600
*** FLOP *** [Jc Kh Jh]
P1xel7 checks
sGusssss bets 1435
P1xel7 calls 1435
*** TURN *** [Jc Kh Jh][Kd]
P1xel7 checks
sGusssss checks
*** RIVER *** [Jc Kh Jh Kd][Ac]
P1xel7 bets 6559 and is all-in
sGusssss folds
P1xel7 collected 13529 from pot
*** SUMMARY ***
Total pot 13529 | No rake
Board: [Jc Kh Jh Kd Ac]
Seat 6: P1xel7 won 13529


Winamax Poker - Tournament "SKENIGMA Freeroll B" buyIn: 0€ + 0€ level: 6 - HandId: #3229252916200079361-48-1709670116 - Holdem no limit (50/200/400) - 2024/03/05 20:21:56 UTC
Table: 'SKENIGMA Freeroll B(751869035)#00' 6-max (real money) Seat #4 is the button
Seat 1: bobbricol (13679)
Seat 2: sGusssss (18218)
Seat 3: Etisan (21814)
Seat 4: Romanovitch1 (16191)
Seat 5: Julus_33 (15560)
Seat 6: P1xel7 (13529)
*** ANTE/BLINDS ***
Julus_33 posts ante 50
P1xel7 posts ante 50
bobbricol posts ante 50
sGusssss posts ante 50
Etisan posts ante 50
Romanovitch1 posts ante 50
Julus_33 posts small blind 200
P1xel7 posts big blind 400
Dealt to P1xel7 [2s Ac]
*** PRE-FLOP *** 
bobbricol folds
sGusssss folds
Etisan folds
Romanovitch1 folds
Julus_33 folds
P1xel7 collected 900 from pot
*** SUMMARY ***
Total pot 900 | No rake
Seat 6: P1xel7 (big blind) won 900


Winamax Poker - Tournament "SKENIGMA Freeroll B" buyIn: 0€ + 0€ level: 6 - HandId: #3229252916200079361-49-1709670147 - Holdem no limit (50/200/400) - 2024/03/05 20:22:27 UTC
Table: 'SKENIGMA Freeroll B(751869035)#00' 6-max (real money) Seat #5 is the button
Seat 1: bobbricol (13629)
Seat 2: sGusssss (18168)
Seat 3: Etisan (21764)
Seat 4: Romanovitch1 (16141)
Seat 5: Julus_33 (15310)
Seat 6: P1xel7 (13979)
*** ANTE/BLINDS ***
P1xel7 posts ante 50
bobbricol posts ante 50
sGusssss posts ante 50
Etisan posts ante 50
Romanovitch1 posts ante 50
Julus_33 posts ante 50
P1xel7 posts small blind 200
bobbricol posts big blind 400
Dealt to P1xel7 [5d 8c]
*** PRE-FLOP *** 
sGusssss folds
Etisan folds
Romanovitch1 folds
Julus_33 folds
P1xel7 folds
bobbricol collected 900 from pot
*** SUMMARY ***
Total pot 900 | No rake
Seat 1: bobbricol (big blind) won 900


Winamax Poker - Tournament "SKENIGMA Freeroll B" buyIn: 0€ + 0€ level: 6 - HandId: #3229252916200079361-50-1709670163 - Holdem no limit (50/200/400) - 2024/03/05 20:22:43 UTC
Table: 'SKENIGMA Freeroll B(751869035)#00' 6-max (real money) Seat #6 is the button
Seat 1: bobbricol (14079)
Seat 2: sGusssss (18118)
Seat 3: Etisan (21714)
Seat 4: Romanovitch1 (16091)
Seat 5: Julus_33 (15260)
Seat 6: P1xel7 (13729)
*** ANTE/BLINDS ***
bobbricol posts ante 50
sGusssss posts ante 50
Etisan posts ante 50
Romanovitch1 posts ante 50
Julus_33 posts ante 50
P1xel7 posts ante 50
bobbricol posts small blind 200
sGusssss posts big blind 400
Dealt to P1xel7 [5c 9c]
*** PRE-FLOP *** 
Etisan raises 1300 to 1700
Romanovitch1 folds
Julus_33 folds
P1xel7 folds
bobbricol folds
sGusssss folds
Etisan collected 2600 from pot
*** SUMMARY ***
Total pot 2600 | No rake
Seat 3: Etisan won 2600


Winamax Poker - Tournament "SKENIGMA Freeroll B" buyIn: 0€ + 0€ level: 6 - HandId: #3229252916200079361-51-1709670187 - Holdem no limit (50/200/400) - 2024/03/05 20:23:07 UTC
Table: 'SKENIGMA Freeroll B(751869035)#00' 6-max (real money) Seat #1 is the button
Seat 1: bobbricol (13829)
Seat 2: sGusssss (17668)
Seat 3: Etisan (22564)
Seat 4: Romanovitch1 (16041)
Seat 5: Julus_33 (15210)
Seat 6: P1xel7 (13679)
*** ANTE/BLINDS ***
sGusssss posts ante 50
Etisan posts ante 50
bobbricol posts ante 50
Romanovitch1 posts ante 50
Julus_33 posts ante 50
P1xel7 posts ante 50
sGusssss posts small blind 200
Etisan posts big blind 400
Dealt to P1xel7 [Qs Jh]
*** PRE-FLOP *** 
Romanovitch1 folds
Julus_33 folds
P1xel7 raises 600 to 1000
bobbricol folds
sGusssss calls 800
Etisan calls 600
*** FLOP *** [Tc 9s Ad]
sGusssss bets 1155
Etisan calls 1155
P1xel7 calls 1155
*** TURN *** [Tc 9s Ad][4s]
sGusssss bets 2368
Etisan folds
P1xel7 calls 2368
*** RIVER *** [Tc 9s Ad 4s][7h]
sGusssss bets 4025
P1xel7 folds
sGusssss collected 15526 from pot
*** SUMMARY ***
Total pot 15526 | No rake
Board: [Tc 9s Ad 4s 7h]
Seat 2: sGusssss (small blind) won 15526


Winamax Poker - Tournament "SKENIGMA Freeroll B" buyIn: 0€ + 0€ level: 7 - HandId: #3229252916200079361-52-1709670256 - Holdem no limit (60/250/500) - 2024/03/05 20:24:16 UTC
Table: 'SKENIGMA Freeroll B(751869035)#00' 6-max (real money) Seat #2 is the button
Seat 1: bobbricol (13779)
Seat 2: sGusssss (24596)
Seat 3: Etisan (20359)
Seat 4: Romanovitch1 (15991)
Seat 5: Julus_33 (15160)
Seat 6: P1xel7 (9106)
*** ANTE/BLINDS ***
Etisan posts ante 60
Romanovitch1 posts ante 60
bobbricol posts ante 60
sGusssss posts ante 60
Julus_33 posts ante 60
P1xel7 posts ante 60
Etisan posts small blind 250
Romanovitch1 posts big blind 500
Dealt to P1xel7 [Ks 8h]
*** PRE-FLOP *** 
Julus_33 folds
P1xel7 folds
bobbricol folds
sGusssss raises 500 to 1000
Etisan calls 750
Romanovitch1 folds
*** FLOP *** [Ts 4d Ac]
Etisan checks
sGusssss bets 1001
Etisan calls 1001
*** TURN *** [Ts 4d Ac][9s]
Etisan checks
sGusssss bets 1702
Etisan raises 1702 to 3404
sGusssss calls 1702
*** RIVER *** [Ts 4d Ac 9s][8s]
Etisan bets 2918
sGusssss raises 16213 to 19131 and is all-in
Etisan folds
sGusssss collected 33719 from pot
*** SUMMARY ***
Total pot 33719 | No rake
Board: [Ts 4d Ac 9s 8s]
Seat 2: sGusssss (button) won 33719


Winamax Poker - Tournament "SKENIGMA Freeroll B" buyIn: 0€ + 0€ level: 7 - HandId: #3229252916200079361-53-1709670331 - Holdem no limit (60/250/500) - 2024/03/05 20:25:31 UTC
Table: 'SKENIGMA Freeroll B(751869035)#00' 6-max (real money) Seat #3 is the button
Seat 1: bobbricol (13719)
Seat 2: sGusssss (33719)
Seat 3: Etisan (11976)
Seat 4: Romanovitch1 (15431)
Seat 5: Julus_33 (15100)
Seat 6: P1xel7 (9046)
*** ANTE/BLINDS ***
Romanovitch1 posts ante 60
Julus_33 posts ante 60
bobbricol posts ante 60
sGusssss posts ante 60
Etisan posts ante 60
P1xel7 posts ante 60
Romanovitch1 posts small blind 250
Julus_33 posts big blind 500
Dealt to P1xel7 [5c Td]
*** PRE-FLOP *** 
P1xel7 folds
bobbricol calls 500
sGusssss folds
Etisan folds
Romanovitch1 calls 250
Julus_33 checks
*** FLOP *** [Kh Qh Js]
Romanovitch1 checks
Julus_33 checks
bobbricol checks
*** TURN *** [Kh Qh Js][Tc]
Romanovitch1 checks
Julus_33 checks
bobbricol bets 1209
Romanovitch1 raises 1709 to 2918
Julus_33 folds
bobbricol calls 1709
*** RIVER *** [Kh Qh Js Tc][7c]
Romanovitch1 bets 4502
bobbricol raises 5739 to 10241 and is all-in
Romanovitch1 calls 5739
*** SHOW DOWN ***
bobbricol shows [3d Ad] (Straight Ace high)
Romanovitch1 shows [As 5d] (Straight Ace high)
Romanovitch1 collected 14089 from pot
bobbricol collected 14089 from pot
*** SUMMARY ***
Total pot 28178 | No rake
Board: [Kh Qh Js Tc 7c]
Seat 1: bobbricol showed [3d Ad] and won 14089 with Straight Ace high
Seat 4: Romanovitch1 (small blind) showed [As 5d] and won 14089 with Straight Ace high


Winamax Poker - Tournament "SKENIGMA Freeroll B" buyIn: 0€ + 0€ level: 7 - HandId: #3229252916200079361-54-1709670405 - Holdem no limit (60/250/500) - 2024/03/05 20:26:45 UTC
Table: 'SKENIGMA Freeroll B(751869035)#00' 6-max (real money) Seat #4 is the button
Seat 1: bobbricol (14089)
Seat 2: sGusssss (33659)
Seat 3: Etisan (11916)
Seat 4: Romanovitch1 (15801)
Seat 5: Julus_33 (14540)
Seat 6: P1xel7 (8986)
*** ANTE/BLINDS ***
Julus_33 posts ante 60
P1xel7 posts ante 60
bobbricol posts ante 60
sGusssss posts ante 60
Etisan posts ante 60
Romanovitch1 posts ante 60
Julus_33 posts small blind 250
P1xel7 posts big blind 500
Dealt to P1xel7 [8c Tc]
*** PRE-FLOP *** 
bobbricol folds
sGusssss raises 750 to 1250
Etisan raises 750 to 2000
Romanovitch1 folds
Julus_33 folds
P1xel7 calls 1500
sGusssss raises 31599 to 33599 and is all-in
Etisan folds
P1xel7 folds
sGusssss collected 38209 from pot
*** SUMMARY ***
Total pot 38209 | No rake
Seat 2: sGusssss won 38209


Winamax Poker - Tournament "SKENIGMA Freeroll B" buyIn: 0€ + 0€ level: 7 - HandId: #3229252916200079361-55-1709670466 - Holdem no limit (60/250/500) - 2024/03/05 20:27:46 UTC
Table: 'SKENIGMA Freeroll B(751869035)#00' 6-max (real money) Seat #5 is the button
Seat 1: bobbricol (14029)
Seat 2: sGusssss (38209)
Seat 3: Etisan (9856)
Seat 4: Romanovitch1 (15741)
Seat 5: Julus_33 (14230)
Seat 6: P1xel7 (6926)
*** ANTE/BLINDS ***
P1xel7 posts ante 60
bobbricol posts ante 60
sGusssss posts ante 60
Etisan posts ante 60
Romanovitch1 posts ante 60
Julus_33 posts ante 60
P1xel7 posts small blind 250
bobbricol posts big blind 500
Dealt to P1xel7 [8h 7d]
*** PRE-FLOP *** 
sGusssss folds
Etisan folds
Romanovitch1 raises 625 to 1125
Julus_33 folds
P1xel7 folds
bobbricol calls 625
*** FLOP *** [Qc Js 4c]
bobbricol checks
Romanovitch1 checks
*** TURN *** [Qc Js 4c][3s]
bobbricol checks
Romanovitch1 checks
*** RIVER *** [Qc Js 4c 3s][Qd]
bobbricol bets 2860
Romanovitch1 folds
bobbricol collected 5720 from pot
*** SUMMARY ***
Total pot 5720 | No rake
Board: [Qc Js 4c 3s Qd]
Seat 1: bobbricol (big blind) won 5720


Winamax Poker - Tournament "SKENIGMA Freeroll B" buyIn: 0€ + 0€ level: 7 - HandId: #3229252916200079361-56-1709670542 - Holdem no limit (60/250/500) - 2024/03/05 20:29:02 UTC
Table: 'SKENIGMA Freeroll B(751869035)#00' 6-max (real money) Seat #6 is the button
Seat 1: bobbricol (15704)
Seat 2: sGusssss (38149)
Seat 3: Etisan (9796)
Seat 4: Romanovitch1 (14556)
Seat 5: Julus_33 (14170)
Seat 6: P1xel7 (6616)
*** ANTE/BLINDS ***
bobbricol posts ante 60
sGusssss posts ante 60
Etisan posts ante 60
Romanovitch1 posts ante 60
Julus_33 posts ante 60
P1xel7 posts ante 60
bobbricol posts small blind 250
sGusssss posts big blind 500
Dealt to P1xel7 [8h Ah]
*** PRE-FLOP *** 
Etisan raises 500 to 1000
Romanovitch1 folds
Julus_33 folds
P1xel7 raises 5556 to 6556 and is all-in
bobbricol folds
sGusssss folds
Etisan calls 5556
*** FLOP *** [3c Ks Qc]
*** TURN *** [3c Ks Qc][8s]
*** RIVER *** [3c Ks Qc 8s][7s]
*** SHOW DOWN ***
Etisan shows [Jc 8c] (One pair : 8)
P1xel7 shows [8h Ah] (One pair : 8)
P1xel7 collected 14222 from pot
*** SUMMARY ***
Total pot 14222 | No rake
Board: [3c Ks Qc 8s 7s]
Seat 3: Etisan showed [Jc 8c] and lost with One pair : 8
Seat 6: P1xel7 (button) showed [8h Ah] and won 14222 with One pair : 8


Winamax Poker - Tournament "SKENIGMA Freeroll B" buyIn: 0€ + 0€ level: 7 - HandId: #3229252916200079361-57-1709670614 - Holdem no limit (60/250/500) - 2024/03/05 20:30:14 UTC
Table: 'SKENIGMA Freeroll B(751869035)#00' 6-max (real money) Seat #1 is the button
Seat 1: bobbricol (15394)
Seat 2: sGusssss (37589)
Seat 3: Etisan (3180)
Seat 4: Romanovitch1 (14496)
Seat 5: Julus_33 (14110)
Seat 6: P1xel7 (14222)
*** ANTE/BLINDS ***
sGusssss posts ante 60
Etisan posts ante 60
bobbricol posts ante 60
Romanovitch1 posts ante 60
Julus_33 posts ante 60
P1xel7 posts ante 60
sGusssss posts small blind 250
Etisan posts big blind 500
Dealt to P1xel7 [Kh 4c]
*** PRE-FLOP *** 
Romanovitch1 raises 625 to 1125
Julus_33 folds
P1xel7 folds
bobbricol calls 1125
sGusssss raises 625 to 1750
Etisan folds
Romanovitch1 raises 12686 to 14436 and is all-in
bobbricol folds
sGusssss folds
Romanovitch1 collected 18171 from pot
*** SUMMARY ***
Total pot 18171 | No rake
Seat 4: Romanovitch1 won 18171


Winamax Poker - Tournament "SKENIGMA Freeroll B" buyIn: 0€ + 0€ level: 7 - HandId: #3229252916200079361-58-1709670666 - Holdem no limit (60/250/500) - 2024/03/05 20:31:06 UTC
Table: 'SKENIGMA Freeroll B(751869035)#00' 6-max (real money) Seat #2 is the button
Seat 1: bobbricol (14209)
Seat 2: sGusssss (35779)
Seat 3: Etisan (2620)
Seat 4: Romanovitch1 (18171)
Seat 5: Julus_33 (14050)
Seat 6: P1xel7 (14162)
*** ANTE/BLINDS ***
Etisan posts ante 60
Romanovitch1 posts ante 60
bobbricol posts ante 60
sGusssss posts ante 60
Julus_33 posts ante 60
P1xel7 posts ante 60
Etisan posts small blind 250
Romanovitch1 posts big blind 500
Dealt to P1xel7 [4h 9d]
*** PRE-FLOP *** 
Julus_33 folds
P1xel7 folds
bobbricol raises 500 to 1000
sGusssss calls 1000
Etisan folds
Romanovitch1 calls 500
*** FLOP *** [Tc 2h Qs]
Romanovitch1 checks
bobbricol checks
sGusssss checks
*** TURN *** [Tc 2h Qs][7c]
Romanovitch1 checks
bobbricol checks
sGusssss checks
*** RIVER *** [Tc 2h Qs 7c][Jh]
Romanovitch1 bets 1191
bobbricol folds
sGusssss folds
Romanovitch1 collected 4801 from pot
*** SUMMARY ***
Total pot 4801 | No rake
Board: [Tc 2h Qs 7c Jh]
Seat 4: Romanovitch1 (big blind) won 4801


Winamax Poker - Tournament "SKENIGMA Freeroll B" buyIn: 0€ + 0€ level: 8 - HandId: #3229252916200079361-59-1709670753 - Holdem no limit (80/300/600) - 2024/03/05 20:32:33 UTC
Table: 'SKENIGMA Freeroll B(751869035)#00' 6-max (real money) Seat #3 is the button
Seat 1: bobbricol (13149)
Seat 2: sGusssss (34719)
Seat 3: Etisan (2310)
Seat 4: Romanovitch1 (20721)
Seat 5: Julus_33 (13990)
Seat 6: P1xel7 (14102)
*** ANTE/BLINDS ***
Romanovitch1 posts ante 80
Julus_33 posts ante 80
bobbricol posts ante 80
sGusssss posts ante 80
Etisan posts ante 80
P1xel7 posts ante 80
Romanovitch1 posts small blind 300
Julus_33 posts big blind 600
Dealt to P1xel7 [Ts 6c]
*** PRE-FLOP *** 
P1xel7 folds
bobbricol folds
sGusssss raises 900 to 1500
Etisan folds
Romanovitch1 folds
Julus_33 folds
sGusssss collected 2880 from pot
*** SUMMARY ***
Total pot 2880 | No rake
Seat 2: sGusssss won 2880


Winamax Poker - Tournament "SKENIGMA Freeroll B" buyIn: 0€ + 0€ level: 8 - HandId: #3229252916200079361-60-1709670782 - Holdem no limit (80/300/600) - 2024/03/05 20:33:02 UTC
Table: 'SKENIGMA Freeroll B(751869035)#00' 6-max (real money) Seat #4 is the button
Seat 1: bobbricol (13069)
Seat 2: sGusssss (36019)
Seat 3: Etisan (2230)
Seat 4: Romanovitch1 (20341)
Seat 5: Julus_33 (13310)
Seat 6: P1xel7 (14022)
*** ANTE/BLINDS ***
Julus_33 posts ante 80
P1xel7 posts ante 80
bobbricol posts ante 80
sGusssss posts ante 80
Etisan posts ante 80
Romanovitch1 posts ante 80
Julus_33 posts small blind 300
P1xel7 posts big blind 600
Dealt to P1xel7 [4h Qs]
*** PRE-FLOP *** 
bobbricol calls 600
sGusssss folds
Etisan folds
Romanovitch1 calls 600
Julus_33 folds
P1xel7 checks
*** FLOP *** [7c 3s 5h]
P1xel7 checks
bobbricol checks
Romanovitch1 bets 851
P1xel7 calls 851
bobbricol folds
*** TURN *** [7c 3s 5h][6s]
P1xel7 checks
Romanovitch1 bets 1413
P1xel7 calls 1413
*** RIVER *** [7c 3s 5h 6s][8c]
P1xel7 bets 4620
Romanovitch1 folds
P1xel7 collected 11728 from pot
*** SUMMARY ***
Total pot 11728 | No rake
Board: [7c 3s 5h 6s 8c]
Seat 6: P1xel7 (big blind) won 11728


Winamax Poker - Tournament "SKENIGMA Freeroll B" buyIn: 0€ + 0€ level: 8 - HandId: #3229252916200079361-61-1709670864 - Holdem no limit (80/300/600) - 2024/03/05 20:34:24 UTC
Table: 'SKENIGMA Freeroll B(751869035)#00' 6-max (real money) Seat #5 is the button
Seat 1: bobbricol (12389)
Seat 2: sGusssss (35939)
Seat 3: Etisan (2150)
Seat 4: Romanovitch1 (17397)
Seat 5: Julus_33 (12930)
Seat 6: P1xel7 (18186)
*** ANTE/BLINDS ***
P1xel7 posts ante 80
bobbricol posts ante 80
sGusssss posts ante 80
Etisan posts ante 80
Romanovitch1 posts ante 80
Julus_33 posts ante 80
P1xel7 posts small blind 300
bobbricol posts big blind 600
Dealt to P1xel7 [4s 2c]
*** PRE-FLOP *** 
sGusssss folds
Etisan raises 1470 to 2070 and is all-in
Romanovitch1 folds
Julus_33 folds
P1xel7 folds
bobbricol calls 1470
*** FLOP *** [Ks 5h Qc]
*** TURN *** [Ks 5h Qc][4c]
*** RIVER *** [Ks 5h Qc 4c][7h]
*** SHOW DOWN ***
Etisan shows [Js 9h] (High card : King)
bobbricol shows [Ac 7d] (One pair : 7)
bobbricol collected 4920 from pot
*** SUMMARY ***
Total pot 4920 | No rake
Board: [Ks 5h Qc 4c 7h]
Seat 1: bobbricol (big blind) showed [Ac 7d] and won 4920 with One pair : 7
Seat 3: Etisan showed [Js 9h] and lost with High card : King


Winamax Poker - Tournament "SKENIGMA Freeroll B" buyIn: 0€ + 0€ level: 8 - HandId: #3229252916200079361-62-1709670896 - Holdem no limit (80/300/600) - 2024/03/05 20:34:56 UTC
Table: 'SKENIGMA Freeroll B(751869035)#00' 6-max (real money) Seat #6 is the button
Seat 1: bobbricol (15159)
Seat 2: sGusssss (35859)
Seat 4: Romanovitch1 (17317)
Seat 5: Julus_33 (12850)
Seat 6: P1xel7 (17806)
*** ANTE/BLINDS ***
bobbricol posts ante 80
sGusssss posts ante 80
Romanovitch1 posts ante 80
Julus_33 posts ante 80
P1xel7 posts ante 80
bobbricol posts small blind 300
sGusssss posts big blind 600
Dealt to P1xel7 [As 3s]
*** PRE-FLOP *** 
Romanovitch1 folds
Julus_33 folds
P1xel7 raises 900 to 1500
bobbricol folds
sGusssss calls 900
*** FLOP *** [6d 2h 8d]
sGusssss checks
P1xel7 checks
*** TURN *** [6d 2h 8d][9c]
sGusssss checks
P1xel7 checks
*** RIVER *** [6d 2h 8d 9c][Qd]
sGusssss bets 1295
P1xel7 calls 1295
*** SHOW DOWN ***
sGusssss shows [3c 5s] (High card : Queen)
P1xel7 shows [As 3s] (High card : Ace)
P1xel7 collected 6290 from pot
*** SUMMARY ***
Total pot 6290 | No rake
Board: [6d 2h 8d 9c Qd]
Seat 2: sGusssss (big blind) showed [3c 5s] and lost with High card : Queen
Seat 6: P1xel7 (button) showed [As 3s] and won 6290 with High card : Ace


Winamax Poker - Tournament "SKENIGMA Freeroll B" buyIn: 0€ + 0€ level: 8 - HandId: #3229252916200079361-63-1709670945 - Holdem no limit (80/300/600) - 2024/03/05 20:35:45 UTC
Table: 'SKENIGMA Freeroll B(751869035)#00' 6-max (real money) Seat #1 is the button
Seat 1: bobbricol (14779)
Seat 2: sGusssss (32984)
Seat 4: Romanovitch1 (17237)
Seat 5: Julus_33 (12770)
Seat 6: P1xel7 (21221)
*** ANTE/BLINDS ***
sGusssss posts ante 80
Romanovitch1 posts ante 80
bobbricol posts ante 80
Julus_33 posts ante 80
P1xel7 posts ante 80
sGusssss posts small blind 300
Romanovitch1 posts big blind 600
Dealt to P1xel7 [Ad Qc]
*** PRE-FLOP *** 
Julus_33 folds
P1xel7 raises 1200 to 1800
bobbricol folds
sGusssss folds
Romanovitch1 folds
P1xel7 collected 3100 from pot
*** SUMMARY ***
Total pot 3100 | No rake
Seat 6: P1xel7 won 3100


Winamax Poker - Tournament "SKENIGMA Freeroll B" buyIn: 0€ + 0€ level: 8 - HandId: #3229252916200079361-64-1709670981 - Holdem no limit (80/300/600) - 2024/03/05 20:36:21 UTC
Table: 'SKENIGMA Freeroll B(751869035)#00' 6-max (real money) Seat #2 is the button
Seat 1: bobbricol (14699)
Seat 2: sGusssss (32604)
Seat 4: Romanovitch1 (16557)
Seat 5: Julus_33 (12690)
Seat 6: P1xel7 (22441)
*** ANTE/BLINDS ***
Romanovitch1 posts ante 80
Julus_33 posts ante 80
bobbricol posts ante 80
sGusssss posts ante 80
P1xel7 posts ante 80
Romanovitch1 posts small blind 300
Julus_33 posts big blind 600
Dealt to P1xel7 [6s 5d]
*** PRE-FLOP *** 
P1xel7 folds
bobbricol folds
sGusssss raises 600 to 1200
Romanovitch1 calls 900
Julus_33 folds
*** FLOP *** [Kh Qh 2c]
Romanovitch1 checks
sGusssss bets 1190
Romanovitch1 calls 1190
*** TURN *** [Kh Qh 2c][4c]
Romanovitch1 checks
sGusssss checks
*** RIVER *** [Kh Qh 2c 4c][3d]
Romanovitch1 bets 1907
sGusssss calls 1907
*** SHOW DOWN ***
Romanovitch1 shows [Qc 9c] (One pair : Queens)
sGusssss shows [Kc 9s] (One pair : Kings)
sGusssss collected 9594 from pot
*** SUMMARY ***
Total pot 9594 | No rake
Board: [Kh Qh 2c 4c 3d]
Seat 2: sGusssss (button) showed [Kc 9s] and won 9594 with One pair : Kings
Seat 4: Romanovitch1 (small blind) showed [Qc 9c] and lost with One pair : Queens


Winamax Poker - Tournament "SKENIGMA Freeroll B" buyIn: 0€ + 0€ level: 8 - HandId: #3229252916200079361-65-1709671091 - Holdem no limit (80/300/600) - 2024/03/05 20:38:11 UTC
Table: 'SKENIGMA Freeroll B(751869035)#00' 6-max (real money) Seat #4 is the button
Seat 1: bobbricol (14619)
Seat 2: sGusssss (37821)
Seat 4: Romanovitch1 (12180)
Seat 5: Julus_33 (12010)
Seat 6: P1xel7 (22361)
*** ANTE/BLINDS ***
Julus_33 posts ante 80
P1xel7 posts ante 80
bobbricol posts ante 80
sGusssss posts ante 80
Romanovitch1 posts ante 80
Julus_33 posts small blind 300
P1xel7 posts big blind 600
Dealt to P1xel7 [Ts Qc]
*** PRE-FLOP *** 
bobbricol folds
sGusssss folds
Romanovitch1 raises 600 to 1200
Julus_33 folds
P1xel7 calls 600
*** FLOP *** [2s 9d Kd]
P1xel7 checks
Romanovitch1 bets 1023
P1xel7 calls 1023
*** TURN *** [2s 9d Kd][2h]
P1xel7 checks
Romanovitch1 checks
*** RIVER *** [2s 9d Kd 2h][Kc]
P1xel7 bets 3345
Romanovitch1 folds
P1xel7 collected 8491 from pot
*** SUMMARY ***
Total pot 8491 | No rake
Board: [2s 9d Kd 2h Kc]
Seat 6: P1xel7 (big blind) won 8491


Winamax Poker - Tournament "SKENIGMA Freeroll B" buyIn: 0€ + 0€ level: 8 - HandId: #3229252916200079361-66-1709671155 - Holdem no limit (80/300/600) - 2024/03/05 20:39:15 UTC
Table: 'SKENIGMA Freeroll B(751869035)#00' 6-max (real money) Seat #5 is the button
Seat 1: bobbricol (14539)
Seat 2: sGusssss (37741)
Seat 4: Romanovitch1 (9877)
Seat 5: Julus_33 (11630)
Seat 6: P1xel7 (25204)
*** ANTE/BLINDS ***
P1xel7 posts ante 80
bobbricol posts ante 80
sGusssss posts ante 80
Romanovitch1 posts ante 80
Julus_33 posts ante 80
P1xel7 posts small blind 300
bobbricol posts big blind 600
Dealt to P1xel7 [5h 8h]
*** PRE-FLOP *** 
sGusssss raises 600 to 1200
Romanovitch1 folds
Julus_33 folds
P1xel7 folds
bobbricol folds
sGusssss collected 2500 from pot
*** SUMMARY ***
Total pot 2500 | No rake
Seat 2: sGusssss won 2500


Winamax Poker - Tournament "SKENIGMA Freeroll B" buyIn: 0€ + 0€ level: 8 - HandId: #3229252916200079361-67-1709671184 - Holdem no limit (80/300/600) - 2024/03/05 20:39:44 UTC
Table: 'SKENIGMA Freeroll B(751869035)#00' 6-max (real money) Seat #6 is the button
Seat 1: bobbricol (13859)
Seat 2: sGusssss (38961)
Seat 4: Romanovitch1 (9797)
Seat 5: Julus_33 (11550)
Seat 6: P1xel7 (24824)
*** ANTE/BLINDS ***
bobbricol posts ante 80
sGusssss posts ante 80
Romanovitch1 posts ante 80
Julus_33 posts ante 80
P1xel7 posts ante 80
bobbricol posts small blind 300
sGusssss posts big blind 600
Dealt to P1xel7 [Ks 3d]
*** PRE-FLOP *** 
Romanovitch1 folds
Julus_33 folds
P1xel7 folds
bobbricol calls 300
sGusssss checks
*** FLOP *** [4s 6s 2s]
bobbricol bets 600
sGusssss calls 600
*** TURN *** [4s 6s 2s][5s]
bobbricol bets 980
sGusssss calls 980
*** RIVER *** [4s 6s 2s 5s][Ad]
bobbricol bets 3094
sGusssss calls 3094
*** SHOW DOWN ***
sGusssss shows [7s 5c] (Flush 7 high)
bobbricol shows [Kc Js] (Flush Jack high)
bobbricol collected 10948 from pot
*** SUMMARY ***
Total pot 10948 | No rake
Board: [4s 6s 2s 5s Ad]
Seat 1: bobbricol (small blind) showed [Kc Js] and won 10948 with Flush Jack high
Seat 2: sGusssss (big blind) showed [7s 5c] and lost with Flush 7 high


Winamax Poker - Tournament "SKENIGMA Freeroll B" buyIn: 0€ + 0€ level: 9 - HandId: #3229252916200079361-68-1709671211 - Holdem no limit (100/400/800) - 2024/03/05 20:40:11 UTC
Table: 'SKENIGMA Freeroll B(751869035)#00' 6-max (real money) Seat #1 is the button
Seat 1: bobbricol (19453)
Seat 2: sGusssss (33607)
Seat 4: Romanovitch1 (9717)
Seat 5: Julus_33 (11470)
Seat 6: P1xel7 (24744)
*** ANTE/BLINDS ***
sGusssss posts ante 100
Romanovitch1 posts ante 100
bobbricol posts ante 100
Julus_33 posts ante 100
P1xel7 posts ante 100
sGusssss posts small blind 400
Romanovitch1 posts big blind 800
Dealt to P1xel7 [5d 7d]
*** PRE-FLOP *** 
Julus_33 folds
P1xel7 folds
bobbricol folds
sGusssss folds
Romanovitch1 collected 1700 from pot
*** SUMMARY ***
Total pot 1700 | No rake
Seat 4: Romanovitch1 (big blind) won 1700


Winamax Poker - Tournament "SKENIGMA Freeroll B" buyIn: 0€ + 0€ level: 9 - HandId: #3229252916200079361-69-1709671237 - Holdem no limit (100/400/800) - 2024/03/05 20:40:37 UTC
Table: 'SKENIGMA Freeroll B(751869035)#00' 6-max (real money) Seat #2 is the button
Seat 1: bobbricol (19353)
Seat 2: sGusssss (33107)
Seat 4: Romanovitch1 (10517)
Seat 5: Julus_33 (11370)
Seat 6: P1xel7 (24644)
*** ANTE/BLINDS ***
Romanovitch1 posts ante 100
Julus_33 posts ante 100
bobbricol posts ante 100
sGusssss posts ante 100
P1xel7 posts ante 100
Romanovitch1 posts small blind 400
Julus_33 posts big blind 800
Dealt to P1xel7 [Jh 3c]
*** PRE-FLOP *** 
P1xel7 folds
bobbricol folds
sGusssss folds
Romanovitch1 raises 800 to 1600
Julus_33 folds
Romanovitch1 collected 2900 from pot
*** SUMMARY ***
Total pot 2900 | No rake
Seat 4: Romanovitch1 (small blind) won 2900


Winamax Poker - Tournament "SKENIGMA Freeroll B" buyIn: 0€ + 0€ level: 9 - HandId: #3229252916200079361-70-1709671264 - Holdem no limit (100/400/800) - 2024/03/05 20:41:04 UTC
Table: 'SKENIGMA Freeroll B(751869035)#00' 6-max (real money) Seat #4 is the button
Seat 1: bobbricol (19253)
Seat 2: sGusssss (33007)
Seat 4: Romanovitch1 (11717)
Seat 5: Julus_33 (10470)
Seat 6: P1xel7 (24544)
*** ANTE/BLINDS ***
Julus_33 posts ante 100
P1xel7 posts ante 100
bobbricol posts ante 100
sGusssss posts ante 100
Romanovitch1 posts ante 100
Julus_33 posts small blind 400
P1xel7 posts big blind 800
Dealt to P1xel7 [7h 2c]
*** PRE-FLOP *** 
bobbricol folds
sGusssss raises 800 to 1600
Romanovitch1 folds
Julus_33 folds
P1xel7 folds
sGusssss collected 3300 from pot
*** SUMMARY ***
Total pot 3300 | No rake
Seat 2: sGusssss won 3300


Winamax Poker - Tournament "SKENIGMA Freeroll B" buyIn: 0€ + 0€ level: 9 - HandId: #3229252916200079361-71-1709671290 - Holdem no limit (100/400/800) - 2024/03/05 20:41:30 UTC
Table: 'SKENIGMA Freeroll B(751869035)#00' 6-max (real money) Seat #5 is the button
Seat 1: bobbricol (19153)
Seat 2: sGusssss (34607)
Seat 4: Romanovitch1 (11617)
Seat 5: Julus_33 (9970)
Seat 6: P1xel7 (23644)
*** ANTE/BLINDS ***
P1xel7 posts ante 100
bobbricol posts ante 100
sGusssss posts ante 100
Romanovitch1 posts ante 100
Julus_33 posts ante 100
P1xel7 posts small blind 400
bobbricol posts big blind 800
Dealt to P1xel7 [6s 4c]
*** PRE-FLOP *** 
sGusssss raises 800 to 1600
Romanovitch1 folds
Julus_33 folds
P1xel7 folds
bobbricol folds
sGusssss collected 3300 from pot
*** SUMMARY ***
Total pot 3300 | No rake
Seat 2: sGusssss won 3300


Winamax Poker - Tournament "SKENIGMA Freeroll B" buyIn: 0€ + 0€ level: 9 - HandId: #3229252916200079361-72-1709671309 - Holdem no limit (100/400/800) - 2024/03/05 20:41:49 UTC
Table: 'SKENIGMA Freeroll B(751869035)#00' 6-max (real money) Seat #6 is the button
Seat 1: bobbricol (18253)
Seat 2: sGusssss (36207)
Seat 4: Romanovitch1 (11517)
Seat 5: Julus_33 (9870)
Seat 6: P1xel7 (23144)
*** ANTE/BLINDS ***
bobbricol posts ante 100
sGusssss posts ante 100
Romanovitch1 posts ante 100
Julus_33 posts ante 100
P1xel7 posts ante 100
bobbricol posts small blind 400
sGusssss posts big blind 800
Dealt to P1xel7 [Kc Js]
*** PRE-FLOP *** 
Romanovitch1 folds
Julus_33 folds
P1xel7 raises 1200 to 2000
bobbricol calls 1600
sGusssss folds
*** FLOP *** [3s 2h Qs]
bobbricol bets 800
P1xel7 calls 800
*** TURN *** [3s 2h Qs][4c]
bobbricol checks
P1xel7 bets 2415
bobbricol folds
P1xel7 collected 9315 from pot
*** SUMMARY ***
Total pot 9315 | No rake
Board: [3s 2h Qs 4c]
Seat 6: P1xel7 (button) won 9315


Winamax Poker - Tournament "SKENIGMA Freeroll B" buyIn: 0€ + 0€ level: 9 - HandId: #3229252916200079361-73-1709671340 - Holdem no limit (100/400/800) - 2024/03/05 20:42:20 UTC
Table: 'SKENIGMA Freeroll B(751869035)#00' 6-max (real money) Seat #1 is the button
Seat 1: bobbricol (15353)
Seat 2: sGusssss (35307)
Seat 4: Romanovitch1 (11417)
Seat 5: Julus_33 (9770)
Seat 6: P1xel7 (27144)
*** ANTE/BLINDS ***
sGusssss posts ante 100
Romanovitch1 posts ante 100
bobbricol posts ante 100
Julus_33 posts ante 100
P1xel7 posts ante 100
sGusssss posts small blind 400
Romanovitch1 posts big blind 800
Dealt to P1xel7 [Kd 3s]
*** PRE-FLOP *** 
Julus_33 folds
P1xel7 folds
bobbricol raises 800 to 1600
sGusssss folds
Romanovitch1 calls 800
*** FLOP *** [2s Ts Jc]
Romanovitch1 checks
bobbricol bets 1435
Romanovitch1 folds
bobbricol collected 5535 from pot
*** SUMMARY ***
Total pot 5535 | No rake
Board: [2s Ts Jc]
Seat 1: bobbricol (button) won 5535


Winamax Poker - Tournament "SKENIGMA Freeroll B" buyIn: 0€ + 0€ level: 9 - HandId: #3229252916200079361-74-1709671376 - Holdem no limit (100/400/800) - 2024/03/05 20:42:56 UTC
Table: 'SKENIGMA Freeroll B(751869035)#00' 6-max (real money) Seat #2 is the button
Seat 1: bobbricol (17753)
Seat 2: sGusssss (34807)
Seat 4: Romanovitch1 (9717)
Seat 5: Julus_33 (9670)
Seat 6: P1xel7 (27044)
*** ANTE/BLINDS ***
Romanovitch1 posts ante 100
Julus_33 posts ante 100
bobbricol posts ante 100
sGusssss posts ante 100
P1xel7 posts ante 100
Romanovitch1 posts small blind 400
Julus_33 posts big blind 800
Dealt to P1xel7 [3c Js]
*** PRE-FLOP *** 
P1xel7 folds
bobbricol folds
sGusssss raises 800 to 1600
Romanovitch1 folds
Julus_33 folds
sGusssss collected 3300 from pot
*** SUMMARY ***
Total pot 3300 | No rake
Seat 2: sGusssss (button) won 3300


Winamax Poker - Tournament "SKENIGMA Freeroll B" buyIn: 0€ + 0€ level: 9 - HandId: #3229252916200079361-75-1709671411 - Holdem no limit (100/400/800) - 2024/03/05 20:43:31 UTC
Table: 'SKENIGMA Freeroll B(751869035)#00' 6-max (real money) Seat #4 is the button
Seat 1: bobbricol (17653)
Seat 2: sGusssss (36407)
Seat 4: Romanovitch1 (9217)
Seat 5: Julus_33 (8770)
Seat 6: P1xel7 (26944)
*** ANTE/BLINDS ***
Julus_33 posts ante 100
P1xel7 posts ante 100
bobbricol posts ante 100
sGusssss posts ante 100
Romanovitch1 posts ante 100
Julus_33 posts small blind 400
P1xel7 posts big blind 800
Dealt to P1xel7 [Tc 5h]
*** PRE-FLOP *** 
bobbricol folds
sGusssss folds
Romanovitch1 raises 800 to 1600
Julus_33 folds
P1xel7 folds
Romanovitch1 collected 3300 from pot
*** SUMMARY ***
Total pot 3300 | No rake
Seat 4: Romanovitch1 (button) won 3300


Winamax Poker - Tournament "SKENIGMA Freeroll B" buyIn: 0€ + 0€ level: 9 - HandId: #3229252916200079361-76-1709671427 - Holdem no limit (100/400/800) - 2024/03/05 20:43:47 UTC
Table: 'SKENIGMA Freeroll B(751869035)#00' 6-max (real money) Seat #5 is the button
Seat 1: bobbricol (17553)
Seat 2: sGusssss (36307)
Seat 4: Romanovitch1 (10817)
Seat 5: Julus_33 (8270)
Seat 6: P1xel7 (26044)
*** ANTE/BLINDS ***
P1xel7 posts ante 100
bobbricol posts ante 100
sGusssss posts ante 100
Romanovitch1 posts ante 100
Julus_33 posts ante 100
P1xel7 posts small blind 400
bobbricol posts big blind 800
Dealt to P1xel7 [Qs 2c]
*** PRE-FLOP *** 
sGusssss folds
Romanovitch1 folds
Julus_33 folds
P1xel7 raises 1200 to 2000
bobbricol folds
P1xel7 collected 3300 from pot
*** SUMMARY ***
Total pot 3300 | No rake
Seat 6: P1xel7 (small blind) won 3300


Winamax Poker - Tournament "SKENIGMA Freeroll B" buyIn: 0€ + 0€ level: 9 - HandId: #3229252916200079361-77-1709671461 - Holdem no limit (100/400/800) - 2024/03/05 20:44:21 UTC
Table: 'SKENIGMA Freeroll B(751869035)#00' 6-max (real money) Seat #6 is the button
Seat 1: bobbricol (16653)
Seat 2: sGusssss (36207)
Seat 4: Romanovitch1 (10717)
Seat 5: Julus_33 (8170)
Seat 6: P1xel7 (27244)
*** ANTE/BLINDS ***
bobbricol posts ante 100
sGusssss posts ante 100
Romanovitch1 posts ante 100
Julus_33 posts ante 100
P1xel7 posts ante 100
bobbricol posts small blind 400
sGusssss posts big blind 800
Dealt to P1xel7 [Ac Kc]
*** PRE-FLOP *** 
Romanovitch1 folds
Julus_33 folds
P1xel7 raises 1200 to 2000
bobbricol folds
sGusssss calls 1200
*** FLOP *** [7h Kd 9c]
sGusssss bets 1715
P1xel7 raises 3308 to 5023
sGusssss folds
P1xel7 collected 11638 from pot
*** SUMMARY ***
Total pot 11638 | No rake
Board: [7h Kd 9c]
Seat 6: P1xel7 (button) won 11638


Winamax Poker - Tournament "SKENIGMA Freeroll B" buyIn: 0€ + 0€ level: 9 - HandId: #3229252916200079361-78-1709671527 - Holdem no limit (100/400/800) - 2024/03/05 20:45:27 UTC
Table: 'SKENIGMA Freeroll B(751869035)#00' 6-max (real money) Seat #1 is the button
Seat 1: bobbricol (16153)
Seat 2: sGusssss (32392)
Seat 4: Romanovitch1 (10617)
Seat 5: Julus_33 (8070)
Seat 6: P1xel7 (31759)
*** ANTE/BLINDS ***
sGusssss posts ante 100
Romanovitch1 posts ante 100
bobbricol posts ante 100
Julus_33 posts ante 100
P1xel7 posts ante 100
sGusssss posts small blind 400
Romanovitch1 posts big blind 800
Dealt to P1xel7 [Js 6d]
*** PRE-FLOP *** 
Julus_33 folds
P1xel7 folds
bobbricol folds
sGusssss folds
Romanovitch1 collected 1700 from pot
*** SUMMARY ***
Total pot 1700 | No rake
Seat 4: Romanovitch1 (big blind) won 1700


Winamax Poker - Tournament "SKENIGMA Freeroll B" buyIn: 0€ + 0€ level: 9 - HandId: #3229252916200079361-79-1709671534 - Holdem no limit (100/400/800) - 2024/03/05 20:45:34 UTC
Table: 'SKENIGMA Freeroll B(751869035)#00' 6-max (real money) Seat #2 is the button
Seat 1: bobbricol (16053)
Seat 2: sGusssss (31892)
Seat 4: Romanovitch1 (11417)
Seat 5: Julus_33 (7970)
Seat 6: P1xel7 (31659)
*** ANTE/BLINDS ***
Romanovitch1 posts ante 100
Julus_33 posts ante 100
bobbricol posts ante 100
sGusssss posts ante 100
P1xel7 posts ante 100
Romanovitch1 posts small blind 400
Julus_33 posts big blind 800
Dealt to P1xel7 [Td Ts]
*** PRE-FLOP *** 
P1xel7 raises 1200 to 2000
bobbricol folds
sGusssss folds
Romanovitch1 folds
Julus_33 folds
P1xel7 collected 3700 from pot
*** SUMMARY ***
Total pot 3700 | No rake
Seat 6: P1xel7 won 3700


Winamax Poker - Tournament "SKENIGMA Freeroll B" buyIn: 0€ + 0€ level: 9 - HandId: #3229252916200079361-80-1709671587 - Holdem no limit (100/400/800) - 2024/03/05 20:46:27 UTC
Table: 'SKENIGMA Freeroll B(751869035)#00' 6-max (real money) Seat #4 is the button
Seat 1: bobbricol (15953)
Seat 2: sGusssss (31792)
Seat 4: Romanovitch1 (10917)
Seat 5: Julus_33 (7070)
Seat 6: P1xel7 (33259)
*** ANTE/BLINDS ***
Julus_33 posts ante 100
P1xel7 posts ante 100
bobbricol posts ante 100
sGusssss posts ante 100
Romanovitch1 posts ante 100
Julus_33 posts small blind 400
P1xel7 posts big blind 800
Dealt to P1xel7 [8h 4h]
*** PRE-FLOP *** 
bobbricol raises 800 to 1600
sGusssss folds
Romanovitch1 folds
Julus_33 folds
P1xel7 calls 800
*** FLOP *** [6c Ks Jc]
P1xel7 checks
bobbricol bets 1435
P1xel7 calls 1435
*** TURN *** [6c Ks Jc][Th]
P1xel7 checks
bobbricol bets 2440
P1xel7 folds
bobbricol collected 9410 from pot
*** SUMMARY ***
Total pot 9410 | No rake
Board: [6c Ks Jc Th]
Seat 1: bobbricol won 9410


Winamax Poker - Tournament "SKENIGMA Freeroll B" buyIn: 0€ + 0€ level: 9 - HandId: #3229252916200079361-81-1709671641 - Holdem no limit (100/400/800) - 2024/03/05 20:47:21 UTC
Table: 'SKENIGMA Freeroll B(751869035)#00' 6-max (real money) Seat #5 is the button
Seat 1: bobbricol (19788)
Seat 2: sGusssss (31692)
Seat 4: Romanovitch1 (10817)
Seat 5: Julus_33 (6570)
Seat 6: P1xel7 (30124)
*** ANTE/BLINDS ***
P1xel7 posts ante 100
bobbricol posts ante 100
sGusssss posts ante 100
Romanovitch1 posts ante 100
Julus_33 posts ante 100
P1xel7 posts small blind 400
bobbricol posts big blind 800
Dealt to P1xel7 [Kc Qd]
*** PRE-FLOP *** 
sGusssss folds
Romanovitch1 folds
Julus_33 folds
P1xel7 raises 1600 to 2400
bobbricol folds
P1xel7 collected 3700 from pot
*** SUMMARY ***
Total pot 3700 | No rake
Seat 6: P1xel7 (small blind) won 3700


Winamax Poker - Tournament "SKENIGMA Freeroll B" buyIn: 0€ + 0€ level: 9 - HandId: #3229252916200079361-82-1709671664 - Holdem no limit (100/400/800) - 2024/03/05 20:47:44 UTC
Table: 'SKENIGMA Freeroll B(751869035)#00' 6-max (real money) Seat #6 is the button
Seat 1: bobbricol (18888)
Seat 2: sGusssss (31592)
Seat 4: Romanovitch1 (10717)
Seat 5: Julus_33 (6470)
Seat 6: P1xel7 (31324)
*** ANTE/BLINDS ***
bobbricol posts ante 100
sGusssss posts ante 100
Romanovitch1 posts ante 100
Julus_33 posts ante 100
P1xel7 posts ante 100
bobbricol posts small blind 400
sGusssss posts big blind 800
Dealt to P1xel7 [6s Th]
*** PRE-FLOP *** 
Romanovitch1 folds
Julus_33 folds
P1xel7 folds
bobbricol raises 800 to 1600
sGusssss folds
bobbricol collected 2900 from pot
*** SUMMARY ***
Total pot 2900 | No rake
Seat 1: bobbricol (small blind) won 2900


Winamax Poker - Tournament "SKENIGMA Freeroll B" buyIn: 0€ + 0€ level: 10 - HandId: #3229252916200079361-83-1709671706 - Holdem no limit (120/500/1000) - 2024/03/05 20:48:26 UTC
Table: 'SKENIGMA Freeroll B(751869035)#00' 6-max (real money) Seat #1 is the button
Seat 1: bobbricol (20088)
Seat 2: sGusssss (30692)
Seat 4: Romanovitch1 (10617)
Seat 5: Julus_33 (6370)
Seat 6: P1xel7 (31224)
*** ANTE/BLINDS ***
sGusssss posts ante 120
Romanovitch1 posts ante 120
bobbricol posts ante 120
Julus_33 posts ante 120
P1xel7 posts ante 120
sGusssss posts small blind 500
Romanovitch1 posts big blind 1000
Dealt to P1xel7 [As 9h]
*** PRE-FLOP *** 
Julus_33 folds
P1xel7 raises 2000 to 3000
bobbricol calls 3000
sGusssss folds
Romanovitch1 folds
*** FLOP *** [4c 8h 6h]
P1xel7 bets 5265
bobbricol folds
P1xel7 collected 13365 from pot
*** SUMMARY ***
Total pot 13365 | No rake
Board: [4c 8h 6h]
Seat 6: P1xel7 won 13365


Winamax Poker - Tournament "SKENIGMA Freeroll B" buyIn: 0€ + 0€ level: 10 - HandId: #3229252916200079361-84-1709671750 - Holdem no limit (120/500/1000) - 2024/03/05 20:49:10 UTC
Table: 'SKENIGMA Freeroll B(751869035)#00' 6-max (real money) Seat #2 is the button
Seat 1: bobbricol (16968)
Seat 2: sGusssss (30072)
Seat 4: Romanovitch1 (9497)
Seat 6: P1xel7 (36204)
*** ANTE/BLINDS ***
Romanovitch1 posts ante 120
P1xel7 posts ante 120
bobbricol posts ante 120
sGusssss posts ante 120
Romanovitch1 posts small blind 500
P1xel7 posts big blind 1000
Dealt to P1xel7 [As 7c]
*** PRE-FLOP *** 
bobbricol folds
sGusssss folds
Romanovitch1 calls 500
P1xel7 raises 35084 to 36084 and is all-in
Romanovitch1 folds
P1xel7 collected 37564 from pot
*** SUMMARY ***
Total pot 37564 | No rake
Seat 6: P1xel7 (big blind) won 37564


Winamax Poker - Tournament "SKENIGMA Freeroll B" buyIn: 0€ + 0€ level: 10 - HandId: #3229252916200079361-85-1709671774 - Holdem no limit (120/500/1000) - 2024/03/05 20:49:34 UTC
Table: 'SKENIGMA Freeroll B(751869035)#00' 6-max (real money) Seat #4 is the button
Seat 1: bobbricol (16848)
Seat 2: sGusssss (29952)
Seat 4: Romanovitch1 (8377)
Seat 6: P1xel7 (37564)
*** ANTE/BLINDS ***
P1xel7 posts ante 120
bobbricol posts ante 120
sGusssss posts ante 120
Romanovitch1 posts ante 120
P1xel7 posts small blind 500
bobbricol posts big blind 1000
Dealt to P1xel7 [Kd Ks]
*** PRE-FLOP *** 
sGusssss raises 1500 to 2500
Romanovitch1 folds
P1xel7 raises 5000 to 7500
bobbricol folds
sGusssss raises 22332 to 29832 and is all-in
P1xel7 calls 22332
*** FLOP *** [3d Jd Qs]
*** TURN *** [3d Jd Qs][7h]
*** RIVER *** [3d Jd Qs 7h][Ac]
*** SHOW DOWN ***
P1xel7 shows [Kd Ks] (One pair : Kings)
sGusssss shows [Js Jc] (Trips of Jacks)
sGusssss collected 61144 from pot
*** SUMMARY ***
Total pot 61144 | No rake
Board: [3d Jd Qs 7h Ac]
Seat 2: sGusssss showed [Js Jc] and won 61144 with Trips of Jacks
Seat 6: P1xel7 (small blind) showed [Kd Ks] and lost with One pair : Kings


Winamax Poker - Tournament "SKENIGMA Freeroll B" buyIn: 0€ + 0€ level: 10 - HandId: #3229252916200079361-86-1709671822 - Holdem no limit (120/500/1000) - 2024/03/05 20:50:22 UTC
Table: 'SKENIGMA Freeroll B(751869035)#00' 6-max (real money) Seat #6 is the button
Seat 1: bobbricol (15728)
Seat 2: sGusssss (61144)
Seat 4: Romanovitch1 (8257)
Seat 6: P1xel7 (7612)
*** ANTE/BLINDS ***
bobbricol posts ante 120
sGusssss posts ante 120
Romanovitch1 posts ante 120
P1xel7 posts ante 120
bobbricol posts small blind 500
sGusssss posts big blind 1000
Dealt to P1xel7 [2d 3c]
*** PRE-FLOP *** 
Romanovitch1 raises 7137 to 8137 and is all-in
P1xel7 folds
bobbricol calls 7637
sGusssss folds
*** FLOP *** [4s 8s 8c]
*** TURN *** [4s 8s 8c][7c]
*** RIVER *** [4s 8s 8c 7c][5s]
*** SHOW DOWN ***
bobbricol shows [Kd Ah] (One pair : 8)
Romanovitch1 shows [4c Ad] (Two pairs : 8 and 4)
Romanovitch1 collected 17754 from pot
*** SUMMARY ***
Total pot 17754 | No rake
Board: [4s 8s 8c 7c 5s]
Seat 1: bobbricol (small blind) showed [Kd Ah] and lost with One pair : 8
Seat 4: Romanovitch1 showed [4c Ad] and won 17754 with Two pairs : 8 and 4


Winamax Poker - Tournament "SKENIGMA Freeroll B" buyIn: 0€ + 0€ level: 10 - HandId: #3229252916200079361-87-1709671852 - Holdem no limit (120/500/1000) - 2024/03/05 20:50:52 UTC
Table: 'SKENIGMA Freeroll B(751869035)#00' 6-max (real money) Seat #1 is the button
Seat 1: bobbricol (7471)
Seat 2: sGusssss (60024)
Seat 4: Romanovitch1 (17754)
Seat 6: P1xel7 (7492)
*** ANTE/BLINDS ***
sGusssss posts ante 120
Romanovitch1 posts ante 120
bobbricol posts ante 120
P1xel7 posts ante 120
sGusssss posts small blind 500
Romanovitch1 posts big blind 1000
Dealt to P1xel7 [Ks 7d]
*** PRE-FLOP *** 
P1xel7 folds
bobbricol folds
sGusssss raises 1000 to 2000
Romanovitch1 folds
sGusssss collected 3480 from pot
*** SUMMARY ***
Total pot 3480 | No rake
Seat 2: sGusssss (small blind) won 3480


Winamax Poker - Tournament "SKENIGMA Freeroll B" buyIn: 0€ + 0€ level: 10 - HandId: #3229252916200079361-88-1709671875 - Holdem no limit (120/500/1000) - 2024/03/05 20:51:15 UTC
Table: 'SKENIGMA Freeroll B(751869035)#00' 6-max (real money) Seat #2 is the button
Seat 1: bobbricol (7351)
Seat 2: sGusssss (61384)
Seat 4: Romanovitch1 (16634)
Seat 6: P1xel7 (7372)
*** ANTE/BLINDS ***
Romanovitch1 posts ante 120
P1xel7 posts ante 120
bobbricol posts ante 120
sGusssss posts ante 120
Romanovitch1 posts small blind 500
P1xel7 posts big blind 1000
Dealt to P1xel7 [4h 3h]
*** PRE-FLOP *** 
bobbricol folds
sGusssss folds
Romanovitch1 folds
P1xel7 collected 1980 from pot
*** SUMMARY ***
Total pot 1980 | No rake
Seat 6: P1xel7 (big blind) won 1980


Winamax Poker - Tournament "SKENIGMA Freeroll B" buyIn: 0€ + 0€ level: 10 - HandId: #3229252916200079361-89-1709671889 - Holdem no limit (120/500/1000) - 2024/03/05 20:51:29 UTC
Table: 'SKENIGMA Freeroll B(751869035)#00' 6-max (real money) Seat #4 is the button
Seat 1: bobbricol (7231)
Seat 2: sGusssss (61264)
Seat 4: Romanovitch1 (16014)
Seat 6: P1xel7 (8232)
*** ANTE/BLINDS ***
P1xel7 posts ante 120
bobbricol posts ante 120
sGusssss posts ante 120
Romanovitch1 posts ante 120
P1xel7 posts small blind 500
bobbricol posts big blind 1000
Dealt to P1xel7 [9c Ad]
*** PRE-FLOP *** 
sGusssss folds
Romanovitch1 folds
P1xel7 raises 7112 to 8112 and is all-in
bobbricol folds
P1xel7 collected 9592 from pot
*** SUMMARY ***
Total pot 9592 | No rake
Seat 6: P1xel7 (small blind) won 9592


Winamax Poker - Tournament "SKENIGMA Freeroll B" buyIn: 0€ + 0€ level: 10 - HandId: #3229252916200079361-90-1709671937 - Holdem no limit (120/500/1000) - 2024/03/05 20:52:17 UTC
Table: 'SKENIGMA Freeroll B(751869035)#00' 6-max (real money) Seat #6 is the button
Seat 1: bobbricol (6111)
Seat 2: sGusssss (61144)
Seat 4: Romanovitch1 (15894)
Seat 6: P1xel7 (9592)
*** ANTE/BLINDS ***
bobbricol posts ante 120
sGusssss posts ante 120
Romanovitch1 posts ante 120
P1xel7 posts ante 120
bobbricol posts small blind 500
sGusssss posts big blind 1000
Dealt to P1xel7 [As Ts]
*** PRE-FLOP *** 
Romanovitch1 folds
P1xel7 raises 8472 to 9472 and is all-in
bobbricol folds
sGusssss folds
P1xel7 collected 11452 from pot
*** SUMMARY ***
Total pot 11452 | No rake
Seat 6: P1xel7 (button) won 11452


Winamax Poker - Tournament "SKENIGMA Freeroll B" buyIn: 0€ + 0€ level: 10 - HandId: #3229252916200079361-91-1709671976 - Holdem no limit (120/500/1000) - 2024/03/05 20:52:56 UTC
Table: 'SKENIGMA Freeroll B(751869035)#00' 6-max (real money) Seat #1 is the button
Seat 1: bobbricol (5491)
Seat 2: sGusssss (60024)
Seat 4: Romanovitch1 (15774)
Seat 6: P1xel7 (11452)
*** ANTE/BLINDS ***
sGusssss posts ante 120
Romanovitch1 posts ante 120
bobbricol posts ante 120
P1xel7 posts ante 120
sGusssss posts small blind 500
Romanovitch1 posts big blind 1000
Dealt to P1xel7 [Kh 2c]
*** PRE-FLOP *** 
P1xel7 folds
bobbricol raises 4371 to 5371 and is all-in
sGusssss folds
Romanovitch1 calls 4371
*** FLOP *** [5s 3c Ks]
*** TURN *** [5s 3c Ks][Ah]
*** RIVER *** [5s 3c Ks Ah][5h]
*** SHOW DOWN ***
Romanovitch1 shows [Qh Qc] (Two pairs : Queens and 5)
bobbricol shows [Kd 6c] (Two pairs : Kings and 5)
bobbricol collected 11722 from pot
*** SUMMARY ***
Total pot 11722 | No rake
Board: [5s 3c Ks Ah 5h]
Seat 1: bobbricol (button) showed [Kd 6c] and won 11722 with Two pairs : Kings and 5
Seat 4: Romanovitch1 (big blind) showed [Qh Qc] and lost with Two pairs : Queens and 5


Winamax Poker - Tournament "SKENIGMA Freeroll B" buyIn: 0€ + 0€ level: 10 - HandId: #3229252916200079361-92-1709672008 - Holdem no limit (120/500/1000) - 2024/03/05 20:53:28 UTC
Table: 'SKENIGMA Freeroll B(751869035)#00' 6-max (real money) Seat #2 is the button
Seat 1: bobbricol (11722)
Seat 2: sGusssss (59404)
Seat 4: Romanovitch1 (10283)
Seat 6: P1xel7 (11332)
*** ANTE/BLINDS ***
Romanovitch1 posts ante 120
P1xel7 posts ante 120
bobbricol posts ante 120
sGusssss posts ante 120
Romanovitch1 posts small blind 500
P1xel7 posts big blind 1000
Dealt to P1xel7 [As Ac]
*** PRE-FLOP *** 
bobbricol folds
sGusssss raises 1000 to 2000
Romanovitch1 folds
P1xel7 raises 9212 to 11212 and is all-in
sGusssss calls 9212
*** FLOP *** [Jh 6d 6c]
*** TURN *** [Jh 6d 6c][7c]
*** RIVER *** [Jh 6d 6c 7c][6h]
*** SHOW DOWN ***
sGusssss shows [Kd Qc] (Trips of 6)
P1xel7 shows [As Ac] (Full of 6 and Aces)
P1xel7 collected 23404 from pot
*** SUMMARY ***
Total pot 23404 | No rake
Board: [Jh 6d 6c 7c 6h]
Seat 2: sGusssss (button) showed [Kd Qc] and lost with Trips of 6
Seat 6: P1xel7 (big blind) showed [As Ac] and won 23404 with Full of 6 and Aces


Winamax Poker - Tournament "SKENIGMA Freeroll B" buyIn: 0€ + 0€ level: 10 - HandId: #3229252916200079361-93-1709672041 - Holdem no limit (120/500/1000) - 2024/03/05 20:54:01 UTC
Table: 'SKENIGMA Freeroll B(751869035)#00' 6-max (real money) Seat #4 is the button
Seat 1: bobbricol (11602)
Seat 2: sGusssss (48072)
Seat 4: Romanovitch1 (9663)
Seat 6: P1xel7 (23404)
*** ANTE/BLINDS ***
P1xel7 posts ante 120
bobbricol posts ante 120
sGusssss posts ante 120
Romanovitch1 posts ante 120
P1xel7 posts small blind 500
bobbricol posts big blind 1000
Dealt to P1xel7 [4h Qh]
*** PRE-FLOP *** 
sGusssss folds
Romanovitch1 folds
P1xel7 folds
bobbricol collected 1980 from pot
*** SUMMARY ***
Total pot 1980 | No rake
Seat 1: bobbricol (big blind) won 1980


Winamax Poker - Tournament "SKENIGMA Freeroll B" buyIn: 0€ + 0€ level: -659464324 - HandId: #3229252916200079365-1-1709672061 - Holdem no limit (120/500/1000) - 2024/03/05 20:54:21 UTC
Table: 'SKENIGMA Freeroll B(751869035)#04' 7-max (real money) Seat #1 is the button
Seat 1: Julus_33 (2030)
Seat 2: archylamoula (53728)
Seat 3: bobbricol (12462)
Seat 4: mataberrant (131501)
Seat 5: sGusssss (47952)
Seat 6: P1xel7 (22784)
Seat 7: Romanovitch1 (9543)
*** ANTE/BLINDS ***
archylamoula posts ante 120
bobbricol posts ante 120
Julus_33 posts ante 120
mataberrant posts ante 120
sGusssss posts ante 120
P1xel7 posts ante 120
Romanovitch1 posts ante 120
archylamoula posts small blind 500
bobbricol posts big blind 1000
Dealt to P1xel7 [9c 8d]
*** PRE-FLOP *** 
mataberrant folds
sGusssss raises 1000 to 2000
P1xel7 folds
Romanovitch1 folds
Julus_33 folds
archylamoula folds
bobbricol folds
sGusssss collected 4340 from pot
*** SUMMARY ***
Total pot 4340 | No rake
Seat 5: sGusssss won 4340


Winamax Poker - Tournament "SKENIGMA Freeroll B" buyIn: 0€ + 0€ level: -659464324 - HandId: #3229252916200079365-2-1709672073 - Holdem no limit (120/500/1000) - 2024/03/05 20:54:33 UTC
Table: 'SKENIGMA Freeroll B(751869035)#04' 7-max (real money) Seat #2 is the button
Seat 1: Julus_33 (1910)
Seat 2: archylamoula (53108)
Seat 3: bobbricol (11342)
Seat 4: mataberrant (131381)
Seat 5: sGusssss (50172)
Seat 6: P1xel7 (22664)
Seat 7: Romanovitch1 (9423)
*** ANTE/BLINDS ***
bobbricol posts ante 120
mataberrant posts ante 120
Julus_33 posts ante 120
archylamoula posts ante 120
sGusssss posts ante 120
P1xel7 posts ante 120
Romanovitch1 posts ante 120
bobbricol posts small blind 500
mataberrant posts big blind 1000
Dealt to P1xel7 [6s Jd]
*** PRE-FLOP *** 
sGusssss folds
P1xel7 folds
Romanovitch1 folds
Julus_33 folds
archylamoula folds
bobbricol raises 10222 to 11222 and is all-in
mataberrant raises 11222 to 22444
*** FLOP *** [5c 4h 2d]
*** TURN *** [5c 4h 2d][6h]
*** RIVER *** [5c 4h 2d 6h][4c]
*** SHOW DOWN ***
bobbricol shows [Ac 8c] (One pair : 4)
mataberrant shows [Kd Ks] (Two pairs : Kings and 4)
mataberrant collected 34506 from pot
*** SUMMARY ***
Total pot 34506 | No rake
Board: [5c 4h 2d 6h 4c]
Seat 3: bobbricol (small blind) showed [Ac 8c] and lost with One pair : 4
Seat 4: mataberrant (big blind) showed [Kd Ks] and won 34506 with Two pairs : Kings and 4


Winamax Poker - Tournament "SKENIGMA Freeroll B" buyIn: 0€ + 0€ level: 10 - HandId: #3229252916200079365-3-1709672460 - Holdem no limit (120/500/1000) - 2024/03/05 21:01:00 UTC
Table: 'SKENIGMA Freeroll B(751869035)#04' 7-max (real money) Seat #3 is the button
Seat 1: Julus_33 (1790)
Seat 2: archylamoula (52988)
Seat 4: mataberrant (143323)
Seat 5: sGusssss (50052)
Seat 6: P1xel7 (22544)
Seat 7: Romanovitch1 (9303)
*** ANTE/BLINDS ***
mataberrant posts ante 120
sGusssss posts ante 120
Julus_33 posts ante 120
archylamoula posts ante 120
P1xel7 posts ante 120
Romanovitch1 posts ante 120
mataberrant posts small blind 500
sGusssss posts big blind 1000
Dealt to P1xel7 [7s 2c]
*** PRE-FLOP *** 
P1xel7 folds
Romanovitch1 folds
Julus_33 folds
archylamoula folds
mataberrant folds
sGusssss collected 2220 from pot
*** SUMMARY ***
Total pot 2220 | No rake
Seat 5: sGusssss (big blind) won 2220


Winamax Poker - Tournament "SKENIGMA Freeroll B" buyIn: 0€ + 0€ level: 10 - HandId: #3229252916200079365-4-1709672508 - Holdem no limit (120/500/1000) - 2024/03/05 21:01:48 UTC
Table: 'SKENIGMA Freeroll B(751869035)#04' 7-max (real money) Seat #4 is the button
Seat 1: Julus_33 (1670)
Seat 2: archylamoula (52868)
Seat 4: mataberrant (142703)
Seat 5: sGusssss (51152)
Seat 6: P1xel7 (22424)
Seat 7: Romanovitch1 (9183)
*** ANTE/BLINDS ***
sGusssss posts ante 120
P1xel7 posts ante 120
Julus_33 posts ante 120
archylamoula posts ante 120
mataberrant posts ante 120
Romanovitch1 posts ante 120
sGusssss posts small blind 500
P1xel7 posts big blind 1000
Dealt to P1xel7 [4s 3c]
*** PRE-FLOP *** 
Romanovitch1 folds
Julus_33 folds
archylamoula raises 1000 to 2000
mataberrant calls 2000
sGusssss calls 1500
P1xel7 calls 1000
*** FLOP *** [Ad Ks 8h]
sGusssss checks
P1xel7 checks
archylamoula bets 3052
mataberrant folds
sGusssss calls 3052
P1xel7 folds
*** TURN *** [Ad Ks 8h][Ts]
sGusssss checks
archylamoula checks
*** RIVER *** [Ad Ks 8h Ts][9s]
sGusssss checks
archylamoula checks
*** SHOW DOWN ***
sGusssss shows [Qh Tc] (One pair : Tens)
archylamoula shows [As 7h] (One pair : Aces)
archylamoula collected 14824 from pot
*** SUMMARY ***
Total pot 14824 | No rake
Board: [Ad Ks 8h Ts 9s]
Seat 2: archylamoula showed [As 7h] and won 14824 with One pair : Aces
Seat 5: sGusssss (small blind) showed [Qh Tc] and lost with One pair : Tens


Winamax Poker - Tournament "SKENIGMA Freeroll B" buyIn: 0€ + 0€ level: 11 - HandId: #3229252916200079365-5-1709672593 - Holdem no limit (160/600/1200) - 2024/03/05 21:03:13 UTC
Table: 'SKENIGMA Freeroll B(751869035)#04' 7-max (real money) Seat #5 is the button
Seat 1: Julus_33 (1550)
Seat 2: archylamoula (62520)
Seat 4: mataberrant (140583)
Seat 5: sGusssss (45980)
Seat 6: P1xel7 (20304)
Seat 7: Romanovitch1 (9063)
*** ANTE/BLINDS ***
P1xel7 posts ante 160
Romanovitch1 posts ante 160
Julus_33 posts ante 160
archylamoula posts ante 160
mataberrant posts ante 160
sGusssss posts ante 160
P1xel7 posts small blind 600
Romanovitch1 posts big blind 1200
Dealt to P1xel7 [2s Jh]
*** PRE-FLOP *** 
Julus_33 folds
archylamoula folds
mataberrant folds
sGusssss raises 1800 to 3000
P1xel7 folds
Romanovitch1 folds
sGusssss collected 5760 from pot
*** SUMMARY ***
Total pot 5760 | No rake
Seat 5: sGusssss (button) won 5760


Winamax Poker - Tournament "SKENIGMA Freeroll B" buyIn: 0€ + 0€ level: 11 - HandId: #3229252916200079365-6-1709672606 - Holdem no limit (160/600/1200) - 2024/03/05 21:03:26 UTC
Table: 'SKENIGMA Freeroll B(751869035)#04' 7-max (real money) Seat #6 is the button
Seat 1: Julus_33 (1390)
Seat 2: archylamoula (62360)
Seat 4: mataberrant (140423)
Seat 5: sGusssss (48580)
Seat 6: P1xel7 (19544)
Seat 7: Romanovitch1 (7703)
*** ANTE/BLINDS ***
Romanovitch1 posts ante 160
Julus_33 posts ante 160
archylamoula posts ante 160
mataberrant posts ante 160
sGusssss posts ante 160
P1xel7 posts ante 160
Romanovitch1 posts small blind 600
Julus_33 posts big blind 1200
Dealt to P1xel7 [Jd Qc]
*** PRE-FLOP *** 
archylamoula folds
mataberrant folds
sGusssss calls 1200
P1xel7 calls 1200
Romanovitch1 folds
Julus_33 checks
*** FLOP *** [4s 9h 9d]
Julus_33 checks
sGusssss bets 1806
P1xel7 calls 1806
Julus_33 folds
*** TURN *** [4s 9h 9d][4d]
sGusssss bets 3070
P1xel7 raises 8618 to 11688
sGusssss folds
P1xel7 collected 23530 from pot
*** SUMMARY ***
Total pot 23530 | No rake
Board: [4s 9h 9d 4d]
Seat 6: P1xel7 (button) won 23530


Winamax Poker - Tournament "SKENIGMA Freeroll B" buyIn: 0€ + 0€ level: 11 - HandId: #3229252916200079365-7-1709672667 - Holdem no limit (160/600/1200) - 2024/03/05 21:04:27 UTC
Table: 'SKENIGMA Freeroll B(751869035)#04' 7-max (real money) Seat #7 is the button
Seat 1: Julus_33 (30)
Seat 2: archylamoula (62200)
Seat 4: mataberrant (140263)
Seat 5: sGusssss (42344)
Seat 6: P1xel7 (28220)
Seat 7: Romanovitch1 (6943)
*** ANTE/BLINDS ***
Julus_33 posts ante 30 and is all-in
archylamoula posts ante 160
mataberrant posts ante 160
sGusssss posts ante 160
P1xel7 posts ante 160
Romanovitch1 posts ante 160
Julus_33 posts small blind 0 and is all-in
archylamoula posts big blind 1200
Dealt to P1xel7 [9h Qs]
*** PRE-FLOP *** 
mataberrant folds
sGusssss folds
P1xel7 folds
Romanovitch1 folds
*** FLOP *** [Jd 9s 6s]
*** TURN *** [Jd 9s 6s][5c]
*** RIVER *** [Jd 9s 6s 5c][2d]
*** SHOW DOWN ***
Julus_33 shows [Ah Tc] (High card : Ace)
archylamoula shows [5d 6h] (Two pairs : 6 and 5)
archylamoula collected 2030 from pot
*** SUMMARY ***
Total pot 2030 | No rake
Board: [Jd 9s 6s 5c 2d]
Seat 1: Julus_33 (small blind) showed [Ah Tc] and lost with High card : Ace
Seat 2: archylamoula (big blind) showed [5d 6h] and won 2030 with Two pairs : 6 and 5


Winamax Poker - Tournament "SKENIGMA Freeroll B" buyIn: 0€ + 0€ level: 11 - HandId: #3229252916200079365-8-1709672684 - Holdem no limit (160/600/1200) - 2024/03/05 21:04:44 UTC
Table: 'SKENIGMA Freeroll B(751869035)#04' 7-max (real money) Seat #1 is the button
Seat 2: archylamoula (62870)
Seat 4: mataberrant (140103)
Seat 5: sGusssss (42184)
Seat 6: P1xel7 (28060)
Seat 7: Romanovitch1 (6783)
*** ANTE/BLINDS ***
archylamoula posts ante 160
mataberrant posts ante 160
sGusssss posts ante 160
P1xel7 posts ante 160
Romanovitch1 posts ante 160
archylamoula posts small blind 600
mataberrant posts big blind 1200
Dealt to P1xel7 [Jc 9h]
*** PRE-FLOP *** 
sGusssss folds
P1xel7 folds
Romanovitch1 raises 5423 to 6623 and is all-in
archylamoula folds
mataberrant calls 5423
*** FLOP *** [5h Js Qh]
*** TURN *** [5h Js Qh][3c]
*** RIVER *** [5h Js Qh 3c][6d]
*** SHOW DOWN ***
mataberrant shows [7s 8s] (High card : Queen)
Romanovitch1 shows [Ad Qd] (One pair : Queens)
Romanovitch1 collected 14646 from pot
*** SUMMARY ***
Total pot 14646 | No rake
Board: [5h Js Qh 3c 6d]
Seat 4: mataberrant (big blind) showed [7s 8s] and lost with High card : Queen
Seat 7: Romanovitch1 showed [Ad Qd] and won 14646 with One pair : Queens


Winamax Poker - Tournament "SKENIGMA Freeroll B" buyIn: 0€ + 0€ level: 11 - HandId: #3229252916200079365-9-1709672723 - Holdem no limit (160/600/1200) - 2024/03/05 21:05:23 UTC
Table: 'SKENIGMA Freeroll B(751869035)#04' 7-max (real money) Seat #2 is the button
Seat 2: archylamoula (62110)
Seat 4: mataberrant (133320)
Seat 5: sGusssss (42024)
Seat 6: P1xel7 (27900)
Seat 7: Romanovitch1 (14646)
*** ANTE/BLINDS ***
mataberrant posts ante 160
sGusssss posts ante 160
archylamoula posts ante 160
P1xel7 posts ante 160
Romanovitch1 posts ante 160
mataberrant posts small blind 600
sGusssss posts big blind 1200
Dealt to P1xel7 [6c Kc]
*** PRE-FLOP *** 
P1xel7 folds
Romanovitch1 folds
archylamoula folds
mataberrant folds
sGusssss collected 2600 from pot
*** SUMMARY ***
Total pot 2600 | No rake
Seat 5: sGusssss (big blind) won 2600


Winamax Poker - Tournament "SKENIGMA Freeroll B" buyIn: 0€ + 0€ level: 11 - HandId: #3229252916200079365-10-1709672752 - Holdem no limit (160/600/1200) - 2024/03/05 21:05:52 UTC
Table: 'SKENIGMA Freeroll B(751869035)#04' 7-max (real money) Seat #4 is the button
Seat 2: archylamoula (61950)
Seat 4: mataberrant (132560)
Seat 5: sGusssss (43264)
Seat 6: P1xel7 (27740)
Seat 7: Romanovitch1 (14486)
*** ANTE/BLINDS ***
sGusssss posts ante 160
P1xel7 posts ante 160
archylamoula posts ante 160
mataberrant posts ante 160
Romanovitch1 posts ante 160
sGusssss posts small blind 600
P1xel7 posts big blind 1200
Dealt to P1xel7 [5h 9c]
*** PRE-FLOP *** 
Romanovitch1 folds
archylamoula folds
mataberrant folds
sGusssss raises 41904 to 43104 and is all-in
P1xel7 folds
sGusssss collected 45104 from pot
*** SUMMARY ***
Total pot 45104 | No rake
Seat 5: sGusssss (small blind) won 45104


Winamax Poker - Tournament "SKENIGMA Freeroll B" buyIn: 0€ + 0€ level: 11 - HandId: #3229252916200079365-11-1709672773 - Holdem no limit (160/600/1200) - 2024/03/05 21:06:13 UTC
Table: 'SKENIGMA Freeroll B(751869035)#04' 7-max (real money) Seat #5 is the button
Seat 2: archylamoula (61790)
Seat 4: mataberrant (132400)
Seat 5: sGusssss (45104)
Seat 6: P1xel7 (26380)
Seat 7: Romanovitch1 (14326)
*** ANTE/BLINDS ***
P1xel7 posts ante 160
Romanovitch1 posts ante 160
archylamoula posts ante 160
mataberrant posts ante 160
sGusssss posts ante 160
P1xel7 posts small blind 600
Romanovitch1 posts big blind 1200
Dealt to P1xel7 [6c Ac]
*** PRE-FLOP *** 
archylamoula raises 1200 to 2400
mataberrant folds
sGusssss folds
P1xel7 calls 1800
Romanovitch1 raises 11766 to 14166 and is all-in
archylamoula folds
P1xel7 calls 11766
*** FLOP *** [2d 2h Tc]
*** TURN *** [2d 2h Tc][5h]
*** RIVER *** [2d 2h Tc 5h][Ah]
*** SHOW DOWN ***
P1xel7 shows [6c Ac] (Two pairs : Aces and 2)
Romanovitch1 shows [As 3s] (Two pairs : Aces and 2)
Romanovitch1 collected 15766 from pot
P1xel7 collected 15766 from pot
*** SUMMARY ***
Total pot 31532 | No rake
Board: [2d 2h Tc 5h Ah]
Seat 6: P1xel7 (small blind) showed [6c Ac] and won 15766 with Two pairs : Aces and 2
Seat 7: Romanovitch1 (big blind) showed [As 3s] and won 15766 with Two pairs : Aces and 2


Winamax Poker - Tournament "SKENIGMA Freeroll B" buyIn: 0€ + 0€ level: 11 - HandId: #3229252916200079365-12-1709672831 - Holdem no limit (160/600/1200) - 2024/03/05 21:07:11 UTC
Table: 'SKENIGMA Freeroll B(751869035)#04' 7-max (real money) Seat #6 is the button
Seat 2: archylamoula (59230)
Seat 4: mataberrant (132240)
Seat 5: sGusssss (44944)
Seat 6: P1xel7 (27820)
Seat 7: Romanovitch1 (15766)
*** ANTE/BLINDS ***
Romanovitch1 posts ante 160
archylamoula posts ante 160
mataberrant posts ante 160
sGusssss posts ante 160
P1xel7 posts ante 160
Romanovitch1 posts small blind 600
archylamoula posts big blind 1200
Dealt to P1xel7 [Ts Ad]
*** PRE-FLOP *** 
mataberrant folds
sGusssss raises 1200 to 2400
P1xel7 raises 25260 to 27660 and is all-in
Romanovitch1 folds
archylamoula folds
sGusssss folds
P1xel7 collected 32660 from pot
*** SUMMARY ***
Total pot 32660 | No rake
Seat 6: P1xel7 (button) won 32660


Winamax Poker - Tournament "SKENIGMA Freeroll B" buyIn: 0€ + 0€ level: 11 - HandId: #3229252916200079365-13-1709672905 - Holdem no limit (160/600/1200) - 2024/03/05 21:08:25 UTC
Table: 'SKENIGMA Freeroll B(751869035)#04' 7-max (real money) Seat #7 is the button
Seat 2: archylamoula (57870)
Seat 4: mataberrant (132080)
Seat 5: sGusssss (42384)
Seat 6: P1xel7 (32660)
Seat 7: Romanovitch1 (15006)
*** ANTE/BLINDS ***
archylamoula posts ante 160
mataberrant posts ante 160
sGusssss posts ante 160
P1xel7 posts ante 160
Romanovitch1 posts ante 160
archylamoula posts small blind 600
mataberrant posts big blind 1200
Dealt to P1xel7 [8d 5c]
*** PRE-FLOP *** 
sGusssss folds
P1xel7 folds
Romanovitch1 folds
archylamoula folds
mataberrant collected 2600 from pot
*** SUMMARY ***
Total pot 2600 | No rake
Seat 4: mataberrant (big blind) won 2600


Winamax Poker - Tournament "SKENIGMA Freeroll B" buyIn: 0€ + 0€ level: 11 - HandId: #3229252916200079365-14-1709672919 - Holdem no limit (160/600/1200) - 2024/03/05 21:08:39 UTC
Table: 'SKENIGMA Freeroll B(751869035)#04' 7-max (real money) Seat #2 is the button
Seat 2: archylamoula (57110)
Seat 4: mataberrant (133320)
Seat 5: sGusssss (42224)
Seat 6: P1xel7 (32500)
Seat 7: Romanovitch1 (14846)
*** ANTE/BLINDS ***
mataberrant posts ante 160
sGusssss posts ante 160
archylamoula posts ante 160
P1xel7 posts ante 160
Romanovitch1 posts ante 160
mataberrant posts small blind 600
sGusssss posts big blind 1200
Dealt to P1xel7 [3h Qd]
*** PRE-FLOP *** 
P1xel7 folds
Romanovitch1 raises 13486 to 14686 and is all-in
archylamoula folds
mataberrant folds
sGusssss folds
Romanovitch1 collected 17286 from pot
*** SUMMARY ***
Total pot 17286 | No rake
Seat 7: Romanovitch1 won 17286


Winamax Poker - Tournament "SKENIGMA Freeroll B" buyIn: 0€ + 0€ level: 11 - HandId: #3229252916200079365-15-1709672945 - Holdem no limit (160/600/1200) - 2024/03/05 21:09:05 UTC
Table: 'SKENIGMA Freeroll B(751869035)#04' 7-max (real money) Seat #4 is the button
Seat 2: archylamoula (56950)
Seat 4: mataberrant (132560)
Seat 5: sGusssss (40864)
Seat 6: P1xel7 (32340)
Seat 7: Romanovitch1 (17286)
*** ANTE/BLINDS ***
sGusssss posts ante 160
P1xel7 posts ante 160
archylamoula posts ante 160
mataberrant posts ante 160
Romanovitch1 posts ante 160
sGusssss posts small blind 600
P1xel7 posts big blind 1200
Dealt to P1xel7 [Kd 9s]
*** PRE-FLOP *** 
Romanovitch1 raises 15926 to 17126 and is all-in
archylamoula folds
mataberrant folds
sGusssss folds
P1xel7 folds
Romanovitch1 collected 19726 from pot
*** SUMMARY ***
Total pot 19726 | No rake
Seat 7: Romanovitch1 won 19726


Winamax Poker - Tournament "SKENIGMA Freeroll B" buyIn: 0€ + 0€ level: 12 - HandId: #3229252916200079365-16-1709673000 - Holdem no limit (200/800/1600) - 2024/03/05 21:10:00 UTC
Table: 'SKENIGMA Freeroll B(751869035)#04' 7-max (real money) Seat #5 is the button
Seat 2: archylamoula (56790)
Seat 4: mataberrant (132400)
Seat 5: sGusssss (40104)
Seat 6: P1xel7 (30980)
Seat 7: Romanovitch1 (19726)
*** ANTE/BLINDS ***
P1xel7 posts ante 200
Romanovitch1 posts ante 200
archylamoula posts ante 200
mataberrant posts ante 200
sGusssss posts ante 200
P1xel7 posts small blind 800
Romanovitch1 posts big blind 1600
Dealt to P1xel7 [7s 2s]
*** PRE-FLOP *** 
archylamoula folds
mataberrant raises 1600 to 3200
sGusssss folds
P1xel7 folds
Romanovitch1 folds
mataberrant collected 6600 from pot
*** SUMMARY ***
Total pot 6600 | No rake
Seat 4: mataberrant won 6600


Winamax Poker - Tournament "SKENIGMA Freeroll B" buyIn: 0€ + 0€ level: 12 - HandId: #3229252916200079365-17-1709673052 - Holdem no limit (200/800/1600) - 2024/03/05 21:10:52 UTC
Table: 'SKENIGMA Freeroll B(751869035)#04' 7-max (real money) Seat #6 is the button
Seat 2: archylamoula (56590)
Seat 4: mataberrant (135600)
Seat 5: sGusssss (39904)
Seat 6: P1xel7 (29980)
Seat 7: Romanovitch1 (17926)
*** ANTE/BLINDS ***
Romanovitch1 posts ante 200
archylamoula posts ante 200
mataberrant posts ante 200
sGusssss posts ante 200
P1xel7 posts ante 200
Romanovitch1 posts small blind 800
archylamoula posts big blind 1600
Dealt to P1xel7 [8s 6h]
*** PRE-FLOP *** 
mataberrant folds
sGusssss folds
P1xel7 folds
Romanovitch1 folds
archylamoula collected 3400 from pot
*** SUMMARY ***
Total pot 3400 | No rake
Seat 2: archylamoula (big blind) won 3400


Winamax Poker - Tournament "SKENIGMA Freeroll B" buyIn: 0€ + 0€ level: 12 - HandId: #3229252916200079365-18-1709673088 - Holdem no limit (200/800/1600) - 2024/03/05 21:11:28 UTC
Table: 'SKENIGMA Freeroll B(751869035)#04' 7-max (real money) Seat #7 is the button
Seat 2: archylamoula (58190)
Seat 4: mataberrant (135400)
Seat 5: sGusssss (39704)
Seat 6: P1xel7 (29780)
Seat 7: Romanovitch1 (16926)
*** ANTE/BLINDS ***
archylamoula posts ante 200
mataberrant posts ante 200
sGusssss posts ante 200
P1xel7 posts ante 200
Romanovitch1 posts ante 200
archylamoula posts small blind 800
mataberrant posts big blind 1600
Dealt to P1xel7 [5c 4d]
*** PRE-FLOP *** 
sGusssss folds
P1xel7 folds
Romanovitch1 raises 15126 to 16726 and is all-in
archylamoula folds
mataberrant calls 15126
*** FLOP *** [9d Td 5s]
*** TURN *** [9d Td 5s][3d]
*** RIVER *** [9d Td 5s 3d][Kc]
*** SHOW DOWN ***
Romanovitch1 shows [7s Ac] (High card : Ace)
mataberrant shows [Kd Tc] (Two pairs : Kings and Tens)
mataberrant collected 35252 from pot
*** SUMMARY ***
Total pot 35252 | No rake
Board: [9d Td 5s 3d Kc]
Seat 4: mataberrant (big blind) showed [Kd Tc] and won 35252 with Two pairs : Kings and Tens
Seat 7: Romanovitch1 (button) showed [7s Ac] and lost with High card : Ace


Winamax Poker - Tournament "SKENIGMA Freeroll B" buyIn: 0€ + 0€ level: 12 - HandId: #3229252916200079365-19-1709673118 - Holdem no limit (200/800/1600) - 2024/03/05 21:11:58 UTC
Table: 'SKENIGMA Freeroll B(751869035)#04' 7-max (real money) Seat #2 is the button
Seat 2: archylamoula (57190)
Seat 4: mataberrant (153726)
Seat 5: sGusssss (39504)
Seat 6: P1xel7 (29580)
*** ANTE/BLINDS ***
mataberrant posts ante 200
sGusssss posts ante 200
archylamoula posts ante 200
P1xel7 posts ante 200
mataberrant posts small blind 800
sGusssss posts big blind 1600
Dealt to P1xel7 [4d 9c]
*** PRE-FLOP *** 
P1xel7 folds
archylamoula folds
mataberrant raises 2400 to 4000
sGusssss folds
mataberrant collected 6400 from pot
*** SUMMARY ***
Total pot 6400 | No rake
Seat 4: mataberrant (small blind) won 6400


Winamax Poker - Tournament "SKENIGMA Freeroll B" buyIn: 0€ + 0€ level: 12 - HandId: #3229252916200079365-20-1709673168 - Holdem no limit (200/800/1600) - 2024/03/05 21:12:48 UTC
Table: 'SKENIGMA Freeroll B(751869035)#04' 7-max (real money) Seat #4 is the button
Seat 2: archylamoula (56990)
Seat 4: mataberrant (155926)
Seat 5: sGusssss (37704)
Seat 6: P1xel7 (29380)
*** ANTE/BLINDS ***
sGusssss posts ante 200
P1xel7 posts ante 200
archylamoula posts ante 200
mataberrant posts ante 200
sGusssss posts small blind 800
P1xel7 posts big blind 1600
Dealt to P1xel7 [Qc 4d]
*** PRE-FLOP *** 
archylamoula raises 1600 to 3200
mataberrant folds
sGusssss folds
P1xel7 calls 1600
*** FLOP *** [Jc 5c Kc]
P1xel7 checks
archylamoula checks
*** TURN *** [Jc 5c Kc][3s]
P1xel7 checks
archylamoula checks
*** RIVER *** [Jc 5c Kc 3s][Ts]
P1xel7 checks
archylamoula bets 1600
P1xel7 calls 1600
*** SHOW DOWN ***
P1xel7 shows [Qc 4d] (High card : King)
archylamoula shows [As 4c] (High card : Ace)
archylamoula collected 11200 from pot
*** SUMMARY ***
Total pot 11200 | No rake
Board: [Jc 5c Kc 3s Ts]
Seat 2: archylamoula showed [As 4c] and won 11200 with High card : Ace
Seat 6: P1xel7 (big blind) showed [Qc 4d] and lost with High card : King


Winamax Poker - Tournament "SKENIGMA Freeroll B" buyIn: 0€ + 0€ level: 12 - HandId: #3229252916200079365-21-1709673226 - Holdem no limit (200/800/1600) - 2024/03/05 21:13:46 UTC
Table: 'SKENIGMA Freeroll B(751869035)#04' 7-max (real money) Seat #5 is the button
Seat 2: archylamoula (63190)
Seat 4: mataberrant (155726)
Seat 5: sGusssss (36704)
Seat 6: P1xel7 (24380)
*** ANTE/BLINDS ***
P1xel7 posts ante 200
archylamoula posts ante 200
mataberrant posts ante 200
sGusssss posts ante 200
P1xel7 posts small blind 800
archylamoula posts big blind 1600
Dealt to P1xel7 [5c 7c]
*** PRE-FLOP *** 
mataberrant folds
sGusssss folds
P1xel7 raises 22580 to 24180 and is all-in
archylamoula calls 22580
*** FLOP *** [4h 7d Ac]
*** TURN *** [4h 7d Ac][Ad]
*** RIVER *** [4h 7d Ac Ad][Ks]
*** SHOW DOWN ***
P1xel7 shows [5c 7c] (Two pairs : Aces and 7)
archylamoula shows [As Kd] (Full of Aces and Kings)
archylamoula collected 49160 from pot
*** SUMMARY ***
Total pot 49160 | No rake
Board: [4h 7d Ac Ad Ks]
Seat 2: archylamoula (big blind) showed [As Kd] and won 49160 with Full of Aces and Kings
Seat 6: P1xel7 (small blind) showed [5c 7c] and lost with Two pairs : Aces and 7


