Winamax Poker - Tournament "MYSTERY KO" buyIn: 0.90€ + 0.10€ level: 7 - HandId: #3248572211673432109-3-1710606219 - Holdem no limit (50/200/400) - 2024/03/16 16:23:39 UTC
Table: 'MYSTERY KO(756367159)#0044' 6-max (real money) Seat #4 is the button
Seat 1: HeaRt. (34024)
Seat 2: Magique 8 (43944)
Seat 3: P1xel7 (20000)
Seat 4: thorodin (6326)
Seat 5: Lafeuilleeee (14912)
Seat 6: Katsuni 67 (47997)
*** ANTE/BLINDS ***
Lafeuilleeee posts ante 50
Katsuni 67 posts ante 50
HeaRt. posts ante 50
Magique 8 posts ante 50
P1xel7 posts ante 50
thorodin posts ante 50
Lafeuilleeee posts small blind 200
Katsuni 67 posts big blind 400
Dealt to P1xel7 [Qc 8h]
*** PRE-FLOP *** 
HeaRt. folds
Magique 8 raises 400 to 800
P1xel7 folds
thorodin folds
Lafeuilleeee folds
Katsuni 67 calls 400
*** FLOP *** [5h 6c 7d]
Katsuni 67 checks
Magique 8 bets 1680
Katsuni 67 calls 1680
*** TURN *** [5h 6c 7d][6s]
Katsuni 67 checks
Magique 8 bets 1911
Katsuni 67 calls 1911
*** RIVER *** [5h 6c 7d 6s][6h]
Katsuni 67 checks
Magique 8 bets 3249
Katsuni 67 folds
Magique 8 collected 12531 from pot
*** SUMMARY ***
Total pot 12531 | No rake
Board: [5h 6c 7d 6s 6h]
Seat 2: Magique 8 won 12531


Winamax Poker - Tournament "MYSTERY KO" buyIn: 0.90€ + 0.10€ level: 6 - HandId: #3248572211673432109-4-1710606271 - Holdem no limit (60/250/500) - 2024/03/16 16:24:31 UTC
Table: 'MYSTERY KO(756367159)#0044' 6-max (real money) Seat #5 is the button
Seat 1: HeaRt. (33974)
Seat 2: Magique 8 (48785)
Seat 3: P1xel7 (19950)
Seat 4: thorodin (6276)
Seat 5: Lafeuilleeee (14662)
Seat 6: Katsuni 67 (43556)
*** ANTE/BLINDS ***
Katsuni 67 posts ante 60
HeaRt. posts ante 60
Magique 8 posts ante 60
P1xel7 posts ante 60
thorodin posts ante 60
Lafeuilleeee posts ante 60
Katsuni 67 posts small blind 250
HeaRt. posts big blind 500
Dealt to P1xel7 [9d Tc]
*** PRE-FLOP *** 
Magique 8 folds
P1xel7 folds
thorodin folds
Lafeuilleeee raises 625 to 1125
Katsuni 67 calls 875
HeaRt. folds
*** FLOP *** [3s 3d 9h]
Katsuni 67 checks
Lafeuilleeee checks
*** TURN *** [3s 3d 9h][Ks]
Katsuni 67 bets 2022
Lafeuilleeee folds
Katsuni 67 collected 5132 from pot
*** SUMMARY ***
Total pot 5132 | No rake
Board: [3s 3d 9h Ks]
Seat 6: Katsuni 67 (small blind) won 5132


Winamax Poker - Tournament "MYSTERY KO" buyIn: 0.90€ + 0.10€ level: 6 - HandId: #3248572211673432109-5-1710606311 - Holdem no limit (60/250/500) - 2024/03/16 16:25:11 UTC
Table: 'MYSTERY KO(756367159)#0044' 6-max (real money) Seat #6 is the button
Seat 1: HeaRt. (33414)
Seat 2: Magique 8 (48725)
Seat 3: P1xel7 (19890)
Seat 4: thorodin (6216)
Seat 5: Lafeuilleeee (13477)
Seat 6: Katsuni 67 (45481)
*** ANTE/BLINDS ***
HeaRt. posts ante 60
Magique 8 posts ante 60
P1xel7 posts ante 60
thorodin posts ante 60
Lafeuilleeee posts ante 60
Katsuni 67 posts ante 60
HeaRt. posts small blind 250
Magique 8 posts big blind 500
Dealt to P1xel7 [5d 6s]
*** PRE-FLOP *** 
P1xel7 folds
thorodin calls 500
Lafeuilleeee folds
Katsuni 67 folds
HeaRt. folds
Magique 8 checks
*** FLOP *** [Js 4s Qd]
Magique 8 checks
thorodin bets 5656 and is all-in
Magique 8 folds
thorodin collected 7266 from pot
*** SUMMARY ***
Total pot 7266 | No rake
Board: [Js 4s Qd]
Seat 4: thorodin won 7266


Winamax Poker - Tournament "MYSTERY KO" buyIn: 0.90€ + 0.10€ level: 6 - HandId: #3248572211673432109-6-1710606355 - Holdem no limit (60/250/500) - 2024/03/16 16:25:55 UTC
Table: 'MYSTERY KO(756367159)#0044' 6-max (real money) Seat #1 is the button
Seat 1: HeaRt. (33104)
Seat 2: Magique 8 (48165)
Seat 3: P1xel7 (19830)
Seat 4: thorodin (7266)
Seat 5: Lafeuilleeee (13417)
Seat 6: Katsuni 67 (45421)
*** ANTE/BLINDS ***
Magique 8 posts ante 60
P1xel7 posts ante 60
HeaRt. posts ante 60
thorodin posts ante 60
Lafeuilleeee posts ante 60
Katsuni 67 posts ante 60
Magique 8 posts small blind 250
P1xel7 posts big blind 500
Dealt to P1xel7 [7s Qh]
*** PRE-FLOP *** 
thorodin raises 6706 to 7206 and is all-in
Lafeuilleeee folds
Katsuni 67 calls 7206
HeaRt. folds
Magique 8 folds
P1xel7 folds
*** FLOP *** [Tc 3c As]
*** TURN *** [Tc 3c As][9d]
*** RIVER *** [Tc 3c As 9d][Js]
*** SHOW DOWN ***
thorodin shows [2s 2c] (One pair : 2)
Katsuni 67 shows [Kc 9s] (One pair : 9)
Katsuni 67 collected 15522 from pot
*** SUMMARY ***
Total pot 15522 | No rake
Board: [Tc 3c As 9d Js]
Seat 4: thorodin showed [2s 2c] and lost with One pair : 2
Seat 6: Katsuni 67 showed [Kc 9s] and won 15522 with One pair : 9


Winamax Poker - Tournament "MYSTERY KO" buyIn: 0.90€ + 0.10€ level: 6 - HandId: #3248572211673432109-7-1710606387 - Holdem no limit (60/250/500) - 2024/03/16 16:26:27 UTC
Table: 'MYSTERY KO(756367159)#0044' 6-max (real money) Seat #2 is the button
Seat 1: HeaRt. (33044)
Seat 2: Magique 8 (47855)
Seat 3: P1xel7 (19270)
Seat 5: Lafeuilleeee (13357)
Seat 6: Katsuni 67 (53677)
*** ANTE/BLINDS ***
P1xel7 posts ante 60
Lafeuilleeee posts ante 60
HeaRt. posts ante 60
Magique 8 posts ante 60
Katsuni 67 posts ante 60
P1xel7 posts small blind 250
Lafeuilleeee posts big blind 500
Dealt to P1xel7 [5h Tc]
*** PRE-FLOP *** 
Katsuni 67 folds
HeaRt. folds
Magique 8 raises 500 to 1000
P1xel7 folds
Lafeuilleeee calls 500
*** FLOP *** [Ah Ad 8c]
Lafeuilleeee checks
Magique 8 bets 893
Lafeuilleeee calls 893
*** TURN *** [Ah Ad 8c][Jd]
Lafeuilleeee checks
Magique 8 bets 1518
Lafeuilleeee folds
Magique 8 collected 5854 from pot
*** SUMMARY ***
Total pot 5854 | No rake
Board: [Ah Ad 8c Jd]
Seat 2: Magique 8 (button) won 5854


Winamax Poker - Tournament "MYSTERY KO" buyIn: 0.90€ + 0.10€ level: 6 - HandId: #3248572211673432109-8-1710606442 - Holdem no limit (60/250/500) - 2024/03/16 16:27:22 UTC
Table: 'MYSTERY KO(756367159)#0044' 6-max (real money) Seat #3 is the button
Seat 1: HeaRt. (32984)
Seat 2: Magique 8 (50238)
Seat 3: P1xel7 (18960)
Seat 4: lacheeevree (20000)
Seat 5: Lafeuilleeee (11404)
Seat 6: Katsuni 67 (53617)
*** ANTE/BLINDS ***
Lafeuilleeee posts ante 60
Katsuni 67 posts ante 60
HeaRt. posts ante 60
Magique 8 posts ante 60
P1xel7 posts ante 60
Lafeuilleeee posts small blind 250
Katsuni 67 posts big blind 500
Dealt to P1xel7 [8d 8c]
*** PRE-FLOP *** 
HeaRt. folds
Magique 8 raises 500 to 1000
P1xel7 raises 2000 to 3000
Lafeuilleeee folds
Katsuni 67 folds
Magique 8 calls 2000
*** FLOP *** [6d 3d 2s]
Magique 8 checks
P1xel7 bets 4583
Magique 8 folds
P1xel7 collected 11633 from pot
*** SUMMARY ***
Total pot 11633 | No rake
Board: [6d 3d 2s]
Seat 3: P1xel7 (button) won 11633


Winamax Poker - Tournament "MYSTERY KO" buyIn: 0.90€ + 0.10€ level: 6 - HandId: #3248572211673432109-9-1710606473 - Holdem no limit (60/250/500) - 2024/03/16 16:27:53 UTC
Table: 'MYSTERY KO(756367159)#0044' 6-max (real money) Seat #5 is the button
Seat 1: HeaRt. (32924)
Seat 2: Magique 8 (47178)
Seat 3: P1xel7 (22950)
Seat 4: lacheeevree (20000)
Seat 5: Lafeuilleeee (11094)
Seat 6: Katsuni 67 (53057)
*** ANTE/BLINDS ***
Katsuni 67 posts ante 60
HeaRt. posts ante 60
Magique 8 posts ante 60
P1xel7 posts ante 60
lacheeevree posts ante 60
Lafeuilleeee posts ante 60
Katsuni 67 posts small blind 250
HeaRt. posts big blind 500
Dealt to P1xel7 [Jd Kc]
*** PRE-FLOP *** 
Magique 8 raises 500 to 1000
P1xel7 folds
lacheeevree folds
Lafeuilleeee folds
Katsuni 67 calls 750
HeaRt. calls 500
*** FLOP *** [6s 7h Ah]
Katsuni 67 checks
HeaRt. checks
Magique 8 bets 1176
Katsuni 67 calls 1176
HeaRt. calls 1176
*** TURN *** [6s 7h Ah][5h]
Katsuni 67 checks
HeaRt. checks
Magique 8 checks
*** RIVER *** [6s 7h Ah 5h][Ts]
Katsuni 67 bets 6888
HeaRt. calls 6888
Magique 8 folds
*** SHOW DOWN ***
HeaRt. shows [As 5s] (Two pairs : Aces and 5)
Katsuni 67 shows [8s 9d] (Straight Ten high)
Katsuni 67 collected 20664 from pot
*** SUMMARY ***
Total pot 20664 | No rake
Board: [6s 7h Ah 5h Ts]
Seat 1: HeaRt. (big blind) showed [As 5s] and lost with Two pairs : Aces and 5
Seat 6: Katsuni 67 (small blind) showed [8s 9d] and won 20664 with Straight Ten high


Winamax Poker - Tournament "MYSTERY KO" buyIn: 0.90€ + 0.10€ level: 6 - HandId: #3248572211673432109-10-1710606565 - Holdem no limit (60/250/500) - 2024/03/16 16:29:25 UTC
Table: 'MYSTERY KO(756367159)#0044' 6-max (real money) Seat #6 is the button
Seat 1: HeaRt. (23800)
Seat 2: Magique 8 (44942)
Seat 3: P1xel7 (22890)
Seat 4: lacheeevree (19940)
Seat 5: Lafeuilleeee (11034)
Seat 6: Katsuni 67 (64597)
*** ANTE/BLINDS ***
HeaRt. posts ante 60
Magique 8 posts ante 60
P1xel7 posts ante 60
lacheeevree posts ante 60
Lafeuilleeee posts ante 60
Katsuni 67 posts ante 60
HeaRt. posts small blind 250
Magique 8 posts big blind 500
Dealt to P1xel7 [7c Ts]
*** PRE-FLOP *** 
P1xel7 folds
lacheeevree folds
Lafeuilleeee raises 500 to 1000
Katsuni 67 calls 1000
HeaRt. raises 3000 to 4000
Magique 8 calls 3500
Lafeuilleeee folds
Katsuni 67 folds
*** FLOP *** [2d Js 6d]
HeaRt. checks
Magique 8 checks
*** TURN *** [2d Js 6d][8c]
HeaRt. bets 2590
Magique 8 calls 2590
*** RIVER *** [2d Js 6d 8c][2c]
HeaRt. checks
Magique 8 checks
*** SHOW DOWN ***
Magique 8 shows [Qs Ks] (One pair : 2)
HeaRt. shows [4d Ad] (One pair : 2)
HeaRt. collected 15540 from pot
*** SUMMARY ***
Total pot 15540 | No rake
Board: [2d Js 6d 8c 2c]
Seat 1: HeaRt. (small blind) showed [4d Ad] and won 15540 with One pair : 2
Seat 2: Magique 8 (big blind) showed [Qs Ks] and lost with One pair : 2


Winamax Poker - Tournament "MYSTERY KO" buyIn: 0.90€ + 0.10€ level: 6 - HandId: #3248572211673432109-11-1710606651 - Holdem no limit (60/250/500) - 2024/03/16 16:30:51 UTC
Table: 'MYSTERY KO(756367159)#0044' 6-max (real money) Seat #1 is the button
Seat 1: HeaRt. (32690)
Seat 2: Magique 8 (38292)
Seat 3: P1xel7 (22830)
Seat 4: lacheeevree (19880)
Seat 5: Lafeuilleeee (9974)
Seat 6: Katsuni 67 (63537)
*** ANTE/BLINDS ***
Magique 8 posts ante 60
P1xel7 posts ante 60
HeaRt. posts ante 60
lacheeevree posts ante 60
Lafeuilleeee posts ante 60
Katsuni 67 posts ante 60
Magique 8 posts small blind 250
P1xel7 posts big blind 500
Dealt to P1xel7 [2c Tc]
*** PRE-FLOP *** 
lacheeevree folds
Lafeuilleeee folds
Katsuni 67 folds
HeaRt. raises 500 to 1000
Magique 8 raises 2860 to 3860
P1xel7 folds
HeaRt. calls 2860
*** FLOP *** [Js 2s 9s]
Magique 8 bets 3003
HeaRt. folds
Magique 8 collected 11583 from pot
*** SUMMARY ***
Total pot 11583 | No rake
Board: [Js 2s 9s]
Seat 2: Magique 8 (small blind) won 11583


Winamax Poker - Tournament "MYSTERY KO" buyIn: 0.90€ + 0.10€ level: 7 - HandId: #3248572211673432109-12-1710606717 - Holdem no limit (70/300/600) - 2024/03/16 16:31:57 UTC
Table: 'MYSTERY KO(756367159)#0044' 6-max (real money) Seat #2 is the button
Seat 1: HeaRt. (28770)
Seat 2: Magique 8 (42952)
Seat 3: P1xel7 (22270)
Seat 4: lacheeevree (19820)
Seat 5: Lafeuilleeee (9914)
Seat 6: Katsuni 67 (63477)
*** ANTE/BLINDS ***
P1xel7 posts ante 70
lacheeevree posts ante 70
HeaRt. posts ante 70
Magique 8 posts ante 70
Lafeuilleeee posts ante 70
Katsuni 67 posts ante 70
P1xel7 posts small blind 300
lacheeevree posts big blind 600
Dealt to P1xel7 [Kh 4s]
*** PRE-FLOP *** 
Lafeuilleeee folds
Katsuni 67 calls 600
HeaRt. raises 1500 to 2100
Magique 8 folds
P1xel7 folds
lacheeevree folds
Katsuni 67 calls 1500
*** FLOP *** [5h 3s Jh]
Katsuni 67 checks
HeaRt. bets 1932
Katsuni 67 folds
HeaRt. collected 7452 from pot
*** SUMMARY ***
Total pot 7452 | No rake
Board: [5h 3s Jh]
Seat 1: HeaRt. won 7452


Winamax Poker - Tournament "MYSTERY KO" buyIn: 0.90€ + 0.10€ level: 7 - HandId: #3248572211673432109-13-1710606794 - Holdem no limit (70/300/600) - 2024/03/16 16:33:14 UTC
Table: 'MYSTERY KO(756367159)#0044' 6-max (real money) Seat #3 is the button
Seat 1: HeaRt. (32120)
Seat 2: Magique 8 (42882)
Seat 3: P1xel7 (21900)
Seat 4: lacheeevree (19150)
Seat 5: Lafeuilleeee (9844)
Seat 6: Katsuni 67 (61307)
*** ANTE/BLINDS ***
lacheeevree posts ante 70
Lafeuilleeee posts ante 70
HeaRt. posts ante 70
Magique 8 posts ante 70
P1xel7 posts ante 70
Katsuni 67 posts ante 70
lacheeevree posts small blind 300
Lafeuilleeee posts big blind 600
Dealt to P1xel7 [5s 7d]
*** PRE-FLOP *** 
Katsuni 67 calls 600
HeaRt. folds
Magique 8 folds
P1xel7 folds
lacheeevree calls 300
Lafeuilleeee checks
*** FLOP *** [Kh 5d Js]
lacheeevree checks
Lafeuilleeee checks
Katsuni 67 checks
*** TURN *** [Kh 5d Js][Jd]
lacheeevree bets 1200
Lafeuilleeee folds
Katsuni 67 folds
lacheeevree collected 3420 from pot
*** SUMMARY ***
Total pot 3420 | No rake
Board: [Kh 5d Js Jd]
Seat 4: lacheeevree (small blind) won 3420


Winamax Poker - Tournament "MYSTERY KO" buyIn: 0.90€ + 0.10€ level: 7 - HandId: #3248572211673432109-14-1710606862 - Holdem no limit (70/300/600) - 2024/03/16 16:34:22 UTC
Table: 'MYSTERY KO(756367159)#0044' 6-max (real money) Seat #4 is the button
Seat 1: HeaRt. (32050)
Seat 2: Magique 8 (42812)
Seat 3: P1xel7 (21830)
Seat 4: lacheeevree (20700)
Seat 5: Lafeuilleeee (9174)
Seat 6: Katsuni 67 (60637)
*** ANTE/BLINDS ***
Lafeuilleeee posts ante 70
Katsuni 67 posts ante 70
HeaRt. posts ante 70
Magique 8 posts ante 70
P1xel7 posts ante 70
lacheeevree posts ante 70
Lafeuilleeee posts small blind 300
Katsuni 67 posts big blind 600
Dealt to P1xel7 [Jd Qd]
*** PRE-FLOP *** 
HeaRt. folds
Magique 8 raises 600 to 1200
P1xel7 calls 1200
lacheeevree folds
Lafeuilleeee folds
Katsuni 67 folds
*** FLOP *** [Tc 6c 8s]
Magique 8 bets 1302
P1xel7 calls 1302
*** TURN *** [Tc 6c 8s][Kd]
Magique 8 bets 4111
P1xel7 calls 4111
*** RIVER *** [Tc 6c 8s Kd][2c]
Magique 8 bets 7273
P1xel7 folds
Magique 8 collected 21819 from pot
*** SUMMARY ***
Total pot 21819 | No rake
Board: [Tc 6c 8s Kd 2c]
Seat 2: Magique 8 won 21819


Winamax Poker - Tournament "MYSTERY KO" buyIn: 0.90€ + 0.10€ level: 7 - HandId: #3248572211673432109-15-1710606963 - Holdem no limit (70/300/600) - 2024/03/16 16:36:03 UTC
Table: 'MYSTERY KO(756367159)#0044' 6-max (real money) Seat #5 is the button
Seat 1: HeaRt. (31980)
Seat 2: Magique 8 (50675)
Seat 3: P1xel7 (15147)
Seat 4: lacheeevree (20630)
Seat 5: Lafeuilleeee (8804)
Seat 6: Katsuni 67 (59967)
*** ANTE/BLINDS ***
Katsuni 67 posts ante 70
HeaRt. posts ante 70
Magique 8 posts ante 70
P1xel7 posts ante 70
lacheeevree posts ante 70
Lafeuilleeee posts ante 70
Katsuni 67 posts small blind 300
HeaRt. posts big blind 600
Dealt to P1xel7 [3d 8d]
*** PRE-FLOP *** 
Magique 8 raises 600 to 1200
P1xel7 folds
lacheeevree calls 1200
Lafeuilleeee folds
Katsuni 67 calls 900
HeaRt. calls 600
*** FLOP *** [5s Qh 5h]
Katsuni 67 checks
HeaRt. checks
Magique 8 checks
lacheeevree checks
*** TURN *** [5s Qh 5h][2h]
Katsuni 67 checks
HeaRt. checks
Magique 8 checks
lacheeevree checks
*** RIVER *** [5s Qh 5h 2h][8h]
Katsuni 67 bets 3393
HeaRt. folds
Magique 8 folds
lacheeevree folds
Katsuni 67 collected 8613 from pot
*** SUMMARY ***
Total pot 8613 | No rake
Board: [5s Qh 5h 2h 8h]
Seat 6: Katsuni 67 (small blind) won 8613


Winamax Poker - Tournament "MYSTERY KO" buyIn: 0.90€ + 0.10€ level: 7 - HandId: #3248572211673432109-16-1710607067 - Holdem no limit (70/300/600) - 2024/03/16 16:37:47 UTC
Table: 'MYSTERY KO(756367159)#0044' 6-max (real money) Seat #6 is the button
Seat 1: HeaRt. (30710)
Seat 2: Magique 8 (49405)
Seat 3: P1xel7 (15077)
Seat 4: lacheeevree (19360)
Seat 5: Lafeuilleeee (8734)
Seat 6: Katsuni 67 (63917)
*** ANTE/BLINDS ***
HeaRt. posts ante 70
Magique 8 posts ante 70
P1xel7 posts ante 70
lacheeevree posts ante 70
Lafeuilleeee posts ante 70
Katsuni 67 posts ante 70
HeaRt. posts small blind 300
Magique 8 posts big blind 600
Dealt to P1xel7 [8s Qh]
*** PRE-FLOP *** 
P1xel7 folds
lacheeevree folds
Lafeuilleeee folds
Katsuni 67 folds
HeaRt. calls 300
Magique 8 checks
*** FLOP *** [3h Qs 7s]
HeaRt. bets 600
Magique 8 calls 600
*** TURN *** [3h Qs 7s][Jh]
HeaRt. bets 1833
Magique 8 calls 1833
*** RIVER *** [3h Qs 7s Jh][As]
HeaRt. bets 4216
Magique 8 calls 4216
*** SHOW DOWN ***
HeaRt. shows [6h 4h] (High card : Ace)
Magique 8 shows [Ad 4s] (One pair : Aces)
Magique 8 collected 14918 from pot
*** SUMMARY ***
Total pot 14918 | No rake
Board: [3h Qs 7s Jh As]
Seat 1: HeaRt. (small blind) showed [6h 4h] and lost with High card : Ace
Seat 2: Magique 8 (big blind) showed [Ad 4s] and won 14918 with One pair : Aces


Winamax Poker - Tournament "MYSTERY KO" buyIn: 0.90€ + 0.10€ level: 8 - HandId: #3248572211673432109-17-1710607151 - Holdem no limit (80/350/700) - 2024/03/16 16:39:11 UTC
Table: 'MYSTERY KO(756367159)#0044' 6-max (real money) Seat #1 is the button
Seat 1: HeaRt. (23391)
Seat 2: Magique 8 (57004)
Seat 3: P1xel7 (15007)
Seat 4: lacheeevree (19290)
Seat 5: Lafeuilleeee (8664)
Seat 6: Katsuni 67 (63847)
*** ANTE/BLINDS ***
Magique 8 posts ante 80
P1xel7 posts ante 80
HeaRt. posts ante 80
lacheeevree posts ante 80
Lafeuilleeee posts ante 80
Katsuni 67 posts ante 80
Magique 8 posts small blind 350
P1xel7 posts big blind 700
Dealt to P1xel7 [Kc 2d]
*** PRE-FLOP *** 
lacheeevree raises 700 to 1400
Lafeuilleeee folds
Katsuni 67 folds
HeaRt. raises 21911 to 23311 and is all-in
Magique 8 folds
P1xel7 folds
lacheeevree folds
HeaRt. collected 26241 from pot
*** SUMMARY ***
Total pot 26241 | No rake
Seat 1: HeaRt. (button) won 26241


Winamax Poker - Tournament "MYSTERY KO" buyIn: 0.90€ + 0.10€ level: 8 - HandId: #3248572211673432109-18-1710607191 - Holdem no limit (80/350/700) - 2024/03/16 16:39:51 UTC
Table: 'MYSTERY KO(756367159)#0044' 6-max (real money) Seat #2 is the button
Seat 1: HeaRt. (26241)
Seat 2: Magique 8 (56574)
Seat 3: P1xel7 (14227)
Seat 4: lacheeevree (17810)
Seat 5: Lafeuilleeee (8584)
Seat 6: Katsuni 67 (63767)
*** ANTE/BLINDS ***
P1xel7 posts ante 80
lacheeevree posts ante 80
HeaRt. posts ante 80
Magique 8 posts ante 80
Lafeuilleeee posts ante 80
Katsuni 67 posts ante 80
P1xel7 posts small blind 350
lacheeevree posts big blind 700
Dealt to P1xel7 [3h Jc]
*** PRE-FLOP *** 
Lafeuilleeee folds
Katsuni 67 calls 700
HeaRt. calls 700
Magique 8 calls 700
P1xel7 folds
lacheeevree checks
*** FLOP *** [Qs 7s 4s]
lacheeevree bets 1271
Katsuni 67 folds
HeaRt. calls 1271
Magique 8 folds
*** TURN *** [Qs 7s 4s][7c]
lacheeevree bets 1750
HeaRt. calls 1750
*** RIVER *** [Qs 7s 4s 7c][7h]
lacheeevree bets 3385
HeaRt. raises 19055 to 22440 and is all-in
lacheeevree calls 10624 and is all-in
*** SHOW DOWN ***
HeaRt. shows [Qh Jh] (Full of 7 and Queens)
lacheeevree shows [Qc Td] (Full of 7 and Queens)
lacheeevree collected 18845 from main pot
HeaRt. collected 27276 from side pot 1
*** SUMMARY ***
Total pot 46121 | No rake
Board: [Qs 7s 4s 7c 7h]
Seat 1: HeaRt. showed [Qh Jh] and won 27276 with Full of 7 and Queens
Seat 4: lacheeevree (big blind) showed [Qc Td] and won 18845 with Full of 7 and Queens


Winamax Poker - Tournament "MYSTERY KO" buyIn: 0.90€ + 0.10€ level: 8 - HandId: #3248572211673432109-19-1710607257 - Holdem no limit (80/350/700) - 2024/03/16 16:40:57 UTC
Table: 'MYSTERY KO(756367159)#0044' 6-max (real money) Seat #3 is the button
Seat 1: HeaRt. (27276)
Seat 2: Magique 8 (55794)
Seat 3: P1xel7 (13797)
Seat 4: lacheeevree (18845)
Seat 5: Lafeuilleeee (8504)
Seat 6: Katsuni 67 (62987)
*** ANTE/BLINDS ***
lacheeevree posts ante 80
Lafeuilleeee posts ante 80
HeaRt. posts ante 80
Magique 8 posts ante 80
P1xel7 posts ante 80
Katsuni 67 posts ante 80
lacheeevree posts small blind 350
Lafeuilleeee posts big blind 700
Dealt to P1xel7 [8s 7c]
*** PRE-FLOP *** 
Katsuni 67 folds
HeaRt. folds
Magique 8 folds
P1xel7 folds
lacheeevree folds
Lafeuilleeee collected 1530 from pot
*** SUMMARY ***
Total pot 1530 | No rake
Seat 5: Lafeuilleeee (big blind) won 1530


Winamax Poker - Tournament "MYSTERY KO" buyIn: 0.90€ + 0.10€ level: 8 - HandId: #3248572211673432109-20-1710607290 - Holdem no limit (80/350/700) - 2024/03/16 16:41:30 UTC
Table: 'MYSTERY KO(756367159)#0044' 6-max (real money) Seat #4 is the button
Seat 1: HeaRt. (27196)
Seat 2: Magique 8 (55714)
Seat 3: P1xel7 (13717)
Seat 4: lacheeevree (18415)
Seat 5: Lafeuilleeee (9254)
Seat 6: Katsuni 67 (62907)
*** ANTE/BLINDS ***
Lafeuilleeee posts ante 80
Katsuni 67 posts ante 80
HeaRt. posts ante 80
Magique 8 posts ante 80
P1xel7 posts ante 80
lacheeevree posts ante 80
Lafeuilleeee posts small blind 350
Katsuni 67 posts big blind 700
Dealt to P1xel7 [7c Qd]
*** PRE-FLOP *** 
HeaRt. folds
Magique 8 folds
P1xel7 folds
lacheeevree folds
Lafeuilleeee folds
Katsuni 67 collected 1530 from pot
*** SUMMARY ***
Total pot 1530 | No rake
Seat 6: Katsuni 67 (big blind) won 1530


Winamax Poker - Tournament "MYSTERY KO" buyIn: 0.90€ + 0.10€ level: 8 - HandId: #3248572211673432109-21-1710607301 - Holdem no limit (80/350/700) - 2024/03/16 16:41:41 UTC
Table: 'MYSTERY KO(756367159)#0044' 6-max (real money) Seat #5 is the button
Seat 1: HeaRt. (27116)
Seat 2: Magique 8 (55634)
Seat 3: P1xel7 (13637)
Seat 4: lacheeevree (18335)
Seat 5: Lafeuilleeee (8824)
Seat 6: Katsuni 67 (63657)
*** ANTE/BLINDS ***
Katsuni 67 posts ante 80
HeaRt. posts ante 80
Magique 8 posts ante 80
P1xel7 posts ante 80
lacheeevree posts ante 80
Lafeuilleeee posts ante 80
Katsuni 67 posts small blind 350
HeaRt. posts big blind 700
Dealt to P1xel7 [2d Qh]
*** PRE-FLOP *** 
Magique 8 folds
P1xel7 folds
lacheeevree folds
Lafeuilleeee folds
Katsuni 67 calls 350
HeaRt. checks
*** FLOP *** [8h 5h Jh]
Katsuni 67 checks
HeaRt. bets 700
Katsuni 67 folds
HeaRt. collected 2580 from pot
*** SUMMARY ***
Total pot 2580 | No rake
Board: [8h 5h Jh]
Seat 1: HeaRt. (big blind) won 2580


Winamax Poker - Tournament "MYSTERY KO" buyIn: 0.90€ + 0.10€ level: 8 - HandId: #3248572211673432100-70-1710607397 - Holdem no limit (80/350/700) - 2024/03/16 16:43:17 UTC
Table: 'MYSTERY KO(756367159)#0035' 6-max (real money) Seat #2 is the button
Seat 1: P1xel7 (13557)
Seat 2: Gallardos (46166)
Seat 3: AdGloriAAm (58333)
Seat 4: Fabulator (19060)
Seat 5: BOBY742 (77329)
Seat 6: kevd14 (80133)
*** ANTE/BLINDS ***
AdGloriAAm posts ante 80
Fabulator posts ante 80
P1xel7 posts ante 80
Gallardos posts ante 80
BOBY742 posts ante 80
kevd14 posts ante 80
AdGloriAAm posts small blind 350
Fabulator posts big blind 700
Dealt to P1xel7 [Js 3s]
*** PRE-FLOP *** 
BOBY742 folds
kevd14 folds
P1xel7 folds
Gallardos raises 770 to 1470
AdGloriAAm folds
Fabulator folds
Gallardos collected 3000 from pot
*** SUMMARY ***
Total pot 3000 | No rake
Seat 2: Gallardos (button) won 3000


Winamax Poker - Tournament "MYSTERY KO" buyIn: 0.90€ + 0.10€ level: 8 - HandId: #3248572211673432100-71-1710607428 - Holdem no limit (80/350/700) - 2024/03/16 16:43:48 UTC
Table: 'MYSTERY KO(756367159)#0035' 6-max (real money) Seat #3 is the button
Seat 1: P1xel7 (13477)
Seat 2: Gallardos (47616)
Seat 3: AdGloriAAm (57903)
Seat 4: Fabulator (18280)
Seat 5: BOBY742 (77249)
Seat 6: kevd14 (80053)
*** ANTE/BLINDS ***
Fabulator posts ante 80
BOBY742 posts ante 80
P1xel7 posts ante 80
Gallardos posts ante 80
AdGloriAAm posts ante 80
kevd14 posts ante 80
Fabulator posts small blind 350
BOBY742 posts big blind 700
Dealt to P1xel7 [Jc 4s]
*** PRE-FLOP *** 
kevd14 folds
P1xel7 folds
Gallardos folds
AdGloriAAm folds
Fabulator calls 350
BOBY742 checks
*** FLOP *** [4d 7c Js]
Fabulator checks
BOBY742 bets 1222
Fabulator calls 1222
*** TURN *** [4d 7c Js][6s]
Fabulator checks
BOBY742 bets 2811
Fabulator raises 13467 to 16278 and is all-in
BOBY742 calls 13467
*** RIVER *** [4d 7c Js 6s][5h]
*** SHOW DOWN ***
Fabulator shows [As 5s] (One pair : 5)
BOBY742 shows [7d Jd] (Two pairs : Jacks and 7)
BOBY742 collected 36880 from pot
*** SUMMARY ***
Total pot 36880 | No rake
Board: [4d 7c Js 6s 5h]
Seat 4: Fabulator (small blind) showed [As 5s] and lost with One pair : 5
Seat 5: BOBY742 (big blind) showed [7d Jd] and won 36880 with Two pairs : Jacks and 7


Winamax Poker - Tournament "MYSTERY KO" buyIn: 0.90€ + 0.10€ level: 8 - HandId: #3248572211673432100-72-1710607483 - Holdem no limit (80/350/700) - 2024/03/16 16:44:43 UTC
Table: 'MYSTERY KO(756367159)#0035' 6-max (real money) Seat #4 is the button
Seat 1: P1xel7 (13397)
Seat 2: Gallardos (47536)
Seat 3: AdGloriAAm (57823)
Seat 5: BOBY742 (95849)
Seat 6: kevd14 (79973)
*** ANTE/BLINDS ***
BOBY742 posts ante 80
kevd14 posts ante 80
P1xel7 posts ante 80
Gallardos posts ante 80
AdGloriAAm posts ante 80
BOBY742 posts small blind 350
kevd14 posts big blind 700
Dealt to P1xel7 [6h 8s]
*** PRE-FLOP *** 
P1xel7 folds
Gallardos folds
AdGloriAAm folds
BOBY742 folds
kevd14 collected 1450 from pot
*** SUMMARY ***
Total pot 1450 | No rake
Seat 6: kevd14 (big blind) won 1450


Winamax Poker - Tournament "MYSTERY KO" buyIn: 0.90€ + 0.10€ level: 8 - HandId: #3248572211673432100-73-1710607498 - Holdem no limit (80/350/700) - 2024/03/16 16:44:58 UTC
Table: 'MYSTERY KO(756367159)#0035' 6-max (real money) Seat #5 is the button
Seat 1: P1xel7 (13317)
Seat 2: Gallardos (47456)
Seat 3: AdGloriAAm (57743)
Seat 5: BOBY742 (95419)
Seat 6: kevd14 (80643)
*** ANTE/BLINDS ***
kevd14 posts ante 80
P1xel7 posts ante 80
Gallardos posts ante 80
AdGloriAAm posts ante 80
BOBY742 posts ante 80
kevd14 posts small blind 350
P1xel7 posts big blind 700
Dealt to P1xel7 [Td 4h]
*** PRE-FLOP *** 
Gallardos folds
AdGloriAAm folds
BOBY742 folds
kevd14 folds
P1xel7 collected 1450 from pot
*** SUMMARY ***
Total pot 1450 | No rake
Seat 1: P1xel7 (big blind) won 1450


Winamax Poker - Tournament "MYSTERY KO" buyIn: 0.90€ + 0.10€ level: 9 - HandId: #3248572211673432100-74-1710607511 - Holdem no limit (100/400/800) - 2024/03/16 16:45:11 UTC
Table: 'MYSTERY KO(756367159)#0035' 6-max (real money) Seat #6 is the button
Seat 1: P1xel7 (13987)
Seat 2: Gallardos (47376)
Seat 3: AdGloriAAm (57663)
Seat 5: BOBY742 (95339)
Seat 6: kevd14 (80213)
*** ANTE/BLINDS ***
P1xel7 posts ante 100
Gallardos posts ante 100
AdGloriAAm posts ante 100
BOBY742 posts ante 100
kevd14 posts ante 100
P1xel7 posts small blind 400
Gallardos posts big blind 800
Dealt to P1xel7 [5c Jd]
*** PRE-FLOP *** 
AdGloriAAm folds
BOBY742 raises 800 to 1600
kevd14 calls 1600
P1xel7 folds
Gallardos folds
*** FLOP *** [5h 9s 9c]
BOBY742 bets 1715
kevd14 calls 1715
*** TURN *** [5h 9s 9c][8s]
BOBY742 checks
kevd14 checks
*** RIVER *** [5h 9s 9c 8s][4s]
BOBY742 bets 2916
kevd14 calls 2916
*** SHOW DOWN ***
kevd14 shows [Jh Kh] (One pair : 9)
BOBY742 shows [5d As] (Two pairs : 9 and 5)
BOBY742 collected 14162 from pot
*** SUMMARY ***
Total pot 14162 | No rake
Board: [5h 9s 9c 8s 4s]
Seat 5: BOBY742 showed [5d As] and won 14162 with Two pairs : 9 and 5
Seat 6: kevd14 (button) showed [Jh Kh] and lost with One pair : 9


Winamax Poker - Tournament "MYSTERY KO" buyIn: 0.90€ + 0.10€ level: 9 - HandId: #3248572211673432100-75-1710607566 - Holdem no limit (100/400/800) - 2024/03/16 16:46:06 UTC
Table: 'MYSTERY KO(756367159)#0035' 6-max (real money) Seat #1 is the button
Seat 1: P1xel7 (13487)
Seat 2: Gallardos (46476)
Seat 3: AdGloriAAm (57563)
Seat 4: Nathyk92 (20000)
Seat 5: BOBY742 (103170)
Seat 6: kevd14 (73882)
*** ANTE/BLINDS ***
Gallardos posts ante 100
AdGloriAAm posts ante 100
P1xel7 posts ante 100
Nathyk92 posts ante 100
BOBY742 posts ante 100
kevd14 posts ante 100
Gallardos posts small blind 400
AdGloriAAm posts big blind 800
Dealt to P1xel7 [7d 3h]
*** PRE-FLOP *** 
Nathyk92 folds
BOBY742 folds
kevd14 raises 800 to 1600
P1xel7 folds
Gallardos folds
AdGloriAAm calls 800
*** FLOP *** [4c 6h 5h]
AdGloriAAm checks
kevd14 checks
*** TURN *** [4c 6h 5h][7c]
AdGloriAAm bets 1386
kevd14 calls 1386
*** RIVER *** [4c 6h 5h 7c][Ac]
AdGloriAAm bets 1743
kevd14 raises 4358 to 6101
AdGloriAAm folds
kevd14 collected 14816 from pot
*** SUMMARY ***
Total pot 14816 | No rake
Board: [4c 6h 5h 7c Ac]
Seat 6: kevd14 won 14816


Winamax Poker - Tournament "MYSTERY KO" buyIn: 0.90€ + 0.10€ level: 9 - HandId: #3248572211673432100-76-1710607619 - Holdem no limit (100/400/800) - 2024/03/16 16:46:59 UTC
Table: 'MYSTERY KO(756367159)#0035' 6-max (real money) Seat #2 is the button
Seat 1: P1xel7 (13387)
Seat 2: Gallardos (45976)
Seat 3: AdGloriAAm (52734)
Seat 4: Nathyk92 (19900)
Seat 5: BOBY742 (103070)
Seat 6: kevd14 (79511)
*** ANTE/BLINDS ***
AdGloriAAm posts ante 100
Nathyk92 posts ante 100
P1xel7 posts ante 100
Gallardos posts ante 100
BOBY742 posts ante 100
kevd14 posts ante 100
AdGloriAAm posts small blind 400
Nathyk92 posts big blind 800
Dealt to P1xel7 [7d 8s]
*** PRE-FLOP *** 
BOBY742 folds
kevd14 folds
P1xel7 folds
Gallardos raises 880 to 1680
AdGloriAAm folds
Nathyk92 raises 18120 to 19800 and is all-in
Gallardos folds
Nathyk92 collected 22480 from pot
*** SUMMARY ***
Total pot 22480 | No rake
Seat 4: Nathyk92 (big blind) won 22480


Winamax Poker - Tournament "MYSTERY KO" buyIn: 0.90€ + 0.10€ level: 9 - HandId: #3248572211673432100-77-1710607638 - Holdem no limit (100/400/800) - 2024/03/16 16:47:18 UTC
Table: 'MYSTERY KO(756367159)#0035' 6-max (real money) Seat #3 is the button
Seat 1: P1xel7 (13287)
Seat 2: Gallardos (44196)
Seat 3: AdGloriAAm (52234)
Seat 4: Nathyk92 (22480)
Seat 5: BOBY742 (102970)
Seat 6: kevd14 (79411)
*** ANTE/BLINDS ***
Nathyk92 posts ante 100
BOBY742 posts ante 100
P1xel7 posts ante 100
Gallardos posts ante 100
AdGloriAAm posts ante 100
kevd14 posts ante 100
Nathyk92 posts small blind 400
BOBY742 posts big blind 800
Dealt to P1xel7 [2d 6h]
*** PRE-FLOP *** 
kevd14 folds
P1xel7 folds
Gallardos folds
AdGloriAAm folds
Nathyk92 calls 400
BOBY742 checks
*** FLOP *** [6c 9h 4d]
Nathyk92 bets 800
BOBY742 folds
Nathyk92 collected 3000 from pot
*** SUMMARY ***
Total pot 3000 | No rake
Board: [6c 9h 4d]
Seat 4: Nathyk92 (small blind) won 3000


Winamax Poker - Tournament "MYSTERY KO" buyIn: 0.90€ + 0.10€ level: 9 - HandId: #3248572211673432100-78-1710607664 - Holdem no limit (100/400/800) - 2024/03/16 16:47:44 UTC
Table: 'MYSTERY KO(756367159)#0035' 6-max (real money) Seat #4 is the button
Seat 1: P1xel7 (13187)
Seat 2: Gallardos (44096)
Seat 3: AdGloriAAm (52134)
Seat 4: Nathyk92 (23780)
Seat 5: BOBY742 (102070)
Seat 6: kevd14 (79311)
*** ANTE/BLINDS ***
BOBY742 posts ante 100
kevd14 posts ante 100
P1xel7 posts ante 100
Gallardos posts ante 100
AdGloriAAm posts ante 100
Nathyk92 posts ante 100
BOBY742 posts small blind 400
kevd14 posts big blind 800
Dealt to P1xel7 [2s Qs]
*** PRE-FLOP *** 
P1xel7 folds
Gallardos folds
AdGloriAAm raises 1200 to 2000
Nathyk92 folds
BOBY742 calls 1600
kevd14 folds
*** FLOP *** [2h 8d 5h]
BOBY742 checks
AdGloriAAm bets 2700
BOBY742 folds
AdGloriAAm collected 8100 from pot
*** SUMMARY ***
Total pot 8100 | No rake
Board: [2h 8d 5h]
Seat 3: AdGloriAAm won 8100


Winamax Poker - Tournament "MYSTERY KO" buyIn: 0.90€ + 0.10€ level: 9 - HandId: #3248572211673432100-79-1710607698 - Holdem no limit (100/400/800) - 2024/03/16 16:48:18 UTC
Table: 'MYSTERY KO(756367159)#0035' 6-max (real money) Seat #5 is the button
Seat 1: P1xel7 (13087)
Seat 2: Gallardos (43996)
Seat 3: AdGloriAAm (55434)
Seat 4: Nathyk92 (23680)
Seat 5: BOBY742 (99970)
Seat 6: kevd14 (78411)
*** ANTE/BLINDS ***
kevd14 posts ante 100
P1xel7 posts ante 100
Gallardos posts ante 100
AdGloriAAm posts ante 100
Nathyk92 posts ante 100
BOBY742 posts ante 100
kevd14 posts small blind 400
P1xel7 posts big blind 800
Dealt to P1xel7 [Kd Qd]
*** PRE-FLOP *** 
Gallardos raises 880 to 1680
AdGloriAAm folds
Nathyk92 folds
BOBY742 raises 880 to 2560
kevd14 folds
P1xel7 calls 1760
Gallardos calls 880
*** FLOP *** [7h 4c 4h]
P1xel7 checks
Gallardos checks
BOBY742 checks
*** TURN *** [7h 4c 4h][3s]
P1xel7 bets 3600
Gallardos folds
BOBY742 folds
P1xel7 collected 12280 from pot
*** SUMMARY ***
Total pot 12280 | No rake
Board: [7h 4c 4h 3s]
Seat 1: P1xel7 (big blind) won 12280


Winamax Poker - Tournament "MYSTERY KO" buyIn: 0.90€ + 0.10€ level: 9 - HandId: #3248572211673432100-80-1710607742 - Holdem no limit (100/400/800) - 2024/03/16 16:49:02 UTC
Table: 'MYSTERY KO(756367159)#0035' 6-max (real money) Seat #6 is the button
Seat 1: P1xel7 (19107)
Seat 2: Gallardos (41336)
Seat 3: AdGloriAAm (55334)
Seat 4: Nathyk92 (23580)
Seat 5: BOBY742 (97310)
Seat 6: kevd14 (77911)
*** ANTE/BLINDS ***
P1xel7 posts ante 100
Gallardos posts ante 100
AdGloriAAm posts ante 100
Nathyk92 posts ante 100
BOBY742 posts ante 100
kevd14 posts ante 100
P1xel7 posts small blind 400
Gallardos posts big blind 800
Dealt to P1xel7 [Js 9h]
*** PRE-FLOP *** 
AdGloriAAm folds
Nathyk92 raises 800 to 1600
BOBY742 raises 3200 to 4800
kevd14 folds
P1xel7 folds
Gallardos folds
Nathyk92 folds
BOBY742 collected 8200 from pot
*** SUMMARY ***
Total pot 8200 | No rake
Seat 5: BOBY742 won 8200


Winamax Poker - Tournament "MYSTERY KO" buyIn: 0.90€ + 0.10€ level: 9 - HandId: #3248572211673432100-81-1710607780 - Holdem no limit (100/400/800) - 2024/03/16 16:49:40 UTC
Table: 'MYSTERY KO(756367159)#0035' 6-max (real money) Seat #1 is the button
Seat 1: P1xel7 (18607)
Seat 2: Gallardos (40436)
Seat 3: AdGloriAAm (55234)
Seat 4: Nathyk92 (21880)
Seat 5: BOBY742 (100610)
Seat 6: kevd14 (77811)
*** ANTE/BLINDS ***
Gallardos posts ante 100
AdGloriAAm posts ante 100
P1xel7 posts ante 100
Nathyk92 posts ante 100
BOBY742 posts ante 100
kevd14 posts ante 100
Gallardos posts small blind 400
AdGloriAAm posts big blind 800
Dealt to P1xel7 [Kc 8d]
*** PRE-FLOP *** 
Nathyk92 folds
BOBY742 calls 800
kevd14 folds
P1xel7 folds
Gallardos raises 3200 to 4000
AdGloriAAm raises 7200 to 11200
BOBY742 folds
Gallardos calls 7200
*** FLOP *** [2h 4d Js]
Gallardos checks
AdGloriAAm bets 5950
Gallardos folds
AdGloriAAm collected 29750 from pot
*** SUMMARY ***
Total pot 29750 | No rake
Board: [2h 4d Js]
Seat 3: AdGloriAAm (big blind) won 29750


Winamax Poker - Tournament "MYSTERY KO" buyIn: 0.90€ + 0.10€ level: 9 - HandId: #3248572211673432100-82-1710607857 - Holdem no limit (100/400/800) - 2024/03/16 16:50:57 UTC
Table: 'MYSTERY KO(756367159)#0035' 6-max (real money) Seat #2 is the button
Seat 1: P1xel7 (18507)
Seat 2: Gallardos (29136)
Seat 3: AdGloriAAm (67734)
Seat 4: Nathyk92 (21780)
Seat 5: BOBY742 (99710)
Seat 6: kevd14 (77711)
*** ANTE/BLINDS ***
AdGloriAAm posts ante 100
Nathyk92 posts ante 100
P1xel7 posts ante 100
Gallardos posts ante 100
BOBY742 posts ante 100
kevd14 posts ante 100
AdGloriAAm posts small blind 400
Nathyk92 posts big blind 800
Dealt to P1xel7 [Ah 4h]
*** PRE-FLOP *** 
BOBY742 folds
kevd14 folds
P1xel7 raises 800 to 1600
Gallardos folds
AdGloriAAm folds
Nathyk92 folds
P1xel7 collected 3400 from pot
*** SUMMARY ***
Total pot 3400 | No rake
Seat 1: P1xel7 won 3400


Winamax Poker - Tournament "MYSTERY KO" buyIn: 0.90€ + 0.10€ level: 9 - HandId: #3248572211673432100-83-1710607882 - Holdem no limit (100/400/800) - 2024/03/16 16:51:22 UTC
Table: 'MYSTERY KO(756367159)#0035' 6-max (real money) Seat #3 is the button
Seat 1: P1xel7 (20207)
Seat 2: Gallardos (29036)
Seat 3: AdGloriAAm (67234)
Seat 4: Nathyk92 (20880)
Seat 5: BOBY742 (99610)
Seat 6: kevd14 (77611)
*** ANTE/BLINDS ***
Nathyk92 posts ante 100
BOBY742 posts ante 100
P1xel7 posts ante 100
Gallardos posts ante 100
AdGloriAAm posts ante 100
kevd14 posts ante 100
Nathyk92 posts small blind 400
BOBY742 posts big blind 800
Dealt to P1xel7 [As Th]
*** PRE-FLOP *** 
kevd14 folds
P1xel7 raises 960 to 1760
Gallardos folds
AdGloriAAm folds
Nathyk92 folds
BOBY742 calls 960
*** FLOP *** [5h 7h 6h]
BOBY742 checks
P1xel7 checks
*** TURN *** [5h 7h 6h][7s]
BOBY742 bets 1582
P1xel7 calls 1582
*** RIVER *** [5h 7h 6h 7s][6s]
BOBY742 checks
P1xel7 bets 3842
BOBY742 folds
P1xel7 collected 11526 from pot
*** SUMMARY ***
Total pot 11526 | No rake
Board: [5h 7h 6h 7s 6s]
Seat 1: P1xel7 won 11526


Winamax Poker - Tournament "MYSTERY KO" buyIn: 0.90€ + 0.10€ level: 10 - HandId: #3248572211673432100-84-1710607927 - Holdem no limit (120/500/1000) - 2024/03/16 16:52:07 UTC
Table: 'MYSTERY KO(756367159)#0035' 6-max (real money) Seat #4 is the button
Seat 1: P1xel7 (24449)
Seat 2: Gallardos (28936)
Seat 3: AdGloriAAm (67134)
Seat 4: Nathyk92 (20380)
Seat 5: BOBY742 (96168)
Seat 6: kevd14 (77511)
*** ANTE/BLINDS ***
BOBY742 posts ante 120
kevd14 posts ante 120
P1xel7 posts ante 120
Gallardos posts ante 120
AdGloriAAm posts ante 120
Nathyk92 posts ante 120
BOBY742 posts small blind 500
kevd14 posts big blind 1000
Dealt to P1xel7 [6s Jh]
*** PRE-FLOP *** 
P1xel7 folds
Gallardos raises 1100 to 2100
AdGloriAAm folds
Nathyk92 folds
BOBY742 folds
kevd14 folds
Gallardos collected 4320 from pot
*** SUMMARY ***
Total pot 4320 | No rake
Seat 2: Gallardos won 4320


Winamax Poker - Tournament "MYSTERY KO" buyIn: 0.90€ + 0.10€ level: 10 - HandId: #3248572211673432100-85-1710607957 - Holdem no limit (120/500/1000) - 2024/03/16 16:52:37 UTC
Table: 'MYSTERY KO(756367159)#0035' 6-max (real money) Seat #5 is the button
Seat 1: P1xel7 (24329)
Seat 2: Gallardos (31036)
Seat 3: AdGloriAAm (67014)
Seat 4: Nathyk92 (20260)
Seat 5: BOBY742 (95548)
Seat 6: kevd14 (76391)
*** ANTE/BLINDS ***
kevd14 posts ante 120
P1xel7 posts ante 120
Gallardos posts ante 120
AdGloriAAm posts ante 120
Nathyk92 posts ante 120
BOBY742 posts ante 120
kevd14 posts small blind 500
P1xel7 posts big blind 1000
Dealt to P1xel7 [Jc 7s]
*** PRE-FLOP *** 
Gallardos folds
AdGloriAAm raises 1500 to 2500
Nathyk92 folds
BOBY742 folds
kevd14 folds
P1xel7 folds
AdGloriAAm collected 4720 from pot
*** SUMMARY ***
Total pot 4720 | No rake
Seat 3: AdGloriAAm won 4720


Winamax Poker - Tournament "MYSTERY KO" buyIn: 0.90€ + 0.10€ level: 10 - HandId: #3248572211673432100-86-1710608008 - Holdem no limit (120/500/1000) - 2024/03/16 16:53:28 UTC
Table: 'MYSTERY KO(756367159)#0035' 6-max (real money) Seat #6 is the button
Seat 1: P1xel7 (23209)
Seat 2: Gallardos (30916)
Seat 3: AdGloriAAm (69114)
Seat 4: Nathyk92 (20140)
Seat 5: BOBY742 (95428)
Seat 6: kevd14 (75771)
*** ANTE/BLINDS ***
P1xel7 posts ante 120
Gallardos posts ante 120
AdGloriAAm posts ante 120
Nathyk92 posts ante 120
BOBY742 posts ante 120
kevd14 posts ante 120
P1xel7 posts small blind 500
Gallardos posts big blind 1000
Dealt to P1xel7 [3s Jc]
*** PRE-FLOP *** 
AdGloriAAm folds
Nathyk92 folds
BOBY742 folds
kevd14 raises 1000 to 2000
P1xel7 folds
Gallardos folds
kevd14 collected 4220 from pot
*** SUMMARY ***
Total pot 4220 | No rake
Seat 6: kevd14 (button) won 4220


Winamax Poker - Tournament "MYSTERY KO" buyIn: 0.90€ + 0.10€ level: 10 - HandId: #3248572211673432100-87-1710608046 - Holdem no limit (120/500/1000) - 2024/03/16 16:54:06 UTC
Table: 'MYSTERY KO(756367159)#0035' 6-max (real money) Seat #1 is the button
Seat 1: P1xel7 (22589)
Seat 2: Gallardos (29796)
Seat 3: AdGloriAAm (68994)
Seat 4: Nathyk92 (20020)
Seat 5: BOBY742 (95308)
Seat 6: kevd14 (77871)
*** ANTE/BLINDS ***
Gallardos posts ante 120
AdGloriAAm posts ante 120
P1xel7 posts ante 120
Nathyk92 posts ante 120
BOBY742 posts ante 120
kevd14 posts ante 120
Gallardos posts small blind 500
AdGloriAAm posts big blind 1000
Dealt to P1xel7 [7c Kh]
*** PRE-FLOP *** 
Nathyk92 raises 3220 to 4220
BOBY742 folds
kevd14 folds
P1xel7 folds
Gallardos folds
AdGloriAAm folds
Nathyk92 collected 6440 from pot
*** SUMMARY ***
Total pot 6440 | No rake
Seat 4: Nathyk92 won 6440


Winamax Poker - Tournament "MYSTERY KO" buyIn: 0.90€ + 0.10€ level: 10 - HandId: #3248572211673432100-88-1710608063 - Holdem no limit (120/500/1000) - 2024/03/16 16:54:23 UTC
Table: 'MYSTERY KO(756367159)#0035' 6-max (real money) Seat #2 is the button
Seat 1: P1xel7 (22469)
Seat 2: Gallardos (29176)
Seat 3: AdGloriAAm (67874)
Seat 4: Nathyk92 (22120)
Seat 5: BOBY742 (95188)
Seat 6: kevd14 (77751)
*** ANTE/BLINDS ***
AdGloriAAm posts ante 120
Nathyk92 posts ante 120
P1xel7 posts ante 120
Gallardos posts ante 120
BOBY742 posts ante 120
kevd14 posts ante 120
AdGloriAAm posts small blind 500
Nathyk92 posts big blind 1000
Dealt to P1xel7 [4d Qs]
*** PRE-FLOP *** 
BOBY742 folds
kevd14 folds
P1xel7 folds
Gallardos raises 1100 to 2100
AdGloriAAm folds
Nathyk92 raises 19900 to 22000 and is all-in
Gallardos folds
Nathyk92 collected 25320 from pot
*** SUMMARY ***
Total pot 25320 | No rake
Seat 4: Nathyk92 (big blind) won 25320


Winamax Poker - Tournament "MYSTERY KO" buyIn: 0.90€ + 0.10€ level: 10 - HandId: #3248572211673432100-89-1710608089 - Holdem no limit (120/500/1000) - 2024/03/16 16:54:49 UTC
Table: 'MYSTERY KO(756367159)#0035' 6-max (real money) Seat #3 is the button
Seat 1: P1xel7 (22349)
Seat 2: Gallardos (26956)
Seat 3: AdGloriAAm (67254)
Seat 4: Nathyk92 (25320)
Seat 5: BOBY742 (95068)
Seat 6: kevd14 (77631)
*** ANTE/BLINDS ***
Nathyk92 posts ante 120
BOBY742 posts ante 120
P1xel7 posts ante 120
Gallardos posts ante 120
AdGloriAAm posts ante 120
kevd14 posts ante 120
Nathyk92 posts small blind 500
BOBY742 posts big blind 1000
Dealt to P1xel7 [Js 6c]
*** PRE-FLOP *** 
kevd14 folds
P1xel7 folds
Gallardos raises 1100 to 2100
AdGloriAAm folds
Nathyk92 raises 5920 to 8020
BOBY742 raises 86928 to 94948 and is all-in
Gallardos folds
Nathyk92 calls 17180 and is all-in
*** FLOP *** [Qs 6h 5s]
*** TURN *** [Qs 6h 5s][4c]
*** RIVER *** [Qs 6h 5s 4c][2h]
*** SHOW DOWN ***
Nathyk92 shows [Qd Qc] (Trips of Queens)
BOBY742 shows [Kd Ac] (High card : Ace)
BOBY742 collected 69748 from side pot 1
Nathyk92 collected 53220 from main pot
*** SUMMARY ***
Total pot 122968 | No rake
Board: [Qs 6h 5s 4c 2h]
Seat 4: Nathyk92 (small blind) showed [Qd Qc] and won 53220 with Trips of Queens
Seat 5: BOBY742 (big blind) showed [Kd Ac] and won 69748 with High card : Ace


Winamax Poker - Tournament "MYSTERY KO" buyIn: 0.90€ + 0.10€ level: 10 - HandId: #3248572211673432100-90-1710608460 - Holdem no limit (120/500/1000) - 2024/03/16 17:01:00 UTC
Table: 'MYSTERY KO(756367159)#0035' 6-max (real money) Seat #4 is the button
Seat 1: P1xel7 (22229)
Seat 2: Gallardos (24736)
Seat 3: AdGloriAAm (67134)
Seat 4: Nathyk92 (53220)
Seat 5: BOBY742 (69748)
Seat 6: kevd14 (77511)
*** ANTE/BLINDS ***
BOBY742 posts ante 120
kevd14 posts ante 120
P1xel7 posts ante 120
Gallardos posts ante 120
AdGloriAAm posts ante 120
Nathyk92 posts ante 120
BOBY742 posts small blind 500
kevd14 posts big blind 1000
Dealt to P1xel7 [Td 3c]
*** PRE-FLOP *** 
P1xel7 folds
Gallardos folds
AdGloriAAm folds
Nathyk92 calls 1000
BOBY742 raises 2000 to 3000
kevd14 folds
Nathyk92 folds
BOBY742 collected 5720 from pot
*** SUMMARY ***
Total pot 5720 | No rake
Seat 5: BOBY742 (small blind) won 5720


Winamax Poker - Tournament "MYSTERY KO" buyIn: 0.90€ + 0.10€ level: 10 - HandId: #3248572211673432100-91-1710608511 - Holdem no limit (120/500/1000) - 2024/03/16 17:01:51 UTC
Table: 'MYSTERY KO(756367159)#0035' 6-max (real money) Seat #5 is the button
Seat 1: P1xel7 (22109)
Seat 2: Gallardos (24616)
Seat 3: AdGloriAAm (67014)
Seat 4: Nathyk92 (52100)
Seat 5: BOBY742 (72348)
Seat 6: kevd14 (76391)
*** ANTE/BLINDS ***
kevd14 posts ante 120
P1xel7 posts ante 120
Gallardos posts ante 120
AdGloriAAm posts ante 120
Nathyk92 posts ante 120
BOBY742 posts ante 120
kevd14 posts small blind 500
P1xel7 posts big blind 1000
Dealt to P1xel7 [Kh 2c]
*** PRE-FLOP *** 
Gallardos folds
AdGloriAAm folds
Nathyk92 raises 3220 to 4220
BOBY742 folds
kevd14 folds
P1xel7 folds
Nathyk92 collected 6440 from pot
*** SUMMARY ***
Total pot 6440 | No rake
Seat 4: Nathyk92 won 6440


Winamax Poker - Tournament "MYSTERY KO" buyIn: 0.90€ + 0.10€ level: 10 - HandId: #3248572211673432100-92-1710608548 - Holdem no limit (120/500/1000) - 2024/03/16 17:02:28 UTC
Table: 'MYSTERY KO(756367159)#0035' 6-max (real money) Seat #6 is the button
Seat 1: P1xel7 (20989)
Seat 2: Gallardos (24496)
Seat 3: AdGloriAAm (66894)
Seat 4: Nathyk92 (54200)
Seat 5: BOBY742 (72228)
Seat 6: kevd14 (75771)
*** ANTE/BLINDS ***
P1xel7 posts ante 120
Gallardos posts ante 120
AdGloriAAm posts ante 120
Nathyk92 posts ante 120
BOBY742 posts ante 120
kevd14 posts ante 120
P1xel7 posts small blind 500
Gallardos posts big blind 1000
Dealt to P1xel7 [9c 7s]
*** PRE-FLOP *** 
AdGloriAAm folds
Nathyk92 folds
BOBY742 raises 1500 to 2500
kevd14 folds
P1xel7 folds
Gallardos calls 1500
*** FLOP *** [3s 8s 8d]
Gallardos bets 4043
BOBY742 calls 4043
*** TURN *** [3s 8s 8d][Qh]
Gallardos checks
BOBY742 checks
*** RIVER *** [3s 8s 8d Qh][9h]
Gallardos bets 17833 and is all-in
BOBY742 calls 17833
*** SHOW DOWN ***
Gallardos shows [Jd 4d] (One pair : 8)
BOBY742 shows [3c 3d] (Full of 3 and 8)
BOBY742 collected 49972 from pot
*** SUMMARY ***
Total pot 49972 | No rake
Board: [3s 8s 8d Qh 9h]
Seat 2: Gallardos (big blind) showed [Jd 4d] and lost with One pair : 8
Seat 5: BOBY742 showed [3c 3d] and won 49972 with Full of 3 and 8


Winamax Poker - Tournament "MYSTERY KO" buyIn: 0.90€ + 0.10€ level: 10 - HandId: #3248572211673432100-93-1710608624 - Holdem no limit (120/500/1000) - 2024/03/16 17:03:44 UTC
Table: 'MYSTERY KO(756367159)#0035' 6-max (real money) Seat #1 is the button
Seat 1: P1xel7 (20369)
Seat 3: AdGloriAAm (66774)
Seat 4: Nathyk92 (54080)
Seat 5: BOBY742 (97704)
Seat 6: kevd14 (75651)
*** ANTE/BLINDS ***
AdGloriAAm posts ante 120
P1xel7 posts ante 120
Nathyk92 posts ante 120
BOBY742 posts ante 120
kevd14 posts ante 120
AdGloriAAm posts big blind 1000
Dealt to P1xel7 [Jc 7c]
*** PRE-FLOP *** 
Nathyk92 folds
BOBY742 raises 1500 to 2500
kevd14 calls 2500
P1xel7 folds
AdGloriAAm raises 6500 to 9000
BOBY742 folds
kevd14 folds
AdGloriAAm collected 14600 from pot
*** SUMMARY ***
Total pot 14600 | No rake
Seat 3: AdGloriAAm (big blind) won 14600


Winamax Poker - Tournament "MYSTERY KO" buyIn: 0.90€ + 0.10€ level: 10 - HandId: #3248572211673432100-94-1710608686 - Holdem no limit (120/500/1000) - 2024/03/16 17:04:46 UTC
Table: 'MYSTERY KO(756367159)#0035' 6-max (real money) Seat #2 is the button
Seat 1: P1xel7 (20249)
Seat 2: Lulutighi (20000)
Seat 3: AdGloriAAm (72254)
Seat 4: Nathyk92 (53960)
Seat 5: BOBY742 (95084)
Seat 6: kevd14 (73031)
*** ANTE/BLINDS ***
AdGloriAAm posts ante 120
Nathyk92 posts ante 120
P1xel7 posts ante 120
BOBY742 posts ante 120
kevd14 posts ante 120
AdGloriAAm posts small blind 500
Nathyk92 posts big blind 1000
Dealt to P1xel7 [2d 3c]
*** PRE-FLOP *** 
BOBY742 raises 1500 to 2500
kevd14 raises 5000 to 7500
P1xel7 folds
AdGloriAAm folds
Nathyk92 folds
BOBY742 calls 5000
*** FLOP *** [Kh 2h Js]
BOBY742 bets 5985
kevd14 calls 5985
*** TURN *** [Kh 2h Js][6c]
BOBY742 bets 10175
kevd14 calls 10175
*** RIVER *** [Kh 2h Js 6c][9c]
BOBY742 bets 17297
kevd14 folds
BOBY742 collected 66717 from pot
*** SUMMARY ***
Total pot 66717 | No rake
Board: [Kh 2h Js 6c 9c]
Seat 5: BOBY742 won 66717


Winamax Poker - Tournament "MYSTERY KO" buyIn: 0.90€ + 0.10€ level: 11 - HandId: #3248572211673432100-95-1710608730 - Holdem no limit (140/600/1200) - 2024/03/16 17:05:30 UTC
Table: 'MYSTERY KO(756367159)#0035' 6-max (real money) Seat #3 is the button
Seat 1: P1xel7 (20129)
Seat 2: Lulutighi (20000)
Seat 3: AdGloriAAm (71634)
Seat 4: Nathyk92 (52840)
Seat 5: BOBY742 (120724)
Seat 6: kevd14 (49251)
*** ANTE/BLINDS ***
Nathyk92 posts ante 140
BOBY742 posts ante 140
P1xel7 posts ante 140
Lulutighi posts ante 140
AdGloriAAm posts ante 140
kevd14 posts ante 140
Nathyk92 posts small blind 600
BOBY742 posts big blind 1200
Dealt to P1xel7 [3d Js]
*** PRE-FLOP *** 
kevd14 raises 1200 to 2400
P1xel7 folds
Lulutighi folds
AdGloriAAm folds
Nathyk92 calls 1800
BOBY742 calls 1200
*** FLOP *** [2h As 3h]
Nathyk92 bets 2814
BOBY742 folds
kevd14 folds
Nathyk92 collected 10854 from pot
*** SUMMARY ***
Total pot 10854 | No rake
Board: [2h As 3h]
Seat 4: Nathyk92 (small blind) won 10854


Winamax Poker - Tournament "MYSTERY KO" buyIn: 0.90€ + 0.10€ level: 11 - HandId: #3248572211673432100-96-1710608815 - Holdem no limit (140/600/1200) - 2024/03/16 17:06:55 UTC
Table: 'MYSTERY KO(756367159)#0035' 6-max (real money) Seat #4 is the button
Seat 1: P1xel7 (19989)
Seat 2: Lulutighi (19860)
Seat 3: AdGloriAAm (71494)
Seat 4: Nathyk92 (58340)
Seat 5: BOBY742 (118184)
Seat 6: kevd14 (46711)
*** ANTE/BLINDS ***
BOBY742 posts ante 140
kevd14 posts ante 140
P1xel7 posts ante 140
Lulutighi posts ante 140
AdGloriAAm posts ante 140
Nathyk92 posts ante 140
BOBY742 posts small blind 600
kevd14 posts big blind 1200
Dealt to P1xel7 [5d 7s]
*** PRE-FLOP *** 
P1xel7 folds
Lulutighi calls 1200
AdGloriAAm folds
Nathyk92 calls 1200
BOBY742 calls 600
kevd14 checks
*** FLOP *** [3h Th 4d]
BOBY742 checks
kevd14 checks
Lulutighi bets 1200
Nathyk92 folds
BOBY742 calls 1200
kevd14 calls 1200
*** TURN *** [3h Th 4d][Qs]
BOBY742 checks
kevd14 checks
Lulutighi checks
*** RIVER *** [3h Th 4d Qs][2h]
BOBY742 bets 6006
kevd14 folds
Lulutighi calls 6006
*** SHOW DOWN ***
Lulutighi shows [9c Ts] (One pair : Tens)
BOBY742 shows [7h 6h] (Flush Ten high)
BOBY742 collected 21252 from pot
*** SUMMARY ***
Total pot 21252 | No rake
Board: [3h Th 4d Qs 2h]
Seat 2: Lulutighi showed [9c Ts] and lost with One pair : Tens
Seat 5: BOBY742 (small blind) showed [7h 6h] and won 21252 with Flush Ten high


Winamax Poker - Tournament "MYSTERY KO" buyIn: 0.90€ + 0.10€ level: 11 - HandId: #3248572211673432100-97-1710608876 - Holdem no limit (140/600/1200) - 2024/03/16 17:07:56 UTC
Table: 'MYSTERY KO(756367159)#0035' 6-max (real money) Seat #5 is the button
Seat 1: P1xel7 (19849)
Seat 2: Lulutighi (11314)
Seat 3: AdGloriAAm (71354)
Seat 4: Nathyk92 (57000)
Seat 5: BOBY742 (130890)
Seat 6: kevd14 (44171)
*** ANTE/BLINDS ***
kevd14 posts ante 140
P1xel7 posts ante 140
Lulutighi posts ante 140
AdGloriAAm posts ante 140
Nathyk92 posts ante 140
BOBY742 posts ante 140
kevd14 posts small blind 600
P1xel7 posts big blind 1200
Dealt to P1xel7 [9c 8c]
*** PRE-FLOP *** 
Lulutighi raises 1200 to 2400
AdGloriAAm folds
Nathyk92 calls 2400
BOBY742 folds
kevd14 calls 1800
P1xel7 calls 1200
*** FLOP *** [8h 2d Jc]
kevd14 checks
P1xel7 bets 3654
Lulutighi raises 3654 to 7308
Nathyk92 folds
kevd14 folds
P1xel7 raises 3654 to 10962
Lulutighi calls 1466 and is all-in
*** TURN *** [8h 2d Jc][5d]
*** RIVER *** [8h 2d Jc 5d][Th]
*** SHOW DOWN ***
P1xel7 shows [9c 8c] (One pair : 8)
Lulutighi shows [Js Qs] (One pair : Jacks)
Lulutighi collected 27988 from main pot
P1xel7 collected 2188 from side pot 1
*** SUMMARY ***
Total pot 30176 | No rake
Board: [8h 2d Jc 5d Th]
Seat 1: P1xel7 (big blind) showed [9c 8c] and won 2188 with One pair : 8
Seat 2: Lulutighi showed [Js Qs] and won 27988 with One pair : Jacks


Winamax Poker - Tournament "MYSTERY KO" buyIn: 0.90€ + 0.10€ level: 11 - HandId: #3248572211673432100-98-1710608931 - Holdem no limit (140/600/1200) - 2024/03/16 17:08:51 UTC
Table: 'MYSTERY KO(756367159)#0035' 6-max (real money) Seat #6 is the button
Seat 1: P1xel7 (8535)
Seat 2: Lulutighi (27988)
Seat 3: AdGloriAAm (71214)
Seat 4: Nathyk92 (54460)
Seat 5: BOBY742 (130750)
Seat 6: kevd14 (41631)
*** ANTE/BLINDS ***
P1xel7 posts ante 140
Lulutighi posts ante 140
AdGloriAAm posts ante 140
Nathyk92 posts ante 140
BOBY742 posts ante 140
kevd14 posts ante 140
P1xel7 posts small blind 600
Lulutighi posts big blind 1200
Dealt to P1xel7 [Js 6h]
*** PRE-FLOP *** 
AdGloriAAm folds
Nathyk92 folds
BOBY742 folds
kevd14 folds
P1xel7 folds
Lulutighi collected 2640 from pot
*** SUMMARY ***
Total pot 2640 | No rake
Seat 2: Lulutighi (big blind) won 2640


Winamax Poker - Tournament "MYSTERY KO" buyIn: 0.90€ + 0.10€ level: 11 - HandId: #3248572211673432100-99-1710608959 - Holdem no limit (140/600/1200) - 2024/03/16 17:09:19 UTC
Table: 'MYSTERY KO(756367159)#0035' 6-max (real money) Seat #1 is the button
Seat 1: P1xel7 (7795)
Seat 2: Lulutighi (29288)
Seat 3: AdGloriAAm (71074)
Seat 4: Nathyk92 (54320)
Seat 5: BOBY742 (130610)
Seat 6: kevd14 (41491)
*** ANTE/BLINDS ***
Lulutighi posts ante 140
AdGloriAAm posts ante 140
P1xel7 posts ante 140
Nathyk92 posts ante 140
BOBY742 posts ante 140
kevd14 posts ante 140
Lulutighi posts small blind 600
AdGloriAAm posts big blind 1200
Dealt to P1xel7 [Qd 9s]
*** PRE-FLOP *** 
Nathyk92 folds
BOBY742 folds
kevd14 folds
P1xel7 folds
Lulutighi calls 600
AdGloriAAm checks
*** FLOP *** [7s 8d 8c]
Lulutighi checks
AdGloriAAm bets 1440
Lulutighi calls 1440
*** TURN *** [7s 8d 8c][5c]
Lulutighi checks
AdGloriAAm bets 4590
Lulutighi calls 4590
*** RIVER *** [7s 8d 8c 5c][Ts]
Lulutighi checks
AdGloriAAm bets 7800
Lulutighi raises 14118 to 21918 and is all-in
AdGloriAAm folds
Lulutighi collected 45018 from pot
*** SUMMARY ***
Total pot 45018 | No rake
Board: [7s 8d 8c 5c Ts]
Seat 2: Lulutighi (small blind) won 45018


Winamax Poker - Tournament "MYSTERY KO" buyIn: 0.90€ + 0.10€ level: 11 - HandId: #3248572211673432100-100-1710609056 - Holdem no limit (140/600/1200) - 2024/03/16 17:10:56 UTC
Table: 'MYSTERY KO(756367159)#0035' 6-max (real money) Seat #2 is the button
Seat 1: P1xel7 (7655)
Seat 2: Lulutighi (45018)
Seat 3: AdGloriAAm (55904)
Seat 4: Nathyk92 (54180)
Seat 5: BOBY742 (130470)
Seat 6: kevd14 (41351)
*** ANTE/BLINDS ***
AdGloriAAm posts ante 140
Nathyk92 posts ante 140
P1xel7 posts ante 140
Lulutighi posts ante 140
BOBY742 posts ante 140
kevd14 posts ante 140
AdGloriAAm posts small blind 600
Nathyk92 posts big blind 1200
Dealt to P1xel7 [Ac 7c]
*** PRE-FLOP *** 
BOBY742 folds
kevd14 folds
P1xel7 raises 6315 to 7515 and is all-in
Lulutighi folds
AdGloriAAm folds
Nathyk92 folds
P1xel7 collected 10155 from pot
*** SUMMARY ***
Total pot 10155 | No rake
Seat 1: P1xel7 won 10155


Winamax Poker - Tournament "MYSTERY KO" buyIn: 0.90€ + 0.10€ level: 11 - HandId: #3248572211673432100-101-1710609080 - Holdem no limit (140/600/1200) - 2024/03/16 17:11:20 UTC
Table: 'MYSTERY KO(756367159)#0035' 6-max (real money) Seat #3 is the button
Seat 1: P1xel7 (10155)
Seat 2: Lulutighi (44878)
Seat 3: AdGloriAAm (55164)
Seat 4: Nathyk92 (52840)
Seat 5: BOBY742 (130330)
Seat 6: kevd14 (41211)
*** ANTE/BLINDS ***
Nathyk92 posts ante 140
BOBY742 posts ante 140
P1xel7 posts ante 140
Lulutighi posts ante 140
AdGloriAAm posts ante 140
kevd14 posts ante 140
Nathyk92 posts small blind 600
BOBY742 posts big blind 1200
Dealt to P1xel7 [Qc 5c]
*** PRE-FLOP *** 
kevd14 folds
P1xel7 folds
Lulutighi folds
AdGloriAAm raises 1440 to 2640
Nathyk92 folds
BOBY742 folds
AdGloriAAm collected 5280 from pot
*** SUMMARY ***
Total pot 5280 | No rake
Seat 3: AdGloriAAm (button) won 5280


Winamax Poker - Tournament "MYSTERY KO" buyIn: 0.90€ + 0.10€ level: 11 - HandId: #3248572211673432100-102-1710609108 - Holdem no limit (140/600/1200) - 2024/03/16 17:11:48 UTC
Table: 'MYSTERY KO(756367159)#0035' 6-max (real money) Seat #4 is the button
Seat 1: P1xel7 (10015)
Seat 2: Lulutighi (44738)
Seat 3: AdGloriAAm (57664)
Seat 4: Nathyk92 (52100)
Seat 5: BOBY742 (128990)
Seat 6: kevd14 (41071)
*** ANTE/BLINDS ***
BOBY742 posts ante 140
kevd14 posts ante 140
P1xel7 posts ante 140
Lulutighi posts ante 140
AdGloriAAm posts ante 140
Nathyk92 posts ante 140
BOBY742 posts small blind 600
kevd14 posts big blind 1200
Dealt to P1xel7 [Jc 5c]
*** PRE-FLOP *** 
P1xel7 folds
Lulutighi calls 1200
AdGloriAAm raises 3000 to 4200
Nathyk92 folds
BOBY742 folds
kevd14 folds
Lulutighi folds
AdGloriAAm collected 8040 from pot
*** SUMMARY ***
Total pot 8040 | No rake
Seat 3: AdGloriAAm won 8040


Winamax Poker - Tournament "MYSTERY KO" buyIn: 0.90€ + 0.10€ level: 12 - HandId: #3248572211673432100-103-1710609138 - Holdem no limit (160/700/1400) - 2024/03/16 17:12:18 UTC
Table: 'MYSTERY KO(756367159)#0035' 6-max (real money) Seat #5 is the button
Seat 1: P1xel7 (9875)
Seat 2: Lulutighi (43398)
Seat 3: AdGloriAAm (61364)
Seat 4: Nathyk92 (51960)
Seat 5: BOBY742 (128250)
Seat 6: kevd14 (39731)
*** ANTE/BLINDS ***
kevd14 posts ante 160
P1xel7 posts ante 160
Lulutighi posts ante 160
AdGloriAAm posts ante 160
Nathyk92 posts ante 160
BOBY742 posts ante 160
kevd14 posts small blind 700
P1xel7 posts big blind 1400
Dealt to P1xel7 [6c Kh]
*** PRE-FLOP *** 
Lulutighi calls 1400
AdGloriAAm raises 3500 to 4900
Nathyk92 folds
BOBY742 calls 4900
kevd14 folds
P1xel7 folds
Lulutighi calls 3500
*** FLOP *** [9c Qh Ks]
Lulutighi checks
AdGloriAAm bets 5861
BOBY742 raises 5861 to 11722
Lulutighi raises 26616 to 38338 and is all-in
AdGloriAAm folds
BOBY742 calls 26616
*** TURN *** [9c Qh Ks][5d]
*** RIVER *** [9c Qh Ks 5d][4s]
*** SHOW DOWN ***
BOBY742 shows [Kd Qs] (Two pairs : Kings and Queens)
Lulutighi shows [Jd Ts] (Straight King high)
Lulutighi collected 100297 from pot
*** SUMMARY ***
Total pot 100297 | No rake
Board: [9c Qh Ks 5d 4s]
Seat 2: Lulutighi showed [Jd Ts] and won 100297 with Straight King high
Seat 5: BOBY742 (button) showed [Kd Qs] and lost with Two pairs : Kings and Queens


Winamax Poker - Tournament "MYSTERY KO" buyIn: 0.90€ + 0.10€ level: 12 - HandId: #3248572211673432087-144-1710609246 - Holdem no limit (160/700/1400) - 2024/03/16 17:14:06 UTC
Table: 'MYSTERY KO(756367159)#0022' 6-max (real money) Seat #1 is the button
Seat 1: sesame13 (33660)
Seat 2: franck7610 (100404)
Seat 3: lobotomizado (83085)
Seat 4: manu83400 (43195)
Seat 5: vic145 (61925)
Seat 6: P1xel7 (8315)
*** ANTE/BLINDS ***
franck7610 posts ante 160
lobotomizado posts ante 160
sesame13 posts ante 160
manu83400 posts ante 160
vic145 posts ante 160
P1xel7 posts ante 160
franck7610 posts small blind 700
lobotomizado posts big blind 1400
Dealt to P1xel7 [2c 9c]
*** PRE-FLOP *** 
manu83400 folds
vic145 folds
P1xel7 folds
sesame13 folds
franck7610 calls 700
lobotomizado checks
*** FLOP *** [Tc 4d Ad]
franck7610 checks
lobotomizado bets 1880
franck7610 folds
lobotomizado collected 5640 from pot
*** SUMMARY ***
Total pot 5640 | No rake
Board: [Tc 4d Ad]
Seat 3: lobotomizado (big blind) won 5640


Winamax Poker - Tournament "MYSTERY KO" buyIn: 0.90€ + 0.10€ level: 12 - HandId: #3248572211673432087-145-1710609284 - Holdem no limit (160/700/1400) - 2024/03/16 17:14:44 UTC
Table: 'MYSTERY KO(756367159)#0022' 6-max (real money) Seat #2 is the button
Seat 1: sesame13 (33500)
Seat 2: franck7610 (98844)
Seat 3: lobotomizado (85285)
Seat 4: manu83400 (43035)
Seat 5: vic145 (61765)
Seat 6: P1xel7 (8155)
*** ANTE/BLINDS ***
lobotomizado posts ante 160
manu83400 posts ante 160
sesame13 posts ante 160
franck7610 posts ante 160
vic145 posts ante 160
P1xel7 posts ante 160
lobotomizado posts small blind 700
manu83400 posts big blind 1400
Dealt to P1xel7 [Qh Jd]
*** PRE-FLOP *** 
vic145 folds
P1xel7 raises 6595 to 7995 and is all-in
sesame13 folds
franck7610 folds
lobotomizado folds
manu83400 folds
P1xel7 collected 11055 from pot
*** SUMMARY ***
Total pot 11055 | No rake
Seat 6: P1xel7 won 11055


Winamax Poker - Tournament "MYSTERY KO" buyIn: 0.90€ + 0.10€ level: 12 - HandId: #3248572211673432087-146-1710609318 - Holdem no limit (160/700/1400) - 2024/03/16 17:15:18 UTC
Table: 'MYSTERY KO(756367159)#0022' 6-max (real money) Seat #3 is the button
Seat 1: sesame13 (33340)
Seat 2: franck7610 (98684)
Seat 3: lobotomizado (84425)
Seat 4: manu83400 (41475)
Seat 5: vic145 (61605)
Seat 6: P1xel7 (11055)
*** ANTE/BLINDS ***
manu83400 posts ante 160
vic145 posts ante 160
sesame13 posts ante 160
franck7610 posts ante 160
lobotomizado posts ante 160
P1xel7 posts ante 160
manu83400 posts small blind 700
vic145 posts big blind 1400
Dealt to P1xel7 [Kc 6h]
*** PRE-FLOP *** 
P1xel7 folds
sesame13 folds
franck7610 folds
lobotomizado folds
manu83400 calls 700
vic145 checks
*** FLOP *** [Th Tc 8h]
manu83400 checks
vic145 checks
*** TURN *** [Th Tc 8h][Ah]
manu83400 bets 1400
vic145 calls 1400
*** RIVER *** [Th Tc 8h Ah][9h]
manu83400 checks
vic145 checks
*** SHOW DOWN ***
manu83400 shows [4c Qs] (One pair : Tens)
vic145 shows [Ad 3h] (Flush Ace high)
vic145 collected 6560 from pot
*** SUMMARY ***
Total pot 6560 | No rake
Board: [Th Tc 8h Ah 9h]
Seat 4: manu83400 (small blind) showed [4c Qs] and lost with One pair : Tens
Seat 5: vic145 (big blind) showed [Ad 3h] and won 6560 with Flush Ace high


Winamax Poker - Tournament "MYSTERY KO" buyIn: 0.90€ + 0.10€ level: 12 - HandId: #3248572211673432087-147-1710609371 - Holdem no limit (160/700/1400) - 2024/03/16 17:16:11 UTC
Table: 'MYSTERY KO(756367159)#0022' 6-max (real money) Seat #4 is the button
Seat 1: sesame13 (33180)
Seat 2: franck7610 (98524)
Seat 3: lobotomizado (84265)
Seat 4: manu83400 (38515)
Seat 5: vic145 (65205)
Seat 6: P1xel7 (10895)
*** ANTE/BLINDS ***
vic145 posts ante 160
P1xel7 posts ante 160
sesame13 posts ante 160
franck7610 posts ante 160
lobotomizado posts ante 160
manu83400 posts ante 160
vic145 posts small blind 700
P1xel7 posts big blind 1400
Dealt to P1xel7 [6c Js]
*** PRE-FLOP *** 
sesame13 folds
franck7610 folds
lobotomizado raises 2100 to 3500
manu83400 calls 3500
vic145 folds
P1xel7 calls 2100
*** FLOP *** [7d 3s Td]
P1xel7 checks
lobotomizado bets 7904
manu83400 calls 7904
P1xel7 folds
*** TURN *** [7d 3s Td][Qc]
lobotomizado bets 27968
manu83400 calls 26951 and is all-in
*** RIVER *** [7d 3s Td Qc][Qd]
*** SHOW DOWN ***
lobotomizado shows [Ad Tc] (Two pairs : Queens and Tens)
manu83400 shows [Ac Qs] (Trips of Queens)
manu83400 collected 81870 from main pot
lobotomizado collected 1017 from side pot 1
*** SUMMARY ***
Total pot 82887 | No rake
Board: [7d 3s Td Qc Qd]
Seat 3: lobotomizado showed [Ad Tc] and won 1017 with Two pairs : Queens and Tens
Seat 4: manu83400 (button) showed [Ac Qs] and won 81870 with Trips of Queens


Winamax Poker - Tournament "MYSTERY KO" buyIn: 0.90€ + 0.10€ level: 12 - HandId: #3248572211673432087-148-1710609420 - Holdem no limit (160/700/1400) - 2024/03/16 17:17:00 UTC
Table: 'MYSTERY KO(756367159)#0022' 6-max (real money) Seat #5 is the button
Seat 1: sesame13 (33020)
Seat 2: franck7610 (98364)
Seat 3: lobotomizado (45750)
Seat 4: manu83400 (81870)
Seat 5: vic145 (64345)
Seat 6: P1xel7 (7235)
*** ANTE/BLINDS ***
P1xel7 posts ante 160
sesame13 posts ante 160
franck7610 posts ante 160
lobotomizado posts ante 160
manu83400 posts ante 160
vic145 posts ante 160
P1xel7 posts small blind 700
sesame13 posts big blind 1400
Dealt to P1xel7 [2h 6s]
*** PRE-FLOP *** 
franck7610 calls 1400
lobotomizado folds
manu83400 folds
vic145 calls 1400
P1xel7 calls 700
sesame13 checks
*** FLOP *** [3s 7d 9h]
P1xel7 checks
sesame13 checks
franck7610 bets 2296
vic145 folds
P1xel7 folds
sesame13 folds
franck7610 collected 8856 from pot
*** SUMMARY ***
Total pot 8856 | No rake
Board: [3s 7d 9h]
Seat 2: franck7610 won 8856


Winamax Poker - Tournament "MYSTERY KO" buyIn: 0.90€ + 0.10€ level: 12 - HandId: #3248572211673432087-149-1710609482 - Holdem no limit (160/700/1400) - 2024/03/16 17:18:02 UTC
Table: 'MYSTERY KO(756367159)#0022' 6-max (real money) Seat #6 is the button
Seat 1: sesame13 (31460)
Seat 2: franck7610 (103364)
Seat 3: lobotomizado (45590)
Seat 4: manu83400 (81710)
Seat 5: vic145 (62785)
Seat 6: P1xel7 (5675)
*** ANTE/BLINDS ***
sesame13 posts ante 160
franck7610 posts ante 160
lobotomizado posts ante 160
manu83400 posts ante 160
vic145 posts ante 160
P1xel7 posts ante 160
sesame13 posts small blind 700
franck7610 posts big blind 1400
Dealt to P1xel7 [As Kh]
*** PRE-FLOP *** 
lobotomizado folds
manu83400 folds
vic145 folds
P1xel7 raises 4115 to 5515 and is all-in
sesame13 folds
franck7610 folds
P1xel7 collected 8575 from pot
*** SUMMARY ***
Total pot 8575 | No rake
Seat 6: P1xel7 (button) won 8575


Winamax Poker - Tournament "MYSTERY KO" buyIn: 0.90€ + 0.10€ level: 12 - HandId: #3248572211673432087-150-1710609511 - Holdem no limit (160/700/1400) - 2024/03/16 17:18:31 UTC
Table: 'MYSTERY KO(756367159)#0022' 6-max (real money) Seat #1 is the button
Seat 1: sesame13 (30600)
Seat 2: franck7610 (101804)
Seat 3: lobotomizado (45430)
Seat 4: manu83400 (81550)
Seat 5: vic145 (62625)
Seat 6: P1xel7 (8575)
*** ANTE/BLINDS ***
franck7610 posts ante 160
lobotomizado posts ante 160
sesame13 posts ante 160
manu83400 posts ante 160
vic145 posts ante 160
P1xel7 posts ante 160
franck7610 posts small blind 700
lobotomizado posts big blind 1400
Dealt to P1xel7 [2h 8c]
*** PRE-FLOP *** 
manu83400 folds
vic145 folds
P1xel7 folds
sesame13 calls 1400
franck7610 calls 700
lobotomizado checks
*** FLOP *** [Jc Ah Td]
franck7610 checks
lobotomizado checks
sesame13 bets 1806
franck7610 folds
lobotomizado folds
sesame13 collected 6966 from pot
*** SUMMARY ***
Total pot 6966 | No rake
Board: [Jc Ah Td]
Seat 1: sesame13 (button) won 6966


Winamax Poker - Tournament "MYSTERY KO" buyIn: 0.90€ + 0.10€ level: 13 - HandId: #3248572211673432087-151-1710609564 - Holdem no limit (200/800/1600) - 2024/03/16 17:19:24 UTC
Table: 'MYSTERY KO(756367159)#0022' 6-max (real money) Seat #2 is the button
Seat 1: sesame13 (34200)
Seat 2: franck7610 (100244)
Seat 3: lobotomizado (43870)
Seat 4: manu83400 (81390)
Seat 5: vic145 (62465)
Seat 6: P1xel7 (8415)
*** ANTE/BLINDS ***
lobotomizado posts ante 200
manu83400 posts ante 200
sesame13 posts ante 200
franck7610 posts ante 200
vic145 posts ante 200
P1xel7 posts ante 200
lobotomizado posts small blind 800
manu83400 posts big blind 1600
Dealt to P1xel7 [Ad Tc]
*** PRE-FLOP *** 
vic145 folds
P1xel7 raises 6615 to 8215 and is all-in
sesame13 folds
franck7610 folds
lobotomizado raises 35455 to 43670 and is all-in
manu83400 folds
*** FLOP *** [Kh 9s Jd]
*** TURN *** [Kh 9s Jd][7s]
*** RIVER *** [Kh 9s Jd 7s][7d]
*** SHOW DOWN ***
P1xel7 shows [Ad Tc] (One pair : 7)
lobotomizado shows [Ah Qd] (One pair : 7)
lobotomizado collected 54685 from pot
*** SUMMARY ***
Total pot 54685 | No rake
Board: [Kh 9s Jd 7s 7d]
Seat 3: lobotomizado (small blind) showed [Ah Qd] and won 54685 with One pair : 7
Seat 6: P1xel7 showed [Ad Tc] and lost with One pair : 7


