Winamax Poker - Tournament "MiniRoll" buyIn: 0.45€ + 0.05€ level: 3 - HandId: #3251756015095382019-23-1710788832 - Holdem no limit (35/150/300) - 2024/03/18 19:07:12 UTC
Table: 'MiniRoll(757108446)#002' 8-max (real money) Seat #5 is the button
Seat 1: Eko7 (1034)
Seat 3: jdeepenshort (46283)
Seat 4: El_loco8 (23070)
Seat 5: Mancoco766 (18151)
Seat 6: Argent.Sage2 (17544)
Seat 7: P1xel7 (20000)
Seat 8: POKERACE22 (42568)
*** ANTE/BLINDS ***
Argent.Sage2 posts ante 35
P1xel7 posts ante 35
Eko7 posts ante 35
jdeepenshort posts ante 35
El_loco8 posts ante 35
Mancoco766 posts ante 35
POKERACE22 posts ante 35
Argent.Sage2 posts small blind 150
P1xel7 posts big blind 300
Dealt to P1xel7 [6s Ts]
*** PRE-FLOP *** 
POKERACE22 folds
Eko7 folds
jdeepenshort folds
El_loco8 folds
Mancoco766 folds
Argent.Sage2 calls 150
P1xel7 checks
*** FLOP *** [9s Js 7h]
Argent.Sage2 checks
P1xel7 checks
*** TURN *** [9s Js 7h][6h]
Argent.Sage2 checks
P1xel7 bets 450
Argent.Sage2 folds
P1xel7 collected 1295 from pot
*** SUMMARY ***
Total pot 1295 | No rake
Board: [9s Js 7h 6h]
Seat 7: P1xel7 (big blind) won 1295


Winamax Poker - Tournament "MiniRoll" buyIn: 0.45€ + 0.05€ level: 3 - HandId: #3251756015095382019-24-1710788903 - Holdem no limit (35/150/300) - 2024/03/18 19:08:23 UTC
Table: 'MiniRoll(757108446)#002' 8-max (real money) Seat #6 is the button
Seat 1: Eko7 (999)
Seat 3: jdeepenshort (46248)
Seat 4: El_loco8 (23035)
Seat 5: Mancoco766 (18116)
Seat 6: Argent.Sage2 (17209)
Seat 7: P1xel7 (20510)
Seat 8: POKERACE22 (42533)
*** ANTE/BLINDS ***
P1xel7 posts ante 35
POKERACE22 posts ante 35
Eko7 posts ante 35
jdeepenshort posts ante 35
El_loco8 posts ante 35
Mancoco766 posts ante 35
Argent.Sage2 posts ante 35
P1xel7 posts small blind 150
POKERACE22 posts big blind 300
Dealt to P1xel7 [2h 9d]
*** PRE-FLOP *** 
Eko7 folds
jdeepenshort folds
El_loco8 folds
Mancoco766 folds
Argent.Sage2 folds
P1xel7 folds
POKERACE22 collected 695 from pot
*** SUMMARY ***
Total pot 695 | No rake
Seat 8: POKERACE22 (big blind) won 695


Winamax Poker - Tournament "MiniRoll" buyIn: 0.45€ + 0.05€ level: 3 - HandId: #3251756015095382019-25-1710788943 - Holdem no limit (35/150/300) - 2024/03/18 19:09:03 UTC
Table: 'MiniRoll(757108446)#002' 8-max (real money) Seat #7 is the button
Seat 1: Eko7 (964)
Seat 3: jdeepenshort (46213)
Seat 4: El_loco8 (23000)
Seat 5: Mancoco766 (18081)
Seat 6: Argent.Sage2 (17174)
Seat 7: P1xel7 (20325)
Seat 8: POKERACE22 (42893)
*** ANTE/BLINDS ***
POKERACE22 posts ante 35
Eko7 posts ante 35
jdeepenshort posts ante 35
El_loco8 posts ante 35
Mancoco766 posts ante 35
Argent.Sage2 posts ante 35
P1xel7 posts ante 35
POKERACE22 posts small blind 150
Eko7 posts big blind 300
Dealt to P1xel7 [Jh Qd]
*** PRE-FLOP *** 
jdeepenshort folds
El_loco8 folds
Mancoco766 calls 300
Argent.Sage2 folds
P1xel7 raises 900 to 1200
POKERACE22 folds
Eko7 calls 629 and is all-in
Mancoco766 calls 900
*** FLOP *** [6h Kh 2h]
Mancoco766 bets 2979
P1xel7 folds
*** TURN *** [6h Kh 2h][6d]
*** RIVER *** [6h Kh 2h 6d][As]
*** SHOW DOWN ***
Eko7 shows [8d Ac] (Two pairs : Aces and 6)
Mancoco766 shows [2c 2d] (Full of 2 and 6)
Mancoco766 collected 6703 from pot
*** SUMMARY ***
Total pot 6703 | No rake
Board: [6h Kh 2h 6d As]
Seat 1: Eko7 (big blind) showed [8d Ac] and lost with Two pairs : Aces and 6
Seat 5: Mancoco766 showed [2c 2d] and won 6703 with Full of 2 and 6


Winamax Poker - Tournament "MiniRoll" buyIn: 0.45€ + 0.05€ level: 3 - HandId: #3251756015095382019-26-1710789016 - Holdem no limit (35/150/300) - 2024/03/18 19:10:16 UTC
Table: 'MiniRoll(757108446)#002' 8-max (real money) Seat #8 is the button
Seat 3: jdeepenshort (46178)
Seat 4: El_loco8 (22965)
Seat 5: Mancoco766 (20570)
Seat 6: Argent.Sage2 (17139)
Seat 7: P1xel7 (19090)
Seat 8: POKERACE22 (42708)
*** ANTE/BLINDS ***
jdeepenshort posts ante 35
El_loco8 posts ante 35
Mancoco766 posts ante 35
Argent.Sage2 posts ante 35
P1xel7 posts ante 35
POKERACE22 posts ante 35
jdeepenshort posts big blind 300
Dealt to P1xel7 [4h 8s]
*** PRE-FLOP *** 
El_loco8 calls 300
Mancoco766 calls 300
Argent.Sage2 raises 300 to 600
P1xel7 folds
POKERACE22 folds
jdeepenshort folds
El_loco8 folds
Mancoco766 calls 300
*** FLOP *** [7s Kd 5d]
Mancoco766 checks
Argent.Sage2 checks
*** TURN *** [7s Kd 5d][7h]
Mancoco766 checks
Argent.Sage2 checks
*** RIVER *** [7s Kd 5d 7h][Ah]
Mancoco766 checks
Argent.Sage2 bets 1005
Mancoco766 folds
Argent.Sage2 collected 3015 from pot
*** SUMMARY ***
Total pot 3015 | No rake
Board: [7s Kd 5d 7h Ah]
Seat 6: Argent.Sage2 won 3015


Winamax Poker - Tournament "MiniRoll" buyIn: 0.45€ + 0.05€ level: 4 - HandId: #3251756015095382019-27-1710789137 - Holdem no limit (40/175/350) - 2024/03/18 19:12:17 UTC
Table: 'MiniRoll(757108446)#002' 8-max (real money) Seat #1 is the button
Seat 1: To tony (20000)
Seat 3: jdeepenshort (45843)
Seat 4: El_loco8 (22630)
Seat 5: Mancoco766 (19935)
Seat 6: Argent.Sage2 (18514)
Seat 7: P1xel7 (19055)
Seat 8: POKERACE22 (42673)
*** ANTE/BLINDS ***
jdeepenshort posts ante 40
El_loco8 posts ante 40
Mancoco766 posts ante 40
Argent.Sage2 posts ante 40
P1xel7 posts ante 40
POKERACE22 posts ante 40
jdeepenshort posts small blind 175
El_loco8 posts big blind 350
Dealt to P1xel7 [6d Qh]
*** PRE-FLOP *** 
Mancoco766 folds
Argent.Sage2 folds
P1xel7 folds
POKERACE22 raises 438 to 788
jdeepenshort folds
El_loco8 folds
POKERACE22 collected 1553 from pot
*** SUMMARY ***
Total pot 1553 | No rake
Seat 8: POKERACE22 won 1553


Winamax Poker - Tournament "MiniRoll" buyIn: 0.45€ + 0.05€ level: 4 - HandId: #3251756015095382019-28-1710789151 - Holdem no limit (40/175/350) - 2024/03/18 19:12:31 UTC
Table: 'MiniRoll(757108446)#002' 8-max (real money) Seat #3 is the button
Seat 1: To tony (20000)
Seat 3: jdeepenshort (45628)
Seat 4: El_loco8 (22240)
Seat 5: Mancoco766 (19895)
Seat 6: Argent.Sage2 (18474)
Seat 7: P1xel7 (19015)
Seat 8: POKERACE22 (43398)
*** ANTE/BLINDS ***
El_loco8 posts ante 40
Mancoco766 posts ante 40
To tony posts ante 40
jdeepenshort posts ante 40
Argent.Sage2 posts ante 40
P1xel7 posts ante 40
POKERACE22 posts ante 40
El_loco8 posts small blind 175
Mancoco766 posts big blind 350
Dealt to P1xel7 [5s Kd]
*** PRE-FLOP *** 
Argent.Sage2 calls 350
P1xel7 folds
POKERACE22 calls 350
To tony folds
jdeepenshort folds
El_loco8 folds
Mancoco766 checks
*** FLOP *** [4h Ah 5h]
Mancoco766 checks
Argent.Sage2 checks
POKERACE22 checks
*** TURN *** [4h Ah 5h][7c]
Mancoco766 checks
Argent.Sage2 bets 527
POKERACE22 folds
Mancoco766 folds
Argent.Sage2 collected 2032 from pot
*** SUMMARY ***
Total pot 2032 | No rake
Board: [4h Ah 5h 7c]
Seat 6: Argent.Sage2 won 2032


Winamax Poker - Tournament "MiniRoll" buyIn: 0.45€ + 0.05€ level: 4 - HandId: #3251756015095382019-29-1710789248 - Holdem no limit (40/175/350) - 2024/03/18 19:14:08 UTC
Table: 'MiniRoll(757108446)#002' 8-max (real money) Seat #4 is the button
Seat 1: To tony (19960)
Seat 2: krisnack9459 (20000)
Seat 3: jdeepenshort (45588)
Seat 4: El_loco8 (22025)
Seat 5: Mancoco766 (19505)
Seat 6: Argent.Sage2 (19589)
Seat 7: P1xel7 (18975)
Seat 8: POKERACE22 (43008)
*** ANTE/BLINDS ***
Mancoco766 posts ante 40
Argent.Sage2 posts ante 40
To tony posts ante 40
krisnack9459 posts ante 40
jdeepenshort posts ante 40
El_loco8 posts ante 40
P1xel7 posts ante 40
POKERACE22 posts ante 40
Mancoco766 posts small blind 175
Argent.Sage2 posts big blind 350
Dealt to P1xel7 [4h 3h]
*** PRE-FLOP *** 
P1xel7 folds
POKERACE22 folds
To tony calls 350
krisnack9459 folds
jdeepenshort folds
El_loco8 raises 525 to 875
Mancoco766 calls 700
Argent.Sage2 folds
To tony folds
*** FLOP *** [7h Ks 5s]
Mancoco766 checks
El_loco8 checks
*** TURN *** [7h Ks 5s][Tc]
Mancoco766 checks
El_loco8 bets 969
Mancoco766 calls 969
*** RIVER *** [7h Ks 5s Tc][5c]
Mancoco766 checks
El_loco8 bets 3060
Mancoco766 folds
El_loco8 collected 7768 from pot
*** SUMMARY ***
Total pot 7768 | No rake
Board: [7h Ks 5s Tc 5c]
Seat 4: El_loco8 (button) won 7768


Winamax Poker - Tournament "MiniRoll" buyIn: 0.45€ + 0.05€ level: 4 - HandId: #3251756015095382019-30-1710789321 - Holdem no limit (40/175/350) - 2024/03/18 19:15:21 UTC
Table: 'MiniRoll(757108446)#002' 8-max (real money) Seat #5 is the button
Seat 1: To tony (19570)
Seat 2: krisnack9459 (19960)
Seat 3: jdeepenshort (45548)
Seat 4: El_loco8 (24849)
Seat 5: Mancoco766 (17621)
Seat 6: Argent.Sage2 (19199)
Seat 7: P1xel7 (18935)
Seat 8: POKERACE22 (42968)
*** ANTE/BLINDS ***
Argent.Sage2 posts ante 40
P1xel7 posts ante 40
To tony posts ante 40
krisnack9459 posts ante 40
jdeepenshort posts ante 40
El_loco8 posts ante 40
Mancoco766 posts ante 40
POKERACE22 posts ante 40
Argent.Sage2 posts small blind 175
P1xel7 posts big blind 350
Dealt to P1xel7 [Kh 7c]
*** PRE-FLOP *** 
POKERACE22 folds
To tony calls 350
krisnack9459 folds
jdeepenshort folds
El_loco8 raises 525 to 875
Mancoco766 folds
Argent.Sage2 folds
P1xel7 folds
To tony calls 525
*** FLOP *** [3d 2s Ad]
To tony checks
El_loco8 checks
*** TURN *** [3d 2s Ad][6d]
To tony bets 350
El_loco8 calls 350
*** RIVER *** [3d 2s Ad 6d][8s]
To tony bets 350
El_loco8 raises 350 to 700
To tony calls 350
*** SHOW DOWN ***
To tony shows [Jd 3h] (One pair : 3)
El_loco8 shows [9s 9c] (One pair : 9)
El_loco8 collected 4695 from pot
*** SUMMARY ***
Total pot 4695 | No rake
Board: [3d 2s Ad 6d 8s]
Seat 1: To tony showed [Jd 3h] and lost with One pair : 3
Seat 4: El_loco8 showed [9s 9c] and won 4695 with One pair : 9


Winamax Poker - Tournament "MiniRoll" buyIn: 0.45€ + 0.05€ level: 5 - HandId: #3251756015095382019-31-1710789403 - Holdem no limit (50/200/400) - 2024/03/18 19:16:43 UTC
Table: 'MiniRoll(757108446)#002' 8-max (real money) Seat #6 is the button
Seat 2: krisnack9459 (19920)
Seat 3: jdeepenshort (45508)
Seat 4: El_loco8 (27579)
Seat 5: Mancoco766 (17581)
Seat 6: Argent.Sage2 (18984)
Seat 7: P1xel7 (18545)
Seat 8: POKERACE22 (42928)
*** ANTE/BLINDS ***
P1xel7 posts ante 50
POKERACE22 posts ante 50
krisnack9459 posts ante 50
jdeepenshort posts ante 50
El_loco8 posts ante 50
Mancoco766 posts ante 50
Argent.Sage2 posts ante 50
P1xel7 posts small blind 200
POKERACE22 posts big blind 400
Dealt to P1xel7 [Qd 5h]
*** PRE-FLOP *** 
krisnack9459 folds
jdeepenshort raises 400 to 800
El_loco8 folds
Mancoco766 calls 800
Argent.Sage2 folds
P1xel7 folds
POKERACE22 calls 400
*** FLOP *** [4d 7d 2s]
POKERACE22 checks
jdeepenshort checks
Mancoco766 checks
*** TURN *** [4d 7d 2s][Ad]
POKERACE22 checks
jdeepenshort checks
Mancoco766 bets 1033
POKERACE22 folds
jdeepenshort folds
Mancoco766 collected 3983 from pot
*** SUMMARY ***
Total pot 3983 | No rake
Board: [4d 7d 2s Ad]
Seat 5: Mancoco766 won 3983


Winamax Poker - Tournament "MiniRoll" buyIn: 0.45€ + 0.05€ level: 5 - HandId: #3251756015095382019-32-1710789479 - Holdem no limit (50/200/400) - 2024/03/18 19:17:59 UTC
Table: 'MiniRoll(757108446)#002' 8-max (real money) Seat #7 is the button
Seat 1: MARME1313 (20000)
Seat 2: krisnack9459 (19870)
Seat 3: jdeepenshort (44658)
Seat 4: El_loco8 (27529)
Seat 5: Mancoco766 (19681)
Seat 6: Argent.Sage2 (18934)
Seat 7: P1xel7 (18295)
Seat 8: POKERACE22 (42078)
*** ANTE/BLINDS ***
POKERACE22 posts ante 50
MARME1313 posts ante 50
krisnack9459 posts ante 50
jdeepenshort posts ante 50
El_loco8 posts ante 50
Mancoco766 posts ante 50
Argent.Sage2 posts ante 50
P1xel7 posts ante 50
POKERACE22 posts small blind 200
MARME1313 posts big blind 400
Dealt to P1xel7 [2d Kd]
*** PRE-FLOP *** 
krisnack9459 folds
jdeepenshort folds
El_loco8 folds
Mancoco766 folds
Argent.Sage2 folds
P1xel7 folds
POKERACE22 folds
MARME1313 collected 1000 from pot
*** SUMMARY ***
Total pot 1000 | No rake
Seat 1: MARME1313 (big blind) won 1000


Winamax Poker - Tournament "MiniRoll" buyIn: 0.45€ + 0.05€ level: 5 - HandId: #3251756015095382019-33-1710789514 - Holdem no limit (50/200/400) - 2024/03/18 19:18:34 UTC
Table: 'MiniRoll(757108446)#002' 8-max (real money) Seat #8 is the button
Seat 1: MARME1313 (20550)
Seat 2: krisnack9459 (19820)
Seat 3: jdeepenshort (44608)
Seat 4: El_loco8 (27479)
Seat 5: Mancoco766 (19631)
Seat 6: Argent.Sage2 (18884)
Seat 7: P1xel7 (18245)
Seat 8: POKERACE22 (41828)
*** ANTE/BLINDS ***
MARME1313 posts ante 50
krisnack9459 posts ante 50
jdeepenshort posts ante 50
El_loco8 posts ante 50
Mancoco766 posts ante 50
Argent.Sage2 posts ante 50
P1xel7 posts ante 50
POKERACE22 posts ante 50
MARME1313 posts small blind 200
krisnack9459 posts big blind 400
Dealt to P1xel7 [3c Kh]
*** PRE-FLOP *** 
jdeepenshort folds
El_loco8 folds
Mancoco766 folds
Argent.Sage2 folds
P1xel7 folds
POKERACE22 raises 800 to 1200
MARME1313 calls 1000
krisnack9459 folds
*** FLOP *** [Kc 5c 4c]
MARME1313 checks
POKERACE22 checks
*** TURN *** [Kc 5c 4c][6h]
MARME1313 checks
POKERACE22 bets 1600
MARME1313 raises 6400 to 8000
POKERACE22 calls 6400
*** RIVER *** [Kc 5c 4c 6h][Jh]
MARME1313 bets 6720
POKERACE22 calls 6720
*** SHOW DOWN ***
POKERACE22 shows [Ah Ac] (One pair : Aces)
MARME1313 shows [5s 4d] (Two pairs : 5 and 4)
MARME1313 collected 32640 from pot
*** SUMMARY ***
Total pot 32640 | No rake
Board: [Kc 5c 4c 6h Jh]
Seat 1: MARME1313 (small blind) showed [5s 4d] and won 32640 with Two pairs : 5 and 4
Seat 8: POKERACE22 (button) showed [Ah Ac] and lost with One pair : Aces


Winamax Poker - Tournament "MiniRoll" buyIn: 0.45€ + 0.05€ level: 5 - HandId: #3251756015095382019-34-1710789588 - Holdem no limit (50/200/400) - 2024/03/18 19:19:48 UTC
Table: 'MiniRoll(757108446)#002' 8-max (real money) Seat #1 is the button
Seat 1: MARME1313 (37220)
Seat 2: krisnack9459 (19370)
Seat 3: jdeepenshort (44558)
Seat 5: Mancoco766 (19581)
Seat 6: Argent.Sage2 (18834)
Seat 7: P1xel7 (18195)
Seat 8: POKERACE22 (25858)
*** ANTE/BLINDS ***
krisnack9459 posts ante 50
jdeepenshort posts ante 50
MARME1313 posts ante 50
Mancoco766 posts ante 50
Argent.Sage2 posts ante 50
P1xel7 posts ante 50
POKERACE22 posts ante 50
krisnack9459 posts small blind 200
jdeepenshort posts big blind 400
Dealt to P1xel7 [8s 5s]
*** PRE-FLOP *** 
Mancoco766 folds
Argent.Sage2 folds
P1xel7 folds
POKERACE22 raises 500 to 900
MARME1313 calls 900
krisnack9459 folds
jdeepenshort calls 500
*** FLOP *** [5d Qc 3h]
jdeepenshort checks
POKERACE22 checks
MARME1313 checks
*** TURN *** [5d Qc 3h][Ac]
jdeepenshort checks
POKERACE22 bets 1138
MARME1313 folds
jdeepenshort folds
POKERACE22 collected 4388 from pot
*** SUMMARY ***
Total pot 4388 | No rake
Board: [5d Qc 3h Ac]
Seat 8: POKERACE22 won 4388


Winamax Poker - Tournament "MiniRoll" buyIn: 0.45€ + 0.05€ level: 5 - HandId: #3251756015095382019-35-1710789646 - Holdem no limit (50/200/400) - 2024/03/18 19:20:46 UTC
Table: 'MiniRoll(757108446)#002' 8-max (real money) Seat #2 is the button
Seat 1: MARME1313 (36270)
Seat 2: krisnack9459 (19120)
Seat 3: jdeepenshort (43608)
Seat 5: Mancoco766 (19531)
Seat 6: Argent.Sage2 (18784)
Seat 7: P1xel7 (18145)
Seat 8: POKERACE22 (28158)
*** ANTE/BLINDS ***
jdeepenshort posts ante 50
Mancoco766 posts ante 50
MARME1313 posts ante 50
krisnack9459 posts ante 50
Argent.Sage2 posts ante 50
P1xel7 posts ante 50
POKERACE22 posts ante 50
jdeepenshort posts small blind 200
Mancoco766 posts big blind 400
Dealt to P1xel7 [6s 6d]
*** PRE-FLOP *** 
Argent.Sage2 folds
P1xel7 raises 480 to 880
POKERACE22 folds
MARME1313 calls 880
krisnack9459 raises 1320 to 2200
jdeepenshort folds
Mancoco766 folds
P1xel7 calls 1320
MARME1313 calls 1320
*** FLOP *** [Ah 8c Jh]
P1xel7 checks
MARME1313 checks
krisnack9459 checks
*** TURN *** [Ah 8c Jh][3s]
P1xel7 bets 2600
MARME1313 folds
krisnack9459 folds
P1xel7 collected 10150 from pot
*** SUMMARY ***
Total pot 10150 | No rake
Board: [Ah 8c Jh 3s]
Seat 7: P1xel7 won 10150


Winamax Poker - Tournament "MiniRoll" buyIn: 0.45€ + 0.05€ level: 6 - HandId: #3251756015095382019-36-1710789748 - Holdem no limit (60/250/500) - 2024/03/18 19:22:28 UTC
Table: 'MiniRoll(757108446)#002' 8-max (real money) Seat #3 is the button
Seat 1: MARME1313 (34020)
Seat 2: krisnack9459 (16870)
Seat 3: jdeepenshort (43358)
Seat 5: Mancoco766 (19081)
Seat 6: Argent.Sage2 (18734)
Seat 7: P1xel7 (23445)
Seat 8: POKERACE22 (28108)
*** ANTE/BLINDS ***
Mancoco766 posts ante 60
Argent.Sage2 posts ante 60
MARME1313 posts ante 60
krisnack9459 posts ante 60
jdeepenshort posts ante 60
P1xel7 posts ante 60
POKERACE22 posts ante 60
Mancoco766 posts small blind 250
Argent.Sage2 posts big blind 500
Dealt to P1xel7 [3d Jh]
*** PRE-FLOP *** 
P1xel7 folds
POKERACE22 folds
MARME1313 calls 500
krisnack9459 folds
jdeepenshort folds
Mancoco766 folds
Argent.Sage2 checks
*** FLOP *** [Kd Kh Ac]
Argent.Sage2 checks
MARME1313 checks
*** TURN *** [Kd Kh Ac][Qd]
Argent.Sage2 bets 1670
MARME1313 folds
Argent.Sage2 collected 3340 from pot
*** SUMMARY ***
Total pot 3340 | No rake
Board: [Kd Kh Ac Qd]
Seat 6: Argent.Sage2 (big blind) won 3340


Winamax Poker - Tournament "MiniRoll" buyIn: 0.45€ + 0.05€ level: 6 - HandId: #3251756015095382019-37-1710789796 - Holdem no limit (60/250/500) - 2024/03/18 19:23:16 UTC
Table: 'MiniRoll(757108446)#002' 8-max (real money) Seat #5 is the button
Seat 1: MARME1313 (33460)
Seat 2: krisnack9459 (16810)
Seat 3: jdeepenshort (43298)
Seat 5: Mancoco766 (18771)
Seat 6: Argent.Sage2 (19844)
Seat 7: P1xel7 (23385)
Seat 8: POKERACE22 (28048)
*** ANTE/BLINDS ***
Argent.Sage2 posts ante 60
P1xel7 posts ante 60
MARME1313 posts ante 60
krisnack9459 posts ante 60
jdeepenshort posts ante 60
Mancoco766 posts ante 60
POKERACE22 posts ante 60
Argent.Sage2 posts small blind 250
P1xel7 posts big blind 500
Dealt to P1xel7 [Ah 5h]
*** PRE-FLOP *** 
POKERACE22 folds
MARME1313 folds
krisnack9459 folds
jdeepenshort folds
Mancoco766 folds
Argent.Sage2 folds
P1xel7 collected 1170 from pot
*** SUMMARY ***
Total pot 1170 | No rake
Seat 7: P1xel7 (big blind) won 1170


Winamax Poker - Tournament "MiniRoll" buyIn: 0.45€ + 0.05€ level: 6 - HandId: #3251756015095382019-38-1710789825 - Holdem no limit (60/250/500) - 2024/03/18 19:23:45 UTC
Table: 'MiniRoll(757108446)#002' 8-max (real money) Seat #6 is the button
Seat 1: MARME1313 (33400)
Seat 2: krisnack9459 (16750)
Seat 3: jdeepenshort (43238)
Seat 5: Mancoco766 (18711)
Seat 6: Argent.Sage2 (19534)
Seat 7: P1xel7 (23995)
Seat 8: POKERACE22 (27988)
*** ANTE/BLINDS ***
P1xel7 posts ante 60
POKERACE22 posts ante 60
MARME1313 posts ante 60
krisnack9459 posts ante 60
jdeepenshort posts ante 60
Mancoco766 posts ante 60
Argent.Sage2 posts ante 60
P1xel7 posts small blind 250
POKERACE22 posts big blind 500
Dealt to P1xel7 [Th 6c]
*** PRE-FLOP *** 
MARME1313 folds
krisnack9459 folds
jdeepenshort raises 500 to 1000
Mancoco766 folds
Argent.Sage2 folds
P1xel7 folds
POKERACE22 folds
jdeepenshort collected 2170 from pot
*** SUMMARY ***
Total pot 2170 | No rake
Seat 3: jdeepenshort won 2170


Winamax Poker - Tournament "MiniRoll" buyIn: 0.45€ + 0.05€ level: 6 - HandId: #3251756015095382019-39-1710789856 - Holdem no limit (60/250/500) - 2024/03/18 19:24:16 UTC
Table: 'MiniRoll(757108446)#002' 8-max (real money) Seat #7 is the button
Seat 1: MARME1313 (33340)
Seat 2: krisnack9459 (16690)
Seat 3: jdeepenshort (44348)
Seat 5: Mancoco766 (18651)
Seat 6: Argent.Sage2 (19474)
Seat 7: P1xel7 (23685)
Seat 8: POKERACE22 (27428)
*** ANTE/BLINDS ***
POKERACE22 posts ante 60
MARME1313 posts ante 60
krisnack9459 posts ante 60
jdeepenshort posts ante 60
Mancoco766 posts ante 60
Argent.Sage2 posts ante 60
P1xel7 posts ante 60
POKERACE22 posts small blind 250
MARME1313 posts big blind 500
Dealt to P1xel7 [7c Th]
*** PRE-FLOP *** 
krisnack9459 folds
jdeepenshort folds
Mancoco766 calls 500
Argent.Sage2 calls 500
P1xel7 folds
POKERACE22 folds
MARME1313 raises 1000 to 1500
Mancoco766 calls 1000
Argent.Sage2 calls 1000
*** FLOP *** [8h 5d 6d]
MARME1313 checks
Mancoco766 checks
Argent.Sage2 bets 750
MARME1313 calls 750
Mancoco766 calls 750
*** TURN *** [8h 5d 6d][Ad]
MARME1313 checks
Mancoco766 checks
Argent.Sage2 bets 4823
MARME1313 folds
Mancoco766 calls 4823
*** RIVER *** [8h 5d 6d Ad][Qh]
Mancoco766 checks
Argent.Sage2 bets 5973
Mancoco766 folds
Argent.Sage2 collected 23039 from pot
*** SUMMARY ***
Total pot 23039 | No rake
Board: [8h 5d 6d Ad Qh]
Seat 6: Argent.Sage2 won 23039


Winamax Poker - Tournament "MiniRoll" buyIn: 0.45€ + 0.05€ level: 6 - HandId: #3251756015095382019-40-1710789947 - Holdem no limit (60/250/500) - 2024/03/18 19:25:47 UTC
Table: 'MiniRoll(757108446)#002' 8-max (real money) Seat #8 is the button
Seat 1: MARME1313 (31030)
Seat 2: krisnack9459 (16630)
Seat 3: jdeepenshort (44288)
Seat 5: Mancoco766 (11518)
Seat 6: Argent.Sage2 (29407)
Seat 7: P1xel7 (23625)
Seat 8: POKERACE22 (27118)
*** ANTE/BLINDS ***
MARME1313 posts ante 60
krisnack9459 posts ante 60
jdeepenshort posts ante 60
Mancoco766 posts ante 60
Argent.Sage2 posts ante 60
P1xel7 posts ante 60
POKERACE22 posts ante 60
MARME1313 posts small blind 250
krisnack9459 posts big blind 500
Dealt to P1xel7 [3d 8h]
*** PRE-FLOP *** 
jdeepenshort folds
Mancoco766 folds
Argent.Sage2 calls 500
P1xel7 folds
POKERACE22 folds
MARME1313 calls 250
krisnack9459 checks
*** FLOP *** [9d 4s 4d]
MARME1313 checks
krisnack9459 checks
Argent.Sage2 checks
*** TURN *** [9d 4s 4d][2h]
MARME1313 checks
krisnack9459 bets 1248
Argent.Sage2 folds
MARME1313 folds
krisnack9459 collected 3168 from pot
*** SUMMARY ***
Total pot 3168 | No rake
Board: [9d 4s 4d 2h]
Seat 2: krisnack9459 (big blind) won 3168


Winamax Poker - Tournament "MiniRoll" buyIn: 0.45€ + 0.05€ level: 7 - HandId: #3251756015095382019-41-1710790024 - Holdem no limit (70/300/600) - 2024/03/18 19:27:04 UTC
Table: 'MiniRoll(757108446)#002' 8-max (real money) Seat #1 is the button
Seat 1: MARME1313 (30470)
Seat 2: krisnack9459 (17990)
Seat 3: jdeepenshort (44228)
Seat 5: Mancoco766 (11458)
Seat 6: Argent.Sage2 (28847)
Seat 7: P1xel7 (23565)
Seat 8: POKERACE22 (27058)
*** ANTE/BLINDS ***
krisnack9459 posts ante 70
jdeepenshort posts ante 70
MARME1313 posts ante 70
Mancoco766 posts ante 70
Argent.Sage2 posts ante 70
P1xel7 posts ante 70
POKERACE22 posts ante 70
krisnack9459 posts small blind 300
jdeepenshort posts big blind 600
Dealt to P1xel7 [Kc 9h]
*** PRE-FLOP *** 
Mancoco766 folds
Argent.Sage2 folds
P1xel7 folds
POKERACE22 folds
MARME1313 raises 600 to 1200
krisnack9459 folds
jdeepenshort folds
MARME1313 collected 2590 from pot
*** SUMMARY ***
Total pot 2590 | No rake
Seat 1: MARME1313 (button) won 2590


Winamax Poker - Tournament "MiniRoll" buyIn: 0.45€ + 0.05€ level: 7 - HandId: #3251756015095382019-42-1710790055 - Holdem no limit (70/300/600) - 2024/03/18 19:27:35 UTC
Table: 'MiniRoll(757108446)#002' 8-max (real money) Seat #2 is the button
Seat 1: MARME1313 (31790)
Seat 2: krisnack9459 (17620)
Seat 3: jdeepenshort (43558)
Seat 5: Mancoco766 (11388)
Seat 6: Argent.Sage2 (28777)
Seat 7: P1xel7 (23495)
Seat 8: POKERACE22 (26988)
*** ANTE/BLINDS ***
jdeepenshort posts ante 70
Mancoco766 posts ante 70
MARME1313 posts ante 70
krisnack9459 posts ante 70
Argent.Sage2 posts ante 70
P1xel7 posts ante 70
POKERACE22 posts ante 70
jdeepenshort posts small blind 300
Mancoco766 posts big blind 600
Dealt to P1xel7 [6h Ad]
*** PRE-FLOP *** 
Argent.Sage2 raises 1050 to 1650
P1xel7 folds
POKERACE22 folds
MARME1313 folds
krisnack9459 folds
jdeepenshort folds
Mancoco766 raises 9668 to 11318 and is all-in
Argent.Sage2 calls 9668
*** FLOP *** [5d 6d 4c]
*** TURN *** [5d 6d 4c][5h]
*** RIVER *** [5d 6d 4c 5h][7h]
*** SHOW DOWN ***
Argent.Sage2 shows [Ac Qd] (One pair : 5)
Mancoco766 shows [As Kd] (One pair : 5)
Mancoco766 collected 23426 from pot
*** SUMMARY ***
Total pot 23426 | No rake
Board: [5d 6d 4c 5h 7h]
Seat 5: Mancoco766 (big blind) showed [As Kd] and won 23426 with One pair : 5
Seat 6: Argent.Sage2 showed [Ac Qd] and lost with One pair : 5


Winamax Poker - Tournament "MiniRoll" buyIn: 0.45€ + 0.05€ level: 7 - HandId: #3251756015095382019-43-1710790090 - Holdem no limit (70/300/600) - 2024/03/18 19:28:10 UTC
Table: 'MiniRoll(757108446)#002' 8-max (real money) Seat #3 is the button
Seat 1: MARME1313 (31720)
Seat 2: krisnack9459 (17550)
Seat 3: jdeepenshort (43188)
Seat 5: Mancoco766 (23426)
Seat 6: Argent.Sage2 (17389)
Seat 7: P1xel7 (23425)
Seat 8: POKERACE22 (26918)
*** ANTE/BLINDS ***
Mancoco766 posts ante 70
Argent.Sage2 posts ante 70
MARME1313 posts ante 70
krisnack9459 posts ante 70
jdeepenshort posts ante 70
P1xel7 posts ante 70
POKERACE22 posts ante 70
Mancoco766 posts small blind 300
Argent.Sage2 posts big blind 600
Dealt to P1xel7 [5d Kd]
*** PRE-FLOP *** 
P1xel7 folds
POKERACE22 folds
MARME1313 calls 600
krisnack9459 calls 600
jdeepenshort folds
Mancoco766 folds
Argent.Sage2 checks
*** FLOP *** [As 9c Ts]
Argent.Sage2 checks
MARME1313 checks
krisnack9459 bets 1684
Argent.Sage2 folds
MARME1313 folds
krisnack9459 collected 4274 from pot
*** SUMMARY ***
Total pot 4274 | No rake
Board: [As 9c Ts]
Seat 2: krisnack9459 won 4274


Winamax Poker - Tournament "MiniRoll" buyIn: 0.45€ + 0.05€ level: 7 - HandId: #3251756015095382019-44-1710790141 - Holdem no limit (70/300/600) - 2024/03/18 19:29:01 UTC
Table: 'MiniRoll(757108446)#002' 8-max (real money) Seat #5 is the button
Seat 1: MARME1313 (31050)
Seat 2: krisnack9459 (19470)
Seat 3: jdeepenshort (43118)
Seat 4: 1CALL-2BET (20000)
Seat 5: Mancoco766 (23056)
Seat 6: Argent.Sage2 (16719)
Seat 7: P1xel7 (23355)
Seat 8: POKERACE22 (26848)
*** ANTE/BLINDS ***
Argent.Sage2 posts ante 70
P1xel7 posts ante 70
MARME1313 posts ante 70
krisnack9459 posts ante 70
jdeepenshort posts ante 70
1CALL-2BET posts ante 70
Mancoco766 posts ante 70
POKERACE22 posts ante 70
Argent.Sage2 posts small blind 300
P1xel7 posts big blind 600
Dealt to P1xel7 [5c 9d]
*** PRE-FLOP *** 
POKERACE22 folds
MARME1313 calls 600
krisnack9459 folds
jdeepenshort folds
1CALL-2BET folds
Mancoco766 folds
Argent.Sage2 calls 300
P1xel7 checks
*** FLOP *** [Ts 9s Ac]
Argent.Sage2 checks
P1xel7 bets 900
MARME1313 folds
Argent.Sage2 folds
P1xel7 collected 3260 from pot
*** SUMMARY ***
Total pot 3260 | No rake
Board: [Ts 9s Ac]
Seat 7: P1xel7 (big blind) won 3260


Winamax Poker - Tournament "MiniRoll" buyIn: 0.45€ + 0.05€ level: 7 - HandId: #3251756015095382019-45-1710790188 - Holdem no limit (70/300/600) - 2024/03/18 19:29:48 UTC
Table: 'MiniRoll(757108446)#002' 8-max (real money) Seat #6 is the button
Seat 1: MARME1313 (30380)
Seat 2: krisnack9459 (19400)
Seat 3: jdeepenshort (43048)
Seat 4: 1CALL-2BET (19930)
Seat 5: Mancoco766 (22986)
Seat 6: Argent.Sage2 (16049)
Seat 7: P1xel7 (25045)
Seat 8: POKERACE22 (26778)
*** ANTE/BLINDS ***
P1xel7 posts ante 70
POKERACE22 posts ante 70
MARME1313 posts ante 70
krisnack9459 posts ante 70
jdeepenshort posts ante 70
1CALL-2BET posts ante 70
Mancoco766 posts ante 70
Argent.Sage2 posts ante 70
P1xel7 posts small blind 300
POKERACE22 posts big blind 600
Dealt to P1xel7 [9h 8d]
*** PRE-FLOP *** 
MARME1313 calls 600
krisnack9459 folds
jdeepenshort folds
1CALL-2BET raises 19260 to 19860 and is all-in
Mancoco766 raises 3056 to 22916 and is all-in
Argent.Sage2 folds
P1xel7 folds
POKERACE22 folds
MARME1313 raises 7394 to 30310 and is all-in
*** FLOP *** [5c 6s 8c]
*** TURN *** [5c 6s 8c][Qs]
*** RIVER *** [5c 6s 8c Qs][7c]
*** SHOW DOWN ***
MARME1313 shows [Ac Td] (High card : Ace)
1CALL-2BET shows [9s 9c] (Straight 9 high)
Mancoco766 shows [Ah Ad] (One pair : Aces)
Mancoco766 collected 6112 from side pot 1
1CALL-2BET collected 61040 from main pot
MARME1313 collected 7394 from side pot 2
*** SUMMARY ***
Total pot 74546 | No rake
Board: [5c 6s 8c Qs 7c]
Seat 1: MARME1313 showed [Ac Td] and won 7394 with High card : Ace
Seat 4: 1CALL-2BET showed [9s 9c] and won 61040 with Straight 9 high
Seat 5: Mancoco766 showed [Ah Ad] and won 6112 with One pair : Aces


Winamax Poker - Tournament "MiniRoll" buyIn: 0.45€ + 0.05€ level: 7 - HandId: #3251756015095382019-46-1710790229 - Holdem no limit (70/300/600) - 2024/03/18 19:30:29 UTC
Table: 'MiniRoll(757108446)#002' 8-max (real money) Seat #7 is the button
Seat 1: MARME1313 (7394)
Seat 2: krisnack9459 (19330)
Seat 3: jdeepenshort (42978)
Seat 4: 1CALL-2BET (61040)
Seat 5: Mancoco766 (6112)
Seat 6: Argent.Sage2 (15979)
Seat 7: P1xel7 (24675)
Seat 8: POKERACE22 (26108)
*** ANTE/BLINDS ***
POKERACE22 posts ante 70
MARME1313 posts ante 70
krisnack9459 posts ante 70
jdeepenshort posts ante 70
1CALL-2BET posts ante 70
Mancoco766 posts ante 70
Argent.Sage2 posts ante 70
P1xel7 posts ante 70
POKERACE22 posts small blind 300
MARME1313 posts big blind 600
Dealt to P1xel7 [7d 8h]
*** PRE-FLOP *** 
krisnack9459 folds
jdeepenshort folds
1CALL-2BET folds
Mancoco766 folds
Argent.Sage2 raises 1050 to 1650
P1xel7 folds
POKERACE22 folds
MARME1313 raises 1050 to 2700
Argent.Sage2 calls 1050
*** FLOP *** [Ac 2h 3s]
MARME1313 bets 4624 and is all-in
Argent.Sage2 calls 4624
*** TURN *** [Ac 2h 3s][Jh]
*** RIVER *** [Ac 2h 3s Jh][8d]
*** SHOW DOWN ***
MARME1313 shows [5h 7s] (High card : Ace)
Argent.Sage2 shows [Ad Kh] (One pair : Aces)
Argent.Sage2 collected 15508 from pot
*** SUMMARY ***
Total pot 15508 | No rake
Board: [Ac 2h 3s Jh 8d]
Seat 1: MARME1313 (big blind) showed [5h 7s] and lost with High card : Ace
Seat 6: Argent.Sage2 showed [Ad Kh] and won 15508 with One pair : Aces


Winamax Poker - Tournament "MiniRoll" buyIn: 0.45€ + 0.05€ level: 8 - HandId: #3251756015095382019-47-1710790277 - Holdem no limit (80/350/700) - 2024/03/18 19:31:17 UTC
Table: 'MiniRoll(757108446)#002' 8-max (real money) Seat #8 is the button
Seat 2: krisnack9459 (19260)
Seat 3: jdeepenshort (42908)
Seat 4: 1CALL-2BET (60970)
Seat 5: Mancoco766 (6042)
Seat 6: Argent.Sage2 (24093)
Seat 7: P1xel7 (24605)
Seat 8: POKERACE22 (25738)
*** ANTE/BLINDS ***
krisnack9459 posts ante 80
jdeepenshort posts ante 80
1CALL-2BET posts ante 80
Mancoco766 posts ante 80
Argent.Sage2 posts ante 80
P1xel7 posts ante 80
POKERACE22 posts ante 80
krisnack9459 posts big blind 700
Dealt to P1xel7 [5c Jh]
*** PRE-FLOP *** 
jdeepenshort folds
1CALL-2BET folds
Mancoco766 folds
Argent.Sage2 folds
P1xel7 folds
POKERACE22 folds
krisnack9459 collected 1260 from pot
*** SUMMARY ***
Total pot 1260 | No rake
Seat 2: krisnack9459 (big blind) won 1260


Winamax Poker - Tournament "MiniRoll" buyIn: 0.45€ + 0.05€ level: 8 - HandId: #3251756015095382019-48-1710790295 - Holdem no limit (80/350/700) - 2024/03/18 19:31:35 UTC
Table: 'MiniRoll(757108446)#002' 8-max (real money) Seat #1 is the button
Seat 2: krisnack9459 (19740)
Seat 3: jdeepenshort (42828)
Seat 4: 1CALL-2BET (60890)
Seat 5: Mancoco766 (5962)
Seat 6: Argent.Sage2 (24013)
Seat 7: P1xel7 (24525)
Seat 8: POKERACE22 (25658)
*** ANTE/BLINDS ***
krisnack9459 posts ante 80
jdeepenshort posts ante 80
1CALL-2BET posts ante 80
Mancoco766 posts ante 80
Argent.Sage2 posts ante 80
P1xel7 posts ante 80
POKERACE22 posts ante 80
krisnack9459 posts small blind 350
jdeepenshort posts big blind 700
Dealt to P1xel7 [Ah 7s]
*** PRE-FLOP *** 
1CALL-2BET folds
Mancoco766 folds
Argent.Sage2 folds
P1xel7 folds
POKERACE22 raises 700 to 1400
krisnack9459 folds
jdeepenshort calls 700
*** FLOP *** [As 3s 2d]
jdeepenshort checks
POKERACE22 bets 1299
jdeepenshort folds
POKERACE22 collected 5009 from pot
*** SUMMARY ***
Total pot 5009 | No rake
Board: [As 3s 2d]
Seat 8: POKERACE22 won 5009


Winamax Poker - Tournament "MiniRoll" buyIn: 0.45€ + 0.05€ level: 8 - HandId: #3251756015095382019-49-1710790326 - Holdem no limit (80/350/700) - 2024/03/18 19:32:06 UTC
Table: 'MiniRoll(757108446)#002' 8-max (real money) Seat #2 is the button
Seat 1: didier_35 (20000)
Seat 2: krisnack9459 (19310)
Seat 3: jdeepenshort (41348)
Seat 4: 1CALL-2BET (60810)
Seat 5: Mancoco766 (5882)
Seat 6: Argent.Sage2 (23933)
Seat 7: P1xel7 (24445)
Seat 8: POKERACE22 (27888)
*** ANTE/BLINDS ***
jdeepenshort posts ante 80
1CALL-2BET posts ante 80
didier_35 posts ante 80
krisnack9459 posts ante 80
Mancoco766 posts ante 80
Argent.Sage2 posts ante 80
P1xel7 posts ante 80
POKERACE22 posts ante 80
jdeepenshort posts small blind 350
1CALL-2BET posts big blind 700
Dealt to P1xel7 [9c 2s]
*** PRE-FLOP *** 
Mancoco766 folds
Argent.Sage2 folds
P1xel7 folds
POKERACE22 raises 700 to 1400
didier_35 folds
krisnack9459 calls 1400
jdeepenshort folds
1CALL-2BET folds
*** FLOP *** [Qs Td Ac]
POKERACE22 checks
krisnack9459 checks
*** TURN *** [Qs Td Ac][As]
POKERACE22 checks
krisnack9459 checks
*** RIVER *** [Qs Td Ac As][7h]
POKERACE22 checks
krisnack9459 checks
*** SHOW DOWN ***
POKERACE22 shows [9h 8h] (One pair : Aces)
krisnack9459 shows [9s Ts] (Two pairs : Aces and Tens)
krisnack9459 collected 4490 from pot
*** SUMMARY ***
Total pot 4490 | No rake
Board: [Qs Td Ac As 7h]
Seat 2: krisnack9459 (button) showed [9s Ts] and won 4490 with Two pairs : Aces and Tens
Seat 8: POKERACE22 showed [9h 8h] and lost with One pair : Aces


Winamax Poker - Tournament "MiniRoll" buyIn: 0.45€ + 0.05€ level: 8 - HandId: #3251756015095382019-50-1710790438 - Holdem no limit (80/350/700) - 2024/03/18 19:33:58 UTC
Table: 'MiniRoll(757108446)#002' 8-max (real money) Seat #3 is the button
Seat 1: didier_35 (19920)
Seat 2: krisnack9459 (22320)
Seat 3: jdeepenshort (40918)
Seat 4: 1CALL-2BET (60030)
Seat 5: Mancoco766 (5802)
Seat 7: P1xel7 (24365)
Seat 8: POKERACE22 (26408)
*** ANTE/BLINDS ***
1CALL-2BET posts ante 80
Mancoco766 posts ante 80
didier_35 posts ante 80
krisnack9459 posts ante 80
jdeepenshort posts ante 80
P1xel7 posts ante 80
POKERACE22 posts ante 80
1CALL-2BET posts small blind 350
Mancoco766 posts big blind 700
Dealt to P1xel7 [6s 9s]
*** PRE-FLOP *** 
P1xel7 folds
POKERACE22 folds
didier_35 raises 1050 to 1750
krisnack9459 calls 1750
jdeepenshort folds
1CALL-2BET folds
Mancoco766 folds
*** FLOP *** [Jd 2c 5d]
didier_35 bets 1789
krisnack9459 folds
didier_35 collected 6899 from pot
*** SUMMARY ***
Total pot 6899 | No rake
Board: [Jd 2c 5d]
Seat 1: didier_35 won 6899


Winamax Poker - Tournament "MiniRoll" buyIn: 0.45€ + 0.05€ level: 8 - HandId: #3251756015095382019-51-1710790477 - Holdem no limit (80/350/700) - 2024/03/18 19:34:37 UTC
Table: 'MiniRoll(757108446)#002' 8-max (real money) Seat #4 is the button
Seat 1: didier_35 (23200)
Seat 2: krisnack9459 (20490)
Seat 3: jdeepenshort (40838)
Seat 4: 1CALL-2BET (59600)
Seat 5: Mancoco766 (5022)
Seat 7: P1xel7 (24285)
Seat 8: POKERACE22 (26328)
*** ANTE/BLINDS ***
Mancoco766 posts ante 80
P1xel7 posts ante 80
didier_35 posts ante 80
krisnack9459 posts ante 80
jdeepenshort posts ante 80
1CALL-2BET posts ante 80
POKERACE22 posts ante 80
Mancoco766 posts small blind 350
P1xel7 posts big blind 700
Dealt to P1xel7 [5h 5c]
*** PRE-FLOP *** 
POKERACE22 folds
didier_35 folds
krisnack9459 folds
jdeepenshort folds
1CALL-2BET folds
Mancoco766 folds
P1xel7 collected 1610 from pot
*** SUMMARY ***
Total pot 1610 | No rake
Seat 7: P1xel7 (big blind) won 1610


Winamax Poker - Tournament "MiniRoll" buyIn: 0.45€ + 0.05€ level: 8 - HandId: #3251756015095382019-52-1710790499 - Holdem no limit (80/350/700) - 2024/03/18 19:34:59 UTC
Table: 'MiniRoll(757108446)#002' 8-max (real money) Seat #5 is the button
Seat 1: didier_35 (23120)
Seat 2: krisnack9459 (20410)
Seat 3: jdeepenshort (40758)
Seat 4: 1CALL-2BET (59520)
Seat 5: Mancoco766 (4592)
Seat 6: Argent.Sage2 (21779)
Seat 7: P1xel7 (25115)
Seat 8: POKERACE22 (26248)
*** ANTE/BLINDS ***
P1xel7 posts ante 80
POKERACE22 posts ante 80
didier_35 posts ante 80
krisnack9459 posts ante 80
jdeepenshort posts ante 80
1CALL-2BET posts ante 80
Mancoco766 posts ante 80
P1xel7 posts small blind 350
POKERACE22 posts big blind 700
Dealt to P1xel7 [3c As]
*** PRE-FLOP *** 
didier_35 folds
krisnack9459 folds
jdeepenshort raises 700 to 1400
1CALL-2BET folds
Mancoco766 folds
P1xel7 folds
POKERACE22 folds
jdeepenshort collected 3010 from pot
*** SUMMARY ***
Total pot 3010 | No rake
Seat 3: jdeepenshort won 3010


Winamax Poker - Tournament "MiniRoll" buyIn: 0.45€ + 0.05€ level: 8 - HandId: #3251756015095382019-53-1710790546 - Holdem no limit (80/350/700) - 2024/03/18 19:35:46 UTC
Table: 'MiniRoll(757108446)#002' 8-max (real money) Seat #7 is the button
Seat 2: krisnack9459 (20330)
Seat 3: jdeepenshort (42288)
Seat 4: 1CALL-2BET (59440)
Seat 5: Mancoco766 (4512)
Seat 6: Argent.Sage2 (21779)
Seat 7: P1xel7 (24685)
Seat 8: POKERACE22 (25468)
*** ANTE/BLINDS ***
POKERACE22 posts ante 80
krisnack9459 posts ante 80
jdeepenshort posts ante 80
1CALL-2BET posts ante 80
Mancoco766 posts ante 80
Argent.Sage2 posts ante 80
P1xel7 posts ante 80
POKERACE22 posts small blind 350
krisnack9459 posts big blind 700
Dealt to P1xel7 [Ah 6s]
*** PRE-FLOP *** 
jdeepenshort raises 700 to 1400
1CALL-2BET calls 1400
Mancoco766 raises 3032 to 4432 and is all-in
Argent.Sage2 folds
P1xel7 folds
POKERACE22 raises 8864 to 13296
krisnack9459 folds
jdeepenshort raises 28912 to 42208 and is all-in
1CALL-2BET folds
POKERACE22 calls 12092 and is all-in
*** FLOP *** [Ad Ts 3d]
*** TURN *** [Ad Ts 3d][Tc]
*** RIVER *** [Ad Ts 3d Tc][3s]
*** SHOW DOWN ***
Mancoco766 shows [8s Qd] (Two pairs : Tens and 3)
POKERACE22 shows [Qs Qh] (Two pairs : Queens and Tens)
jdeepenshort shows [Kh Ac] (Two pairs : Aces and Tens)
jdeepenshort collected 74688 from pot
*** SUMMARY ***
Total pot 74688 | No rake
Board: [Ad Ts 3d Tc 3s]
Seat 3: jdeepenshort showed [Kh Ac] and won 74688 with Two pairs : Aces and Tens
Seat 5: Mancoco766 showed [8s Qd] and lost with Two pairs : Tens and 3
Seat 8: POKERACE22 (small blind) showed [Qs Qh] and lost with Two pairs : Queens and Tens


Winamax Poker - Tournament "MiniRoll" buyIn: 0.45€ + 0.05€ level: 9 - HandId: #3251756015095382019-54-1710790615 - Holdem no limit (100/400/800) - 2024/03/18 19:36:55 UTC
Table: 'MiniRoll(757108446)#002' 8-max (real money) Seat #8 is the button
Seat 2: krisnack9459 (19550)
Seat 3: jdeepenshort (74688)
Seat 4: 1CALL-2BET (57960)
Seat 6: Argent.Sage2 (21699)
Seat 7: P1xel7 (24605)
*** ANTE/BLINDS ***
krisnack9459 posts ante 100
jdeepenshort posts ante 100
1CALL-2BET posts ante 100
Argent.Sage2 posts ante 100
P1xel7 posts ante 100
krisnack9459 posts small blind 400
jdeepenshort posts big blind 800
Dealt to P1xel7 [5d 9h]
*** PRE-FLOP *** 
1CALL-2BET folds
Argent.Sage2 calls 800
P1xel7 folds
krisnack9459 calls 400
jdeepenshort checks
*** FLOP *** [9s 8c Kc]
krisnack9459 checks
jdeepenshort checks
Argent.Sage2 checks
*** TURN *** [9s 8c Kc][Kh]
krisnack9459 checks
jdeepenshort checks
Argent.Sage2 bets 1885
krisnack9459 folds
jdeepenshort folds
Argent.Sage2 collected 4785 from pot
*** SUMMARY ***
Total pot 4785 | No rake
Board: [9s 8c Kc Kh]
Seat 6: Argent.Sage2 won 4785


Winamax Poker - Tournament "MiniRoll" buyIn: 0.45€ + 0.05€ level: 9 - HandId: #3251756015095382019-55-1710790669 - Holdem no limit (100/400/800) - 2024/03/18 19:37:49 UTC
Table: 'MiniRoll(757108446)#002' 8-max (real money) Seat #2 is the button
Seat 1: Asm21 (24305)
Seat 2: krisnack9459 (18650)
Seat 3: jdeepenshort (73788)
Seat 4: 1CALL-2BET (57860)
Seat 5: James_3126 (27836)
Seat 6: Argent.Sage2 (23699)
Seat 7: P1xel7 (24505)
Seat 8: didier_35 (21760)
*** ANTE/BLINDS ***
jdeepenshort posts ante 100
1CALL-2BET posts ante 100
Asm21 posts ante 100
krisnack9459 posts ante 100
James_3126 posts ante 100
Argent.Sage2 posts ante 100
P1xel7 posts ante 100
didier_35 posts ante 100
jdeepenshort posts small blind 400
1CALL-2BET posts big blind 800
Dealt to P1xel7 [2d 3h]
*** PRE-FLOP *** 
James_3126 folds
Argent.Sage2 folds
P1xel7 folds
didier_35 folds
Asm21 folds
krisnack9459 folds
jdeepenshort folds
1CALL-2BET collected 2000 from pot
*** SUMMARY ***
Total pot 2000 | No rake
Seat 4: 1CALL-2BET (big blind) won 2000


Winamax Poker - Tournament "MiniRoll" buyIn: 0.45€ + 0.05€ level: 9 - HandId: #3251756015095382019-56-1710790688 - Holdem no limit (100/400/800) - 2024/03/18 19:38:08 UTC
Table: 'MiniRoll(757108446)#002' 8-max (real money) Seat #3 is the button
Seat 1: Asm21 (24205)
Seat 2: krisnack9459 (18550)
Seat 3: jdeepenshort (73288)
Seat 4: 1CALL-2BET (58960)
Seat 5: James_3126 (27736)
Seat 6: Argent.Sage2 (23599)
Seat 7: P1xel7 (24405)
Seat 8: didier_35 (21660)
*** ANTE/BLINDS ***
1CALL-2BET posts ante 100
James_3126 posts ante 100
Asm21 posts ante 100
krisnack9459 posts ante 100
jdeepenshort posts ante 100
Argent.Sage2 posts ante 100
P1xel7 posts ante 100
didier_35 posts ante 100
1CALL-2BET posts small blind 400
James_3126 posts big blind 800
Dealt to P1xel7 [8s Ah]
*** PRE-FLOP *** 
Argent.Sage2 folds
P1xel7 folds
didier_35 folds
Asm21 raises 23305 to 24105 and is all-in
krisnack9459 folds
jdeepenshort folds
1CALL-2BET folds
James_3126 folds
Asm21 collected 26105 from pot
*** SUMMARY ***
Total pot 26105 | No rake
Seat 1: Asm21 won 26105


Winamax Poker - Tournament "MiniRoll" buyIn: 0.45€ + 0.05€ level: 9 - HandId: #3251756015095382019-57-1710790750 - Holdem no limit (100/400/800) - 2024/03/18 19:39:10 UTC
Table: 'MiniRoll(757108446)#002' 8-max (real money) Seat #4 is the button
Seat 1: Asm21 (26105)
Seat 2: krisnack9459 (18450)
Seat 3: jdeepenshort (73188)
Seat 4: 1CALL-2BET (58460)
Seat 5: James_3126 (26836)
Seat 6: Argent.Sage2 (23499)
Seat 7: P1xel7 (24305)
Seat 8: didier_35 (21560)
*** ANTE/BLINDS ***
James_3126 posts ante 100
Argent.Sage2 posts ante 100
Asm21 posts ante 100
krisnack9459 posts ante 100
jdeepenshort posts ante 100
1CALL-2BET posts ante 100
P1xel7 posts ante 100
didier_35 posts ante 100
James_3126 posts small blind 400
Argent.Sage2 posts big blind 800
Dealt to P1xel7 [6d Kd]
*** PRE-FLOP *** 
P1xel7 folds
didier_35 raises 800 to 1600
Asm21 folds
krisnack9459 folds
jdeepenshort folds
1CALL-2BET folds
James_3126 folds
Argent.Sage2 folds
didier_35 collected 3600 from pot
*** SUMMARY ***
Total pot 3600 | No rake
Seat 8: didier_35 won 3600


Winamax Poker - Tournament "MiniRoll" buyIn: 0.45€ + 0.05€ level: 9 - HandId: #3251756015095382019-58-1710790794 - Holdem no limit (100/400/800) - 2024/03/18 19:39:54 UTC
Table: 'MiniRoll(757108446)#002' 8-max (real money) Seat #5 is the button
Seat 1: Asm21 (26005)
Seat 2: krisnack9459 (18350)
Seat 3: jdeepenshort (73088)
Seat 4: 1CALL-2BET (58360)
Seat 5: James_3126 (26336)
Seat 6: Argent.Sage2 (22599)
Seat 7: P1xel7 (24205)
Seat 8: didier_35 (23460)
*** ANTE/BLINDS ***
Argent.Sage2 posts ante 100
P1xel7 posts ante 100
Asm21 posts ante 100
krisnack9459 posts ante 100
jdeepenshort posts ante 100
1CALL-2BET posts ante 100
James_3126 posts ante 100
didier_35 posts ante 100
Argent.Sage2 posts small blind 400
P1xel7 posts big blind 800
Dealt to P1xel7 [7s Jd]
*** PRE-FLOP *** 
didier_35 folds
Asm21 calls 800
krisnack9459 folds
jdeepenshort folds
1CALL-2BET folds
James_3126 raises 2000 to 2800
Argent.Sage2 folds
P1xel7 folds
Asm21 folds
James_3126 collected 5600 from pot
*** SUMMARY ***
Total pot 5600 | No rake
Seat 5: James_3126 (button) won 5600


Winamax Poker - Tournament "MiniRoll" buyIn: 0.45€ + 0.05€ level: 9 - HandId: #3251756015095382019-59-1710790818 - Holdem no limit (100/400/800) - 2024/03/18 19:40:18 UTC
Table: 'MiniRoll(757108446)#002' 8-max (real money) Seat #6 is the button
Seat 1: Asm21 (25105)
Seat 2: krisnack9459 (18250)
Seat 3: jdeepenshort (72988)
Seat 4: 1CALL-2BET (58260)
Seat 5: James_3126 (29036)
Seat 6: Argent.Sage2 (22099)
Seat 7: P1xel7 (23305)
Seat 8: didier_35 (23360)
*** ANTE/BLINDS ***
P1xel7 posts ante 100
didier_35 posts ante 100
Asm21 posts ante 100
krisnack9459 posts ante 100
jdeepenshort posts ante 100
1CALL-2BET posts ante 100
James_3126 posts ante 100
Argent.Sage2 posts ante 100
P1xel7 posts small blind 400
didier_35 posts big blind 800
Dealt to P1xel7 [Qh 7d]
*** PRE-FLOP *** 
Asm21 folds
krisnack9459 folds
jdeepenshort folds
1CALL-2BET folds
James_3126 folds
Argent.Sage2 calls 800
P1xel7 folds
didier_35 checks
*** FLOP *** [Ah Ad Ts]
didier_35 checks
Argent.Sage2 checks
*** TURN *** [Ah Ad Ts][2c]
didier_35 checks
Argent.Sage2 checks
*** RIVER *** [Ah Ad Ts 2c][Kd]
didier_35 checks
Argent.Sage2 checks
*** SHOW DOWN ***
didier_35 shows [6c 9s] (One pair : Aces)
Argent.Sage2 shows [5h Qc] (One pair : Aces)
Argent.Sage2 collected 2800 from pot
*** SUMMARY ***
Total pot 2800 | No rake
Board: [Ah Ad Ts 2c Kd]
Seat 6: Argent.Sage2 (button) showed [5h Qc] and won 2800 with One pair : Aces
Seat 8: didier_35 (big blind) showed [6c 9s] and lost with One pair : Aces


Winamax Poker - Tournament "MiniRoll" buyIn: 0.45€ + 0.05€ level: 9 - HandId: #3251756015095382019-60-1710790858 - Holdem no limit (100/400/800) - 2024/03/18 19:40:58 UTC
Table: 'MiniRoll(757108446)#002' 8-max (real money) Seat #7 is the button
Seat 1: Asm21 (25005)
Seat 2: krisnack9459 (18150)
Seat 3: jdeepenshort (72888)
Seat 4: 1CALL-2BET (58160)
Seat 5: James_3126 (28936)
Seat 6: Argent.Sage2 (23999)
Seat 7: P1xel7 (22805)
Seat 8: didier_35 (22460)
*** ANTE/BLINDS ***
didier_35 posts ante 100
Asm21 posts ante 100
krisnack9459 posts ante 100
jdeepenshort posts ante 100
1CALL-2BET posts ante 100
James_3126 posts ante 100
Argent.Sage2 posts ante 100
P1xel7 posts ante 100
didier_35 posts small blind 400
Asm21 posts big blind 800
Dealt to P1xel7 [Ad 9s]
*** PRE-FLOP *** 
krisnack9459 folds
jdeepenshort folds
1CALL-2BET folds
James_3126 folds
Argent.Sage2 calls 800
P1xel7 raises 2400 to 3200
didier_35 calls 2800
Asm21 folds
Argent.Sage2 folds
*** FLOP *** [7s 9h As]
didier_35 checks
P1xel7 bets 4400
didier_35 folds
P1xel7 collected 13200 from pot
*** SUMMARY ***
Total pot 13200 | No rake
Board: [7s 9h As]
Seat 7: P1xel7 (button) won 13200


Winamax Poker - Tournament "MiniRoll" buyIn: 0.45€ + 0.05€ level: 10 - HandId: #3251756015095382019-61-1710790897 - Holdem no limit (120/500/1000) - 2024/03/18 19:41:37 UTC
Table: 'MiniRoll(757108446)#002' 8-max (real money) Seat #8 is the button
Seat 1: Asm21 (24105)
Seat 2: krisnack9459 (18050)
Seat 3: jdeepenshort (72788)
Seat 4: 1CALL-2BET (58060)
Seat 5: James_3126 (28836)
Seat 6: Argent.Sage2 (23099)
Seat 7: P1xel7 (28305)
Seat 8: didier_35 (19160)
*** ANTE/BLINDS ***
Asm21 posts ante 120
krisnack9459 posts ante 120
jdeepenshort posts ante 120
1CALL-2BET posts ante 120
James_3126 posts ante 120
Argent.Sage2 posts ante 120
P1xel7 posts ante 120
didier_35 posts ante 120
Asm21 posts small blind 500
krisnack9459 posts big blind 1000
Dealt to P1xel7 [4h 6d]
*** PRE-FLOP *** 
jdeepenshort folds
1CALL-2BET folds
James_3126 raises 2500 to 3500
Argent.Sage2 folds
P1xel7 folds
didier_35 folds
Asm21 folds
krisnack9459 folds
James_3126 collected 5960 from pot
*** SUMMARY ***
Total pot 5960 | No rake
Seat 5: James_3126 won 5960


Winamax Poker - Tournament "MiniRoll" buyIn: 0.45€ + 0.05€ level: 10 - HandId: #3251756015095382019-62-1710790946 - Holdem no limit (120/500/1000) - 2024/03/18 19:42:26 UTC
Table: 'MiniRoll(757108446)#002' 8-max (real money) Seat #1 is the button
Seat 1: Asm21 (23485)
Seat 2: krisnack9459 (16930)
Seat 3: jdeepenshort (72668)
Seat 4: 1CALL-2BET (57940)
Seat 5: James_3126 (31176)
Seat 6: Argent.Sage2 (22979)
Seat 7: P1xel7 (28185)
Seat 8: didier_35 (19040)
*** ANTE/BLINDS ***
krisnack9459 posts ante 120
jdeepenshort posts ante 120
Asm21 posts ante 120
1CALL-2BET posts ante 120
James_3126 posts ante 120
Argent.Sage2 posts ante 120
P1xel7 posts ante 120
didier_35 posts ante 120
krisnack9459 posts small blind 500
jdeepenshort posts big blind 1000
Dealt to P1xel7 [Qs 6d]
*** PRE-FLOP *** 
1CALL-2BET raises 1000 to 2000
James_3126 folds
Argent.Sage2 folds
P1xel7 folds
didier_35 folds
Asm21 folds
krisnack9459 folds
jdeepenshort calls 1000
*** FLOP *** [6s 4d 6c]
jdeepenshort checks
1CALL-2BET checks
*** TURN *** [6s 4d 6c][Td]
jdeepenshort checks
1CALL-2BET bets 1500
jdeepenshort folds
1CALL-2BET collected 6960 from pot
*** SUMMARY ***
Total pot 6960 | No rake
Board: [6s 4d 6c Td]
Seat 4: 1CALL-2BET won 6960


Winamax Poker - Tournament "MiniRoll" buyIn: 0.45€ + 0.05€ level: 10 - HandId: #3251756015095382019-63-1710791024 - Holdem no limit (120/500/1000) - 2024/03/18 19:43:44 UTC
Table: 'MiniRoll(757108446)#002' 8-max (real money) Seat #2 is the button
Seat 1: Asm21 (23365)
Seat 2: krisnack9459 (16310)
Seat 3: jdeepenshort (70548)
Seat 4: 1CALL-2BET (61280)
Seat 5: James_3126 (31056)
Seat 6: Argent.Sage2 (22859)
Seat 7: P1xel7 (28065)
Seat 8: didier_35 (18920)
*** ANTE/BLINDS ***
jdeepenshort posts ante 120
1CALL-2BET posts ante 120
Asm21 posts ante 120
krisnack9459 posts ante 120
James_3126 posts ante 120
Argent.Sage2 posts ante 120
P1xel7 posts ante 120
didier_35 posts ante 120
jdeepenshort posts small blind 500
1CALL-2BET posts big blind 1000
Dealt to P1xel7 [4c Th]
*** PRE-FLOP *** 
James_3126 raises 1500 to 2500
Argent.Sage2 calls 2500
P1xel7 folds
didier_35 folds
Asm21 folds
krisnack9459 folds
jdeepenshort folds
1CALL-2BET folds
*** FLOP *** [Ts 2c Ac]
James_3126 bets 1865
Argent.Sage2 calls 1865
*** TURN *** [Ts 2c Ac][3d]
James_3126 bets 2798
Argent.Sage2 raises 2798 to 5596
James_3126 calls 2798
*** RIVER *** [Ts 2c Ac 3d][5h]
James_3126 bets 20975 and is all-in
Argent.Sage2 calls 12778 and is all-in
*** SHOW DOWN ***
Argent.Sage2 shows [Qs As] (One pair : Aces)
James_3126 shows [4d 4h] (Straight 5 high)
James_3126 collected 56135 from pot
*** SUMMARY ***
Total pot 56135 | No rake
Board: [Ts 2c Ac 3d 5h]
Seat 5: James_3126 showed [4d 4h] and won 56135 with Straight 5 high
Seat 6: Argent.Sage2 showed [Qs As] and lost with One pair : Aces


Winamax Poker - Tournament "MiniRoll" buyIn: 0.45€ + 0.05€ level: 10 - HandId: #3251756015095382019-64-1710791089 - Holdem no limit (120/500/1000) - 2024/03/18 19:44:49 UTC
Table: 'MiniRoll(757108446)#002' 8-max (real money) Seat #3 is the button
Seat 1: Asm21 (23245)
Seat 2: krisnack9459 (16190)
Seat 3: jdeepenshort (69928)
Seat 4: 1CALL-2BET (60160)
Seat 5: James_3126 (56135)
Seat 7: P1xel7 (27945)
Seat 8: didier_35 (18800)
*** ANTE/BLINDS ***
1CALL-2BET posts ante 120
James_3126 posts ante 120
Asm21 posts ante 120
krisnack9459 posts ante 120
jdeepenshort posts ante 120
P1xel7 posts ante 120
didier_35 posts ante 120
1CALL-2BET posts small blind 500
James_3126 posts big blind 1000
Dealt to P1xel7 [Ts 8d]
*** PRE-FLOP *** 
P1xel7 folds
didier_35 folds
Asm21 folds
krisnack9459 folds
jdeepenshort folds
1CALL-2BET folds
James_3126 collected 2340 from pot
*** SUMMARY ***
Total pot 2340 | No rake
Seat 5: James_3126 (big blind) won 2340


Winamax Poker - Tournament "MiniRoll" buyIn: 0.45€ + 0.05€ level: 10 - HandId: #3251756015095382019-65-1710791118 - Holdem no limit (120/500/1000) - 2024/03/18 19:45:18 UTC
Table: 'MiniRoll(757108446)#002' 8-max (real money) Seat #4 is the button
Seat 1: Asm21 (23125)
Seat 2: krisnack9459 (16070)
Seat 3: jdeepenshort (69808)
Seat 4: 1CALL-2BET (59540)
Seat 5: James_3126 (57355)
Seat 7: P1xel7 (27825)
Seat 8: didier_35 (18680)
*** ANTE/BLINDS ***
James_3126 posts ante 120
P1xel7 posts ante 120
Asm21 posts ante 120
krisnack9459 posts ante 120
jdeepenshort posts ante 120
1CALL-2BET posts ante 120
didier_35 posts ante 120
James_3126 posts small blind 500
P1xel7 posts big blind 1000
Dealt to P1xel7 [8d Qd]
*** PRE-FLOP *** 
didier_35 folds
Asm21 folds
krisnack9459 folds
jdeepenshort folds
1CALL-2BET raises 1000 to 2000
James_3126 raises 6000 to 8000
P1xel7 folds
1CALL-2BET folds
James_3126 collected 11840 from pot
*** SUMMARY ***
Total pot 11840 | No rake
Seat 5: James_3126 (small blind) won 11840


Winamax Poker - Tournament "MiniRoll" buyIn: 0.45€ + 0.05€ level: 11 - HandId: #3251756015095382019-66-1710791171 - Holdem no limit (140/600/1200) - 2024/03/18 19:46:11 UTC
Table: 'MiniRoll(757108446)#002' 8-max (real money) Seat #5 is the button
Seat 1: Asm21 (23005)
Seat 2: krisnack9459 (15950)
Seat 3: jdeepenshort (69688)
Seat 4: 1CALL-2BET (57420)
Seat 5: James_3126 (61075)
Seat 7: P1xel7 (26705)
Seat 8: didier_35 (18560)
*** ANTE/BLINDS ***
P1xel7 posts ante 140
didier_35 posts ante 140
Asm21 posts ante 140
krisnack9459 posts ante 140
jdeepenshort posts ante 140
1CALL-2BET posts ante 140
James_3126 posts ante 140
P1xel7 posts small blind 600
didier_35 posts big blind 1200
Dealt to P1xel7 [7s 2h]
*** PRE-FLOP *** 
Asm21 folds
krisnack9459 raises 14610 to 15810 and is all-in
jdeepenshort folds
1CALL-2BET folds
James_3126 raises 45125 to 60935 and is all-in
P1xel7 folds
didier_35 folds
*** FLOP *** [Qs 9d Th]
*** TURN *** [Qs 9d Th][Jc]
*** RIVER *** [Qs 9d Th Jc][Kh]
*** SHOW DOWN ***
krisnack9459 shows [Ac 6s] (Straight Ace high)
James_3126 shows [Ts Td] (Straight King high)
James_3126 collected 45125 from side pot 1
krisnack9459 collected 34400 from main pot
*** SUMMARY ***
Total pot 79525 | No rake
Board: [Qs 9d Th Jc Kh]
Seat 2: krisnack9459 showed [Ac 6s] and won 34400 with Straight Ace high
Seat 5: James_3126 (button) showed [Ts Td] and won 45125 with Straight King high


Winamax Poker - Tournament "MiniRoll" buyIn: 0.45€ + 0.05€ level: 11 - HandId: #3251756015095382019-67-1710791207 - Holdem no limit (140/600/1200) - 2024/03/18 19:46:47 UTC
Table: 'MiniRoll(757108446)#002' 8-max (real money) Seat #7 is the button
Seat 1: Asm21 (22865)
Seat 2: krisnack9459 (34400)
Seat 3: jdeepenshort (69548)
Seat 4: 1CALL-2BET (57280)
Seat 5: James_3126 (45125)
Seat 7: P1xel7 (25965)
Seat 8: didier_35 (17220)
*** ANTE/BLINDS ***
didier_35 posts ante 140
Asm21 posts ante 140
krisnack9459 posts ante 140
jdeepenshort posts ante 140
1CALL-2BET posts ante 140
James_3126 posts ante 140
P1xel7 posts ante 140
didier_35 posts small blind 600
Asm21 posts big blind 1200
Dealt to P1xel7 [5c Kd]
*** PRE-FLOP *** 
krisnack9459 raises 1200 to 2400
jdeepenshort folds
1CALL-2BET calls 2400
James_3126 raises 7200 to 9600
P1xel7 folds
didier_35 folds
Asm21 folds
krisnack9459 calls 7200
1CALL-2BET folds
*** FLOP *** [2d Ts 5s]
krisnack9459 checks
James_3126 bets 8533
krisnack9459 folds
James_3126 collected 32913 from pot
*** SUMMARY ***
Total pot 32913 | No rake
Board: [2d Ts 5s]
Seat 5: James_3126 won 32913


Winamax Poker - Tournament "MiniRoll" buyIn: 0.45€ + 0.05€ level: 11 - HandId: #3251756015095382019-68-1710791278 - Holdem no limit (140/600/1200) - 2024/03/18 19:47:58 UTC
Table: 'MiniRoll(757108446)#002' 8-max (real money) Seat #8 is the button
Seat 1: Asm21 (21525)
Seat 2: krisnack9459 (24660)
Seat 3: jdeepenshort (69408)
Seat 4: 1CALL-2BET (54740)
Seat 5: James_3126 (59765)
Seat 6: Tiyame (9840)
Seat 7: P1xel7 (25825)
Seat 8: didier_35 (16480)
*** ANTE/BLINDS ***
Asm21 posts ante 140
krisnack9459 posts ante 140
jdeepenshort posts ante 140
1CALL-2BET posts ante 140
James_3126 posts ante 140
Tiyame posts ante 140
P1xel7 posts ante 140
didier_35 posts ante 140
Asm21 posts small blind 600
krisnack9459 posts big blind 1200
Dealt to P1xel7 [Ah Jh]
*** PRE-FLOP *** 
jdeepenshort folds
1CALL-2BET folds
James_3126 folds
Tiyame raises 8500 to 9700 and is all-in
P1xel7 calls 9700
didier_35 folds
Asm21 folds
krisnack9459 folds
*** FLOP *** [9s Kc 5h]
*** TURN *** [9s Kc 5h][4s]
*** RIVER *** [9s Kc 5h 4s][Ts]
*** SHOW DOWN ***
P1xel7 shows [Ah Jh] (High card : Ace)
Tiyame shows [Qh Qs] (One pair : Queens)
Tiyame collected 22320 from pot
*** SUMMARY ***
Total pot 22320 | No rake
Board: [9s Kc 5h 4s Ts]
Seat 6: Tiyame showed [Qh Qs] and won 22320 with One pair : Queens
Seat 7: P1xel7 showed [Ah Jh] and lost with High card : Ace


Winamax Poker - Tournament "MiniRoll" buyIn: 0.45€ + 0.05€ level: 11 - HandId: #3251756015095382019-69-1710791318 - Holdem no limit (140/600/1200) - 2024/03/18 19:48:38 UTC
Table: 'MiniRoll(757108446)#002' 8-max (real money) Seat #1 is the button
Seat 1: Asm21 (20785)
Seat 2: krisnack9459 (23320)
Seat 3: jdeepenshort (69268)
Seat 4: 1CALL-2BET (54600)
Seat 5: James_3126 (59625)
Seat 6: Tiyame (22320)
Seat 7: P1xel7 (15985)
Seat 8: didier_35 (16340)
*** ANTE/BLINDS ***
krisnack9459 posts ante 140
jdeepenshort posts ante 140
Asm21 posts ante 140
1CALL-2BET posts ante 140
James_3126 posts ante 140
Tiyame posts ante 140
P1xel7 posts ante 140
didier_35 posts ante 140
krisnack9459 posts small blind 600
jdeepenshort posts big blind 1200
Dealt to P1xel7 [2d Jd]
*** PRE-FLOP *** 
1CALL-2BET folds
James_3126 folds
Tiyame calls 1200
P1xel7 folds
didier_35 folds
Asm21 folds
krisnack9459 folds
jdeepenshort checks
*** FLOP *** [Tc Js Td]
jdeepenshort checks
Tiyame checks
*** TURN *** [Tc Js Td][7c]
jdeepenshort checks
Tiyame checks
*** RIVER *** [Tc Js Td 7c][9d]
jdeepenshort bets 1200
Tiyame raises 6520 to 7720
jdeepenshort folds
Tiyame collected 13040 from pot
*** SUMMARY ***
Total pot 13040 | No rake
Board: [Tc Js Td 7c 9d]
Seat 6: Tiyame won 13040


Winamax Poker - Tournament "MiniRoll" buyIn: 0.45€ + 0.05€ level: 11 - HandId: #3251756015095382019-70-1710791416 - Holdem no limit (140/600/1200) - 2024/03/18 19:50:16 UTC
Table: 'MiniRoll(757108446)#002' 8-max (real money) Seat #2 is the button
Seat 1: Asm21 (20645)
Seat 2: krisnack9459 (22580)
Seat 3: jdeepenshort (66728)
Seat 4: 1CALL-2BET (54460)
Seat 5: James_3126 (59485)
Seat 6: Tiyame (26300)
Seat 7: P1xel7 (15845)
Seat 8: didier_35 (16200)
*** ANTE/BLINDS ***
jdeepenshort posts ante 140
1CALL-2BET posts ante 140
Asm21 posts ante 140
krisnack9459 posts ante 140
James_3126 posts ante 140
Tiyame posts ante 140
P1xel7 posts ante 140
didier_35 posts ante 140
jdeepenshort posts small blind 600
1CALL-2BET posts big blind 1200
Dealt to P1xel7 [Kh 7h]
*** PRE-FLOP *** 
James_3126 folds
Tiyame calls 1200
P1xel7 folds
didier_35 calls 1200
Asm21 calls 1200
krisnack9459 calls 1200
jdeepenshort calls 600
1CALL-2BET checks
*** FLOP *** [2s 2d Qh]
jdeepenshort checks
1CALL-2BET checks
Tiyame checks
didier_35 checks
Asm21 bets 2912
krisnack9459 folds
jdeepenshort folds
1CALL-2BET folds
Tiyame folds
didier_35 folds
Asm21 collected 11232 from pot
*** SUMMARY ***
Total pot 11232 | No rake
Board: [2s 2d Qh]
Seat 1: Asm21 won 11232


Winamax Poker - Tournament "MiniRoll" buyIn: 0.45€ + 0.05€ level: 12 - HandId: #3251756015095382019-71-1710791518 - Holdem no limit (160/700/1400) - 2024/03/18 19:51:58 UTC
Table: 'MiniRoll(757108446)#002' 8-max (real money) Seat #3 is the button
Seat 1: Asm21 (27625)
Seat 2: krisnack9459 (21240)
Seat 3: jdeepenshort (65388)
Seat 4: 1CALL-2BET (53120)
Seat 5: James_3126 (59345)
Seat 7: P1xel7 (15705)
Seat 8: didier_35 (14860)
*** ANTE/BLINDS ***
1CALL-2BET posts ante 160
James_3126 posts ante 160
Asm21 posts ante 160
krisnack9459 posts ante 160
jdeepenshort posts ante 160
P1xel7 posts ante 160
didier_35 posts ante 160
1CALL-2BET posts small blind 700
James_3126 posts big blind 1400
Dealt to P1xel7 [Kh 2d]
*** PRE-FLOP *** 
P1xel7 folds
didier_35 folds
Asm21 folds
krisnack9459 folds
jdeepenshort folds
1CALL-2BET folds
James_3126 collected 3220 from pot
*** SUMMARY ***
Total pot 3220 | No rake
Seat 5: James_3126 (big blind) won 3220


Winamax Poker - Tournament "MiniRoll" buyIn: 0.45€ + 0.05€ level: 12 - HandId: #3251756015095382019-72-1710791535 - Holdem no limit (160/700/1400) - 2024/03/18 19:52:15 UTC
Table: 'MiniRoll(757108446)#002' 8-max (real money) Seat #4 is the button
Seat 1: Asm21 (27465)
Seat 2: krisnack9459 (21080)
Seat 3: jdeepenshort (65228)
Seat 4: 1CALL-2BET (52260)
Seat 5: James_3126 (61005)
Seat 7: P1xel7 (15545)
Seat 8: didier_35 (14700)
*** ANTE/BLINDS ***
James_3126 posts ante 160
P1xel7 posts ante 160
Asm21 posts ante 160
krisnack9459 posts ante 160
jdeepenshort posts ante 160
1CALL-2BET posts ante 160
didier_35 posts ante 160
James_3126 posts small blind 700
P1xel7 posts big blind 1400
Dealt to P1xel7 [Js Tc]
*** PRE-FLOP *** 
didier_35 folds
Asm21 folds
krisnack9459 folds
jdeepenshort folds
1CALL-2BET raises 1750 to 3150
James_3126 folds
P1xel7 calls 1750
*** FLOP *** [5c Qc 2h]
P1xel7 checks
1CALL-2BET bets 6090
P1xel7 folds
1CALL-2BET collected 14210 from pot
*** SUMMARY ***
Total pot 14210 | No rake
Board: [5c Qc 2h]
Seat 4: 1CALL-2BET (button) won 14210


Winamax Poker - Tournament "MiniRoll" buyIn: 0.45€ + 0.05€ level: 12 - HandId: #3251756015095382019-73-1710791573 - Holdem no limit (160/700/1400) - 2024/03/18 19:52:53 UTC
Table: 'MiniRoll(757108446)#002' 8-max (real money) Seat #5 is the button
Seat 1: Asm21 (27305)
Seat 2: krisnack9459 (20920)
Seat 3: jdeepenshort (65068)
Seat 4: 1CALL-2BET (57070)
Seat 5: James_3126 (60145)
Seat 7: P1xel7 (12235)
Seat 8: didier_35 (14540)
*** ANTE/BLINDS ***
P1xel7 posts ante 160
didier_35 posts ante 160
Asm21 posts ante 160
krisnack9459 posts ante 160
jdeepenshort posts ante 160
1CALL-2BET posts ante 160
James_3126 posts ante 160
P1xel7 posts small blind 700
didier_35 posts big blind 1400
Dealt to P1xel7 [Qc 3c]
*** PRE-FLOP *** 
Asm21 folds
krisnack9459 folds
jdeepenshort folds
1CALL-2BET raises 1400 to 2800
James_3126 raises 8400 to 11200
P1xel7 folds
didier_35 folds
1CALL-2BET folds
James_3126 collected 17220 from pot
*** SUMMARY ***
Total pot 17220 | No rake
Seat 5: James_3126 (button) won 17220


Winamax Poker - Tournament "MiniRoll" buyIn: 0.45€ + 0.05€ level: 12 - HandId: #3251756015095382019-74-1710791625 - Holdem no limit (160/700/1400) - 2024/03/18 19:53:45 UTC
Table: 'MiniRoll(757108446)#002' 8-max (real money) Seat #7 is the button
Seat 1: Asm21 (27145)
Seat 2: krisnack9459 (20760)
Seat 3: jdeepenshort (64908)
Seat 4: 1CALL-2BET (54110)
Seat 5: James_3126 (66005)
Seat 7: P1xel7 (11375)
Seat 8: didier_35 (12980)
*** ANTE/BLINDS ***
didier_35 posts ante 160
Asm21 posts ante 160
krisnack9459 posts ante 160
jdeepenshort posts ante 160
1CALL-2BET posts ante 160
James_3126 posts ante 160
P1xel7 posts ante 160
didier_35 posts small blind 700
Asm21 posts big blind 1400
Dealt to P1xel7 [Js 7c]
*** PRE-FLOP *** 
krisnack9459 folds
jdeepenshort raises 1400 to 2800
1CALL-2BET folds
James_3126 folds
P1xel7 folds
didier_35 calls 2100
Asm21 calls 1400
*** FLOP *** [Th 5d 6c]
didier_35 checks
Asm21 checks
jdeepenshort bets 4760
didier_35 folds
Asm21 calls 4760
*** TURN *** [Th 5d 6c][7s]
Asm21 checks
jdeepenshort checks
*** RIVER *** [Th 5d 6c 7s][7d]
Asm21 bets 9520
jdeepenshort calls 9520
*** SHOW DOWN ***
jdeepenshort shows [8h 8c] (Two pairs : 8 and 7)
Asm21 shows [Kc Ts] (Two pairs : Tens and 7)
Asm21 collected 38080 from pot
*** SUMMARY ***
Total pot 38080 | No rake
Board: [Th 5d 6c 7s 7d]
Seat 1: Asm21 (big blind) showed [Kc Ts] and won 38080 with Two pairs : Tens and 7
Seat 3: jdeepenshort showed [8h 8c] and lost with Two pairs : 8 and 7


Winamax Poker - Tournament "MiniRoll" buyIn: 0.45€ + 0.05€ level: 12 - HandId: #3251756015095382019-75-1710791699 - Holdem no limit (160/700/1400) - 2024/03/18 19:54:59 UTC
Table: 'MiniRoll(757108446)#002' 8-max (real money) Seat #8 is the button
Seat 1: Asm21 (47985)
Seat 2: krisnack9459 (20600)
Seat 3: jdeepenshort (47668)
Seat 4: 1CALL-2BET (53950)
Seat 5: James_3126 (65845)
Seat 6: pro23300 (31461)
Seat 7: P1xel7 (11215)
Seat 8: didier_35 (10020)
*** ANTE/BLINDS ***
Asm21 posts ante 160
krisnack9459 posts ante 160
jdeepenshort posts ante 160
1CALL-2BET posts ante 160
James_3126 posts ante 160
pro23300 posts ante 160
P1xel7 posts ante 160
didier_35 posts ante 160
Asm21 posts small blind 700
krisnack9459 posts big blind 1400
Dealt to P1xel7 [7d 2d]
*** PRE-FLOP *** 
jdeepenshort folds
1CALL-2BET folds
James_3126 folds
pro23300 raises 1400 to 2800
P1xel7 folds
didier_35 raises 7060 to 9860 and is all-in
Asm21 folds
krisnack9459 raises 10580 to 20440 and is all-in
pro23300 calls 17640
*** FLOP *** [Kh 7s 7h]
*** TURN *** [Kh 7s 7h][2s]
*** RIVER *** [Kh 7s 7h 2s][Kc]
*** SHOW DOWN ***
krisnack9459 shows [Ah Qs] (Two pairs : Kings and 7)
didier_35 shows [As Jd] (Two pairs : Kings and 7)
pro23300 shows [8d 8s] (Two pairs : Kings and 8)
pro23300 collected 52720 from pot
*** SUMMARY ***
Total pot 52720 | No rake
Board: [Kh 7s 7h 2s Kc]
Seat 2: krisnack9459 (big blind) showed [Ah Qs] and lost with Two pairs : Kings and 7
Seat 6: pro23300 showed [8d 8s] and won 52720 with Two pairs : Kings and 8
Seat 8: didier_35 (button) showed [As Jd] and lost with Two pairs : Kings and 7


Winamax Poker - Tournament "MiniRoll" buyIn: 0.45€ + 0.05€ level: 12 - HandId: #3251756015095382019-76-1710792061 - Holdem no limit (160/700/1400) - 2024/03/18 20:01:01 UTC
Table: 'MiniRoll(757108446)#002' 8-max (real money) Seat #1 is the button
Seat 1: Asm21 (47125)
Seat 2: Grem_pok62 (11487)
Seat 3: jdeepenshort (47508)
Seat 4: 1CALL-2BET (53790)
Seat 5: James_3126 (65685)
Seat 6: pro23300 (63581)
Seat 7: P1xel7 (11055)
*** ANTE/BLINDS ***
jdeepenshort posts ante 160
Asm21 posts ante 160
1CALL-2BET posts ante 160
James_3126 posts ante 160
pro23300 posts ante 160
P1xel7 posts ante 160
jdeepenshort posts big blind 1400
Dealt to P1xel7 [6h 2d]
*** PRE-FLOP *** 
1CALL-2BET folds
James_3126 folds
pro23300 raises 1400 to 2800
P1xel7 folds
Asm21 folds
jdeepenshort folds
pro23300 collected 5160 from pot
*** SUMMARY ***
Total pot 5160 | No rake
Seat 6: pro23300 won 5160


Winamax Poker - Tournament "MiniRoll" buyIn: 0.45€ + 0.05€ level: 13 - HandId: #3251756015095382019-77-1710792208 - Holdem no limit (200/800/1600) - 2024/03/18 20:03:28 UTC
Table: 'MiniRoll(757108446)#002' 8-max (real money) Seat #2 is the button
Seat 1: Asm21 (46965)
Seat 2: Grem_pok62 (11487)
Seat 3: jdeepenshort (45948)
Seat 4: 1CALL-2BET (53630)
Seat 5: James_3126 (65525)
Seat 6: pro23300 (65781)
Seat 7: P1xel7 (10895)
*** ANTE/BLINDS ***
jdeepenshort posts ante 200
1CALL-2BET posts ante 200
Asm21 posts ante 200
James_3126 posts ante 200
pro23300 posts ante 200
P1xel7 posts ante 200
jdeepenshort posts small blind 800
1CALL-2BET posts big blind 1600
Dealt to P1xel7 [2c 3s]
*** PRE-FLOP *** 
James_3126 folds
pro23300 raises 1600 to 3200
P1xel7 folds
Asm21 folds
jdeepenshort folds
1CALL-2BET folds
pro23300 collected 6800 from pot
*** SUMMARY ***
Total pot 6800 | No rake
Seat 6: pro23300 won 6800


Winamax Poker - Tournament "MiniRoll" buyIn: 0.45€ + 0.05€ level: 13 - HandId: #3251756015095382019-78-1710792240 - Holdem no limit (200/800/1600) - 2024/03/18 20:04:00 UTC
Table: 'MiniRoll(757108446)#002' 8-max (real money) Seat #3 is the button
Seat 1: Asm21 (46765)
Seat 2: Grem_pok62 (11487)
Seat 3: jdeepenshort (44948)
Seat 4: 1CALL-2BET (51830)
Seat 5: James_3126 (65325)
Seat 6: pro23300 (69181)
Seat 7: P1xel7 (10695)
*** ANTE/BLINDS ***
1CALL-2BET posts ante 200
James_3126 posts ante 200
Asm21 posts ante 200
Grem_pok62 posts ante 200
jdeepenshort posts ante 200
pro23300 posts ante 200
P1xel7 posts ante 200
1CALL-2BET posts small blind 800
James_3126 posts big blind 1600
Dealt to P1xel7 [7c 3d]
*** PRE-FLOP *** 
pro23300 raises 1600 to 3200
P1xel7 folds
Asm21 folds
Grem_pok62 folds
jdeepenshort folds
1CALL-2BET folds
James_3126 calls 1600
*** FLOP *** [5c 5d 2s]
James_3126 checks
pro23300 bets 4300
James_3126 calls 4300
*** TURN *** [5c 5d 2s][2c]
James_3126 checks
pro23300 bets 11980
James_3126 raises 45645 to 57625 and is all-in
pro23300 folds
James_3126 collected 86805 from pot
*** SUMMARY ***
Total pot 86805 | No rake
Board: [5c 5d 2s 2c]
Seat 5: James_3126 (big blind) won 86805


Winamax Poker - Tournament "MiniRoll" buyIn: 0.45€ + 0.05€ level: 13 - HandId: #3251756015095382019-79-1710792310 - Holdem no limit (200/800/1600) - 2024/03/18 20:05:10 UTC
Table: 'MiniRoll(757108446)#002' 8-max (real money) Seat #4 is the button
Seat 1: Asm21 (46565)
Seat 2: Grem_pok62 (11287)
Seat 3: jdeepenshort (44748)
Seat 4: 1CALL-2BET (50830)
Seat 5: James_3126 (86805)
Seat 6: pro23300 (49501)
Seat 7: P1xel7 (10495)
*** ANTE/BLINDS ***
James_3126 posts ante 200
pro23300 posts ante 200
Asm21 posts ante 200
Grem_pok62 posts ante 200
jdeepenshort posts ante 200
1CALL-2BET posts ante 200
P1xel7 posts ante 200
James_3126 posts small blind 800
pro23300 posts big blind 1600
Dealt to P1xel7 [3h 9c]
*** PRE-FLOP *** 
P1xel7 folds
Asm21 folds
Grem_pok62 folds
jdeepenshort folds
1CALL-2BET raises 2000 to 3600
James_3126 raises 9000 to 12600
pro23300 folds
1CALL-2BET folds
James_3126 shows [Ah As] (One pair : Aces)
James_3126 collected 19200 from pot
*** SUMMARY ***
Total pot 19200 | No rake
Seat 5: James_3126 (small blind) showed [Ah As] and won 19200 with One pair : Aces


Winamax Poker - Tournament "MiniRoll" buyIn: 0.45€ + 0.05€ level: 13 - HandId: #3251756015095382019-80-1710792336 - Holdem no limit (200/800/1600) - 2024/03/18 20:05:36 UTC
Table: 'MiniRoll(757108446)#002' 8-max (real money) Seat #5 is the button
Seat 1: Asm21 (46365)
Seat 2: Grem_pok62 (11087)
Seat 3: jdeepenshort (44548)
Seat 4: 1CALL-2BET (47030)
Seat 5: James_3126 (93205)
Seat 6: pro23300 (47701)
Seat 7: P1xel7 (10295)
*** ANTE/BLINDS ***
pro23300 posts ante 200
P1xel7 posts ante 200
Asm21 posts ante 200
Grem_pok62 posts ante 200
jdeepenshort posts ante 200
1CALL-2BET posts ante 200
James_3126 posts ante 200
pro23300 posts small blind 800
P1xel7 posts big blind 1600
Dealt to P1xel7 [2c 6s]
*** PRE-FLOP *** 
Asm21 folds
Grem_pok62 folds
jdeepenshort folds
1CALL-2BET folds
James_3126 folds
pro23300 raises 45901 to 47501 and is all-in
P1xel7 folds
pro23300 collected 50501 from pot
*** SUMMARY ***
Total pot 50501 | No rake
Seat 6: pro23300 (small blind) won 50501


Winamax Poker - Tournament "MiniRoll" buyIn: 0.45€ + 0.05€ level: 13 - HandId: #3251756015095382019-81-1710792384 - Holdem no limit (200/800/1600) - 2024/03/18 20:06:24 UTC
Table: 'MiniRoll(757108446)#002' 8-max (real money) Seat #6 is the button
Seat 1: Asm21 (46165)
Seat 2: Grem_pok62 (10887)
Seat 3: jdeepenshort (44348)
Seat 4: 1CALL-2BET (46830)
Seat 5: James_3126 (93005)
Seat 6: pro23300 (50501)
Seat 7: P1xel7 (8495)
*** ANTE/BLINDS ***
P1xel7 posts ante 200
Asm21 posts ante 200
Grem_pok62 posts ante 200
jdeepenshort posts ante 200
1CALL-2BET posts ante 200
James_3126 posts ante 200
pro23300 posts ante 200
P1xel7 posts small blind 800
Asm21 posts big blind 1600
Dealt to P1xel7 [2h 6h]
*** PRE-FLOP *** 
Grem_pok62 raises 9087 to 10687 and is all-in
jdeepenshort folds
1CALL-2BET folds
James_3126 raises 82118 to 92805 and is all-in
pro23300 folds
P1xel7 folds
Asm21 folds
*** FLOP *** [7c 3h Ac]
*** TURN *** [7c 3h Ac][Kh]
*** RIVER *** [7c 3h Ac Kh][Jd]
*** SHOW DOWN ***
Grem_pok62 shows [8d Kd] (One pair : Kings)
James_3126 shows [9s 9c] (One pair : 9)
James_3126 collected 82118 from side pot 1
Grem_pok62 collected 25174 from main pot
*** SUMMARY ***
Total pot 107292 | No rake
Board: [7c 3h Ac Kh Jd]
Seat 2: Grem_pok62 showed [8d Kd] and won 25174 with One pair : Kings
Seat 5: James_3126 showed [9s 9c] and won 82118 with One pair : 9


Winamax Poker - Tournament "MiniRoll" buyIn: 0.45€ + 0.05€ level: 14 - HandId: #3251756015095382019-82-1710792426 - Holdem no limit (250/1000/2000) - 2024/03/18 20:07:06 UTC
Table: 'MiniRoll(757108446)#002' 8-max (real money) Seat #7 is the button
Seat 1: Asm21 (44365)
Seat 2: Grem_pok62 (25174)
Seat 3: jdeepenshort (44148)
Seat 4: 1CALL-2BET (46630)
Seat 5: James_3126 (82118)
Seat 6: pro23300 (50301)
Seat 7: P1xel7 (7495)
*** ANTE/BLINDS ***
Asm21 posts ante 250
Grem_pok62 posts ante 250
jdeepenshort posts ante 250
1CALL-2BET posts ante 250
James_3126 posts ante 250
pro23300 posts ante 250
P1xel7 posts ante 250
Asm21 posts small blind 1000
Grem_pok62 posts big blind 2000
Dealt to P1xel7 [4d 7c]
*** PRE-FLOP *** 
jdeepenshort folds
1CALL-2BET folds
James_3126 raises 5000 to 7000
pro23300 folds
P1xel7 folds
Asm21 folds
Grem_pok62 folds
James_3126 collected 11750 from pot
*** SUMMARY ***
Total pot 11750 | No rake
Seat 5: James_3126 won 11750


Winamax Poker - Tournament "MiniRoll" buyIn: 0.45€ + 0.05€ level: 14 - HandId: #3251756015095382019-83-1710792467 - Holdem no limit (250/1000/2000) - 2024/03/18 20:07:47 UTC
Table: 'MiniRoll(757108446)#002' 8-max (real money) Seat #1 is the button
Seat 1: Asm21 (43115)
Seat 2: Grem_pok62 (22924)
Seat 3: jdeepenshort (43898)
Seat 4: 1CALL-2BET (46380)
Seat 5: James_3126 (86618)
Seat 6: pro23300 (50051)
Seat 7: P1xel7 (7245)
*** ANTE/BLINDS ***
Grem_pok62 posts ante 250
jdeepenshort posts ante 250
Asm21 posts ante 250
1CALL-2BET posts ante 250
James_3126 posts ante 250
pro23300 posts ante 250
P1xel7 posts ante 250
Grem_pok62 posts small blind 1000
jdeepenshort posts big blind 2000
Dealt to P1xel7 [Ts 4c]
*** PRE-FLOP *** 
1CALL-2BET raises 2000 to 4000
James_3126 folds
pro23300 folds
P1xel7 folds
Asm21 folds
Grem_pok62 folds
jdeepenshort folds
1CALL-2BET collected 8750 from pot
*** SUMMARY ***
Total pot 8750 | No rake
Seat 4: 1CALL-2BET won 8750


Winamax Poker - Tournament "MiniRoll" buyIn: 0.45€ + 0.05€ level: 14 - HandId: #3251756015095382019-84-1710792490 - Holdem no limit (250/1000/2000) - 2024/03/18 20:08:10 UTC
Table: 'MiniRoll(757108446)#002' 8-max (real money) Seat #2 is the button
Seat 1: Asm21 (42865)
Seat 2: Grem_pok62 (21674)
Seat 3: jdeepenshort (41648)
Seat 4: 1CALL-2BET (50880)
Seat 5: James_3126 (86368)
Seat 6: pro23300 (49801)
Seat 7: P1xel7 (6995)
*** ANTE/BLINDS ***
jdeepenshort posts ante 250
1CALL-2BET posts ante 250
Asm21 posts ante 250
Grem_pok62 posts ante 250
James_3126 posts ante 250
pro23300 posts ante 250
P1xel7 posts ante 250
jdeepenshort posts small blind 1000
1CALL-2BET posts big blind 2000
Dealt to P1xel7 [Js 7h]
*** PRE-FLOP *** 
James_3126 folds
pro23300 folds
P1xel7 folds
Asm21 folds
Grem_pok62 folds
jdeepenshort folds
1CALL-2BET collected 4750 from pot
*** SUMMARY ***
Total pot 4750 | No rake
Seat 4: 1CALL-2BET (big blind) won 4750


Winamax Poker - Tournament "MiniRoll" buyIn: 0.45€ + 0.05€ level: 14 - HandId: #3251756015095382019-85-1710792510 - Holdem no limit (250/1000/2000) - 2024/03/18 20:08:30 UTC
Table: 'MiniRoll(757108446)#002' 8-max (real money) Seat #3 is the button
Seat 1: Asm21 (42615)
Seat 2: Grem_pok62 (21424)
Seat 3: jdeepenshort (40398)
Seat 4: 1CALL-2BET (53380)
Seat 5: James_3126 (86118)
Seat 6: pro23300 (49551)
Seat 7: P1xel7 (6745)
*** ANTE/BLINDS ***
1CALL-2BET posts ante 250
James_3126 posts ante 250
Asm21 posts ante 250
Grem_pok62 posts ante 250
jdeepenshort posts ante 250
pro23300 posts ante 250
P1xel7 posts ante 250
1CALL-2BET posts small blind 1000
James_3126 posts big blind 2000
Dealt to P1xel7 [9c Jd]
*** PRE-FLOP *** 
pro23300 folds
P1xel7 raises 4495 to 6495 and is all-in
Asm21 folds
Grem_pok62 folds
jdeepenshort folds
1CALL-2BET folds
James_3126 folds
P1xel7 collected 11245 from pot
*** SUMMARY ***
Total pot 11245 | No rake
Seat 7: P1xel7 won 11245


Winamax Poker - Tournament "MiniRoll" buyIn: 0.45€ + 0.05€ level: 14 - HandId: #3251756015095382019-86-1710792539 - Holdem no limit (250/1000/2000) - 2024/03/18 20:08:59 UTC
Table: 'MiniRoll(757108446)#002' 8-max (real money) Seat #4 is the button
Seat 1: Asm21 (42365)
Seat 2: Grem_pok62 (21174)
Seat 3: jdeepenshort (40148)
Seat 4: 1CALL-2BET (52130)
Seat 5: James_3126 (83868)
Seat 6: pro23300 (49301)
Seat 7: P1xel7 (11245)
*** ANTE/BLINDS ***
James_3126 posts ante 250
pro23300 posts ante 250
Asm21 posts ante 250
Grem_pok62 posts ante 250
jdeepenshort posts ante 250
1CALL-2BET posts ante 250
P1xel7 posts ante 250
James_3126 posts small blind 1000
pro23300 posts big blind 2000
Dealt to P1xel7 [5h Td]
*** PRE-FLOP *** 
P1xel7 folds
Asm21 folds
Grem_pok62 folds
jdeepenshort folds
1CALL-2BET folds
James_3126 folds
pro23300 collected 4750 from pot
*** SUMMARY ***
Total pot 4750 | No rake
Seat 6: pro23300 (big blind) won 4750


Winamax Poker - Tournament "MiniRoll" buyIn: 0.45€ + 0.05€ level: 14 - HandId: #3251756015095382019-87-1710792571 - Holdem no limit (250/1000/2000) - 2024/03/18 20:09:31 UTC
Table: 'MiniRoll(757108446)#002' 8-max (real money) Seat #5 is the button
Seat 1: Asm21 (42115)
Seat 2: Grem_pok62 (20924)
Seat 3: jdeepenshort (39898)
Seat 4: 1CALL-2BET (51880)
Seat 5: James_3126 (82618)
Seat 6: pro23300 (51801)
Seat 7: P1xel7 (10995)
*** ANTE/BLINDS ***
pro23300 posts ante 250
P1xel7 posts ante 250
Asm21 posts ante 250
Grem_pok62 posts ante 250
jdeepenshort posts ante 250
1CALL-2BET posts ante 250
James_3126 posts ante 250
pro23300 posts small blind 1000
P1xel7 posts big blind 2000
Dealt to P1xel7 [Kd Td]
*** PRE-FLOP *** 
Asm21 folds
Grem_pok62 folds
jdeepenshort folds
1CALL-2BET folds
James_3126 raises 3000 to 5000
pro23300 folds
P1xel7 raises 5745 to 10745 and is all-in
James_3126 calls 5745
*** FLOP *** [3h 6s 4s]
*** TURN *** [3h 6s 4s][5h]
*** RIVER *** [3h 6s 4s 5h][4d]
*** SHOW DOWN ***
P1xel7 shows [Kd Td] (One pair : 4)
James_3126 shows [7d Kc] (Straight 7 high)
James_3126 collected 24240 from pot
*** SUMMARY ***
Total pot 24240 | No rake
Board: [3h 6s 4s 5h 4d]
Seat 5: James_3126 (button) showed [7d Kc] and won 24240 with Straight 7 high
Seat 7: P1xel7 (big blind) showed [Kd Td] and lost with One pair : 4


