Winamax Poker - Tournament "Trident" buyIn: 0.90€ + 0.10€ level: -874527791 - HandId: #3253419941260427328-2-1710881454 - Holdem no limit (4/15/30) - 2024/03/19 20:50:54 UTC
Table: 'Trident(757495859)#0063' 3-max (real money) Seat #3 is the button
Seat 1: TergemS (1088, 0.67€ bounty)
Seat 3: P1xel7 (500, 0.45€ bounty)
*** ANTE/BLINDS ***
P1xel7 posts ante 4
TergemS posts ante 4
P1xel7 posts small blind 15
TergemS posts big blind 30
Dealt to P1xel7 [Kc Ks]
*** PRE-FLOP *** 
P1xel7 raises 30 to 60
TergemS calls 30
*** FLOP *** [7c 5c 6h]
TergemS checks
P1xel7 bets 64
TergemS calls 64
*** TURN *** [7c 5c 6h][Qs]
TergemS checks
P1xel7 bets 90
TergemS calls 90
*** RIVER *** [7c 5c 6h Qs][Jd]
TergemS checks
P1xel7 checks
*** SHOW DOWN ***
P1xel7 shows [Kc Ks] (One pair : Kings)
TergemS shows [9s 8s] (Straight 9 high)
TergemS collected 436 from pot
*** SUMMARY ***
Total pot 436 | No rake
Board: [7c 5c 6h Qs Jd]
Seat 1: TergemS (big blind) showed [9s 8s] and won 436 with Straight 9 high
Seat 3: P1xel7 (small blind) (button) showed [Kc Ks] and lost with One pair : Kings


Winamax Poker - Tournament "Trident" buyIn: 0.90€ + 0.10€ level: -874527791 - HandId: #3253419941260427328-3-1710881503 - Holdem no limit (4/15/30) - 2024/03/19 20:51:43 UTC
Table: 'Trident(757495859)#0063' 3-max (real money) Seat #3 is the button
Seat 1: TergemS (1306, 0.67€ bounty)
Seat 2: fabio92000 (500, 0.45€ bounty)
Seat 3: P1xel7 (282, 0.45€ bounty)
*** ANTE/BLINDS ***
TergemS posts ante 4
fabio92000 posts ante 4
P1xel7 posts ante 4
TergemS posts small blind 15
fabio92000 posts big blind 30
Dealt to P1xel7 [2h Ac]
*** PRE-FLOP *** 
P1xel7 raises 30 to 60
TergemS raises 1242 to 1302 and is all-in
fabio92000 calls 466 and is all-in
P1xel7 folds
*** FLOP *** [8h 4c 7c]
*** TURN *** [8h 4c 7c][7d]
*** RIVER *** [8h 4c 7c 7d][Ah]
*** SHOW DOWN ***
fabio92000 shows [Qd Jh] (One pair : 7)
TergemS shows [As Td] (Two pairs : Aces and 7)
TergemS collected 1870 from pot
*** SUMMARY ***
Total pot 1870 | No rake
Board: [8h 4c 7c 7d Ah]
Seat 1: TergemS (small blind) showed [As Td] and won 1870 with Two pairs : Aces and 7
Seat 2: fabio92000 (big blind) showed [Qd Jh] and lost with One pair : 7


Winamax Poker - Tournament "Trident" buyIn: 0.90€ + 0.10€ level: -874527791 - HandId: #3253419941260427328-4-1710881521 - Holdem no limit (4/15/30) - 2024/03/19 20:52:01 UTC
Table: 'Trident(757495859)#0063' 3-max (real money) Seat #3 is the button
Seat 1: TergemS (1870, 0.89€ bounty)
Seat 3: P1xel7 (218, 0.45€ bounty)
*** ANTE/BLINDS ***
P1xel7 posts ante 4
TergemS posts ante 4
P1xel7 posts small blind 15
TergemS posts big blind 30
Dealt to P1xel7 [8d 2d]
*** PRE-FLOP *** 
P1xel7 folds
TergemS collected 53 from pot
*** SUMMARY ***
Total pot 53 | No rake
Seat 1: TergemS (big blind) won 53


Winamax Poker - Tournament "Trident" buyIn: 0.90€ + 0.10€ level: -874527791 - HandId: #3253419941260427328-5-1710881525 - Holdem no limit (4/15/30) - 2024/03/19 20:52:05 UTC
Table: 'Trident(757495859)#0063' 3-max (real money) Seat #1 is the button
Seat 1: TergemS (1889, 0.89€ bounty)
Seat 3: P1xel7 (199, 0.45€ bounty)
*** ANTE/BLINDS ***
TergemS posts ante 4
P1xel7 posts ante 4
TergemS posts small blind 15
P1xel7 posts big blind 30
Dealt to P1xel7 [Ad 2h]
*** PRE-FLOP *** 
TergemS raises 1855 to 1885 and is all-in
P1xel7 calls 165 and is all-in
*** FLOP *** [3h Qh Ts]
*** TURN *** [3h Qh Ts][Ks]
*** RIVER *** [3h Qh Ts Ks][7s]
*** SHOW DOWN ***
TergemS shows [5h As] (High card : Ace)
P1xel7 shows [Ad 2h] (High card : Ace)
P1xel7 collected 199 from main pot
TergemS collected 1889 from side pot 1
*** SUMMARY ***
Total pot 2088 | No rake
Board: [3h Qh Ts Ks 7s]
Seat 1: TergemS (small blind) (button) showed [5h As] and won 1889 with High card : Ace
Seat 3: P1xel7 (big blind) showed [Ad 2h] and won 199 with High card : Ace


Winamax Poker - Tournament "Trident" buyIn: 0.90€ + 0.10€ level: -874527791 - HandId: #3253419941260427328-6-1710881548 - Holdem no limit (4/15/30) - 2024/03/19 20:52:28 UTC
Table: 'Trident(757495859)#0063' 3-max (real money) Seat #3 is the button
Seat 1: TergemS (1889, 0.89€ bounty)
Seat 3: P1xel7 (199, 0.45€ bounty)
*** ANTE/BLINDS ***
P1xel7 posts ante 4
TergemS posts ante 4
P1xel7 posts small blind 15
TergemS posts big blind 30
Dealt to P1xel7 [8s 7d]
*** PRE-FLOP *** 
P1xel7 folds
TergemS collected 53 from pot
*** SUMMARY ***
Total pot 53 | No rake
Seat 1: TergemS (big blind) won 53


Winamax Poker - Tournament "Trident" buyIn: 0.90€ + 0.10€ level: 4 - HandId: #3253419941260427328-7-1710881557 - Holdem no limit (4/17/35) - 2024/03/19 20:52:37 UTC
Table: 'Trident(757495859)#0063' 3-max (real money) Seat #1 is the button
Seat 1: TergemS (1908, 0.89€ bounty)
Seat 3: P1xel7 (180, 0.45€ bounty)
*** ANTE/BLINDS ***
TergemS posts ante 4
P1xel7 posts ante 4
TergemS posts small blind 17
P1xel7 posts big blind 35
Dealt to P1xel7 [7s 9c]
*** PRE-FLOP *** 
TergemS raises 1869 to 1904 and is all-in
P1xel7 folds
TergemS collected 1947 from pot
*** SUMMARY ***
Total pot 1947 | No rake
Seat 1: TergemS (small blind) (button) won 1947


Winamax Poker - Tournament "Trident" buyIn: 0.90€ + 0.10€ level: 4 - HandId: #3253419941260427328-8-1710881564 - Holdem no limit (4/17/35) - 2024/03/19 20:52:44 UTC
Table: 'Trident(757495859)#0063' 3-max (real money) Seat #3 is the button
Seat 1: TergemS (1947, 0.89€ bounty)
Seat 2: Fiac_Blanchi (500, 0.45€ bounty)
Seat 3: P1xel7 (141, 0.45€ bounty)
*** ANTE/BLINDS ***
P1xel7 posts ante 4
TergemS posts ante 4
P1xel7 posts small blind 17
TergemS posts big blind 35
Dealt to P1xel7 [5c 2h]
*** PRE-FLOP *** 
P1xel7 folds
TergemS collected 60 from pot
*** SUMMARY ***
Total pot 60 | No rake
Seat 1: TergemS (big blind) won 60


Winamax Poker - Tournament "Trident" buyIn: 0.90€ + 0.10€ level: 4 - HandId: #3253419941260427328-9-1710881568 - Holdem no limit (4/17/35) - 2024/03/19 20:52:48 UTC
Table: 'Trident(757495859)#0063' 3-max (real money) Seat #3 is the button
Seat 1: TergemS (1968, 0.89€ bounty)
Seat 2: Fiac_Blanchi (500, 0.45€ bounty)
Seat 3: P1xel7 (120, 0.45€ bounty)
*** ANTE/BLINDS ***
TergemS posts ante 4
Fiac_Blanchi posts ante 4
P1xel7 posts ante 4
TergemS posts small blind 17
Fiac_Blanchi posts big blind 35
Dealt to P1xel7 [8h Kh]
*** PRE-FLOP *** 
P1xel7 raises 81 to 116 and is all-in
TergemS raises 1848 to 1964 and is all-in
Fiac_Blanchi calls 461 and is all-in
*** FLOP *** [4d 9d 3h]
*** TURN *** [4d 9d 3h][Ks]
*** RIVER *** [4d 9d 3h Ks][6d]
*** SHOW DOWN ***
Fiac_Blanchi shows [Ac Qd] (High card : Ace)
TergemS shows [7c Kd] (One pair : Kings)
P1xel7 shows [8h Kh] (One pair : Kings)
P1xel7 collected 360 from main pot
TergemS collected 2228 from side pot 1
*** SUMMARY ***
Total pot 2588 | No rake
Board: [4d 9d 3h Ks 6d]
Seat 1: TergemS (small blind) showed [7c Kd] and won 2228 with One pair : Kings
Seat 2: Fiac_Blanchi (big blind) showed [Ac Qd] and lost with High card : Ace
Seat 3: P1xel7 (button) showed [8h Kh] and won 360 with One pair : Kings


Winamax Poker - Tournament "Trident" buyIn: 0.90€ + 0.10€ level: 4 - HandId: #3253419941260427328-10-1710881589 - Holdem no limit (4/17/35) - 2024/03/19 20:53:09 UTC
Table: 'Trident(757495859)#0063' 3-max (real money) Seat #3 is the button
Seat 1: TergemS (2228, 1.11€ bounty)
Seat 3: P1xel7 (360, 0.45€ bounty)
*** ANTE/BLINDS ***
P1xel7 posts ante 4
TergemS posts ante 4
P1xel7 posts small blind 17
TergemS posts big blind 35
Dealt to P1xel7 [4s Jc]
*** PRE-FLOP *** 
P1xel7 folds
TergemS collected 60 from pot
*** SUMMARY ***
Total pot 60 | No rake
Seat 1: TergemS (big blind) won 60


Winamax Poker - Tournament "Trident" buyIn: 0.90€ + 0.10€ level: 4 - HandId: #3253419941260427328-11-1710881595 - Holdem no limit (4/17/35) - 2024/03/19 20:53:15 UTC
Table: 'Trident(757495859)#0063' 3-max (real money) Seat #1 is the button
Seat 1: TergemS (2249, 1.11€ bounty)
Seat 3: P1xel7 (339, 0.45€ bounty)
*** ANTE/BLINDS ***
TergemS posts ante 4
P1xel7 posts ante 4
TergemS posts small blind 17
P1xel7 posts big blind 35
Dealt to P1xel7 [Jd 7h]
*** PRE-FLOP *** 
TergemS calls 18
P1xel7 checks
*** FLOP *** [Jc 6d 6c]
P1xel7 bets 39
TergemS calls 39
*** TURN *** [Jc 6d 6c][Kh]
P1xel7 checks
TergemS bets 125
P1xel7 calls 125
*** RIVER *** [Jc 6d 6c Kh][Ac]
P1xel7 checks
TergemS bets 2046 and is all-in
P1xel7 folds
TergemS collected 2452 from pot
*** SUMMARY ***
Total pot 2452 | No rake
Board: [Jc 6d 6c Kh Ac]
Seat 1: TergemS (small blind) (button) won 2452


Winamax Poker - Tournament "Trident" buyIn: 0.90€ + 0.10€ level: 4 - HandId: #3253419941260427328-12-1710881664 - Holdem no limit (4/17/35) - 2024/03/19 20:54:24 UTC
Table: 'Trident(757495859)#0063' 3-max (real money) Seat #3 is the button
Seat 1: TergemS (2452, 1.11€ bounty)
Seat 2: Mack9 2.0 (500, 0.45€ bounty)
Seat 3: P1xel7 (136, 0.45€ bounty)
*** ANTE/BLINDS ***
P1xel7 posts ante 4
TergemS posts ante 4
P1xel7 posts small blind 17
TergemS posts big blind 35
Dealt to P1xel7 [Jh 6d]
*** PRE-FLOP *** 
P1xel7 folds
TergemS collected 60 from pot
*** SUMMARY ***
Total pot 60 | No rake
Seat 1: TergemS (big blind) won 60


Winamax Poker - Tournament "Trident" buyIn: 0.90€ + 0.10€ level: 4 - HandId: #3253419941260427328-13-1710881668 - Holdem no limit (4/17/35) - 2024/03/19 20:54:28 UTC
Table: 'Trident(757495859)#0063' 3-max (real money) Seat #3 is the button
Seat 1: TergemS (2473, 1.11€ bounty)
Seat 2: Mack9 2.0 (500, 0.45€ bounty)
Seat 3: P1xel7 (115, 0.45€ bounty)
*** ANTE/BLINDS ***
TergemS posts ante 4
Mack9 2.0 posts ante 4
P1xel7 posts ante 4
TergemS posts small blind 17
Mack9 2.0 posts big blind 35
Dealt to P1xel7 [Kc 2s]
*** PRE-FLOP *** 
P1xel7 raises 76 to 111 and is all-in
TergemS calls 94
Mack9 2.0 calls 76
*** FLOP *** [Ad 3d Qc]
TergemS checks
Mack9 2.0 bets 385 and is all-in
TergemS folds
*** TURN *** [Ad 3d Qc][8d]
*** RIVER *** [Ad 3d Qc 8d][4c]
*** SHOW DOWN ***
P1xel7 shows [Kc 2s] (High card : Ace)
Mack9 2.0 shows [Jd 4d] (Flush Ace high)
Mack9 2.0 collected 730 from pot
*** SUMMARY ***
Total pot 730 | No rake
Board: [Ad 3d Qc 8d 4c]
Seat 2: Mack9 2.0 (big blind) showed [Jd 4d] and won 730 with Flush Ace high
Seat 3: P1xel7 (button) showed [Kc 2s] and lost with High card : Ace


Winamax Poker - Tournament "Trident" buyIn: 0.90€ + 0.10€ level: 4 - HandId: #3253419941260427301-18-1710881693 - Holdem no limit (4/17/35) - 2024/03/19 20:54:53 UTC
Table: 'Trident(757495859)#0036' 3-max (real money) Seat #1 is the button
Seat 1: OhlaBelle (1344, 0.67€ bounty)
Seat 2: bisbi3 (1156, 0.89€ bounty)
Seat 3: P1xel7 (500, 0.45€ bounty)
*** ANTE/BLINDS ***
bisbi3 posts ante 4
P1xel7 posts ante 4
OhlaBelle posts ante 4
bisbi3 posts small blind 17
P1xel7 posts big blind 35
Dealt to P1xel7 [2h 3c]
*** PRE-FLOP *** 
OhlaBelle folds
bisbi3 calls 18
P1xel7 checks
*** FLOP *** [Tc 4h 7s]
bisbi3 checks
P1xel7 bets 51
bisbi3 calls 51
*** TURN *** [Tc 4h 7s][8d]
bisbi3 checks
P1xel7 bets 85
bisbi3 raises 85 to 170
P1xel7 folds
bisbi3 collected 439 from pot
*** SUMMARY ***
Total pot 439 | No rake
Board: [Tc 4h 7s 8d]
Seat 2: bisbi3 (small blind) won 439


Winamax Poker - Tournament "Trident" buyIn: 0.90€ + 0.10€ level: 5 - HandId: #3253419941260427301-19-1710882061 - Holdem no limit (5/20/40) - 2024/03/19 21:01:01 UTC
Table: 'Trident(757495859)#0036' 3-max (real money) Seat #2 is the button
Seat 1: OhlaBelle (1340, 0.67€ bounty)
Seat 2: bisbi3 (1335, 0.89€ bounty)
Seat 3: P1xel7 (325, 0.45€ bounty)
*** ANTE/BLINDS ***
P1xel7 posts ante 5
OhlaBelle posts ante 5
bisbi3 posts ante 5
P1xel7 posts small blind 20
OhlaBelle posts big blind 40
Dealt to P1xel7 [3h 9c]
*** PRE-FLOP *** 
bisbi3 folds
P1xel7 folds
OhlaBelle collected 75 from pot
*** SUMMARY ***
Total pot 75 | No rake
Seat 1: OhlaBelle (big blind) won 75


Winamax Poker - Tournament "Trident" buyIn: 0.90€ + 0.10€ level: 5 - HandId: #3253419941260427301-20-1710882079 - Holdem no limit (5/20/40) - 2024/03/19 21:01:19 UTC
Table: 'Trident(757495859)#0036' 3-max (real money) Seat #3 is the button
Seat 1: OhlaBelle (1370, 0.67€ bounty)
Seat 2: bisbi3 (1330, 0.89€ bounty)
Seat 3: P1xel7 (300, 0.45€ bounty)
*** ANTE/BLINDS ***
OhlaBelle posts ante 5
bisbi3 posts ante 5
P1xel7 posts ante 5
OhlaBelle posts small blind 20
bisbi3 posts big blind 40
Dealt to P1xel7 [Th Ah]
*** PRE-FLOP *** 
P1xel7 raises 255 to 295 and is all-in
OhlaBelle folds
bisbi3 calls 255
*** FLOP *** [5s Jd 2d]
*** TURN *** [5s Jd 2d][6h]
*** RIVER *** [5s Jd 2d 6h][8c]
*** SHOW DOWN ***
P1xel7 shows [Th Ah] (High card : Ace)
bisbi3 shows [2s 8s] (Two pairs : 8 and 2)
bisbi3 collected 625 from pot
*** SUMMARY ***
Total pot 625 | No rake
Board: [5s Jd 2d 6h 8c]
Seat 2: bisbi3 (big blind) showed [2s 8s] and won 625 with Two pairs : 8 and 2
Seat 3: P1xel7 (button) showed [Th Ah] and lost with High card : Ace


